2502 3810
670 274 713 302 IN
752 273 865 302 Am
904 272 1238 303 APOSTOIORUJI.

75 357 187 390 αὗται
205 353 274 391 Και
290 352 409 405 τέχναι
425 352 651 399 ἀπόΛ)υνται,
674 353 722 403 μὴ
740 353 942 404 κινουμένης
958 355 1090 405 ΙΙιυχῖἤς·

74 419 218 450 κινεῖται
236 413 272 451 δε
290 415 370 451 ὅταν
394 416 441 463 μὴ
459 414 574 451 πάντα
594 414 668 451 εὖθέ
672 430 692 451 α
712 418 758 465 ᾐ
781 420 928 452 κινεῖται
946 414 1011 466 γὰρ
1027 415 1094 452 ὑπὸ

74 490 141 511 των
161 474 334 511 ἐναντίων.
354 476 399 511 Εἰ
420 474 468 524 μὴ
489 474 542 520 εἴη
563 474 718 521 ἐναντία,
738 474 833 512 οὐδὲν
855 475 894 511 ἂν
915 474 966 521 εἴη
986 475 1026 512 τὸ
1041 490 1094 511 κι-

74 539 174 572 νοῦν·
197 538 287 582 οἱον,
308 537 336 572 εἰ
362 537 477 572 πάντα
504 539 545 581 ἦν
570 534 780 585 εἰργασμένα
809 537 944 581 καλῶς,
965 537 1026 572 οὐκ
1054 535 1094 571 ἂν

75 597 169 645 εὗρεν
186 597 208 639 ἦ
223 593 328 645 τέχνη
344 598 524 633 κινεῖσθαι.
542 594 647 632 Οὕτω
664 610 735 640 και,
748 596 806 632 *εἰ
819 595 935 633 πάντα
949 599 990 641 ἠν
1005 594 1096 632 κατὰ

75 658 153 691 νοῦν
167 657 266 704 ἡμῖν,
281 656 342 692 οὐκ
355 654 394 691 ἂν
409 649 504 708 εὗρεν
520 659 541 701 ἢ
555 655 650 707 ψυχὴ
662 659 831 693 κινεῖσθαι
845 671 852 678 ·
871 658 899 692 εἷ
914 659 1095 707 πανταχοῦ

77 715 341 763 διεὸαστάζετο,
363 716 470 762 ἀηδὴς
497 710 550 762 ἦν.
577 718 656 768 Οὐχ
675 719 775 768 ὁρᾷς,
797 715 850 753 ὅτι
875 716 933 753 καὶ
960 722 1097 768 τροφοῖς

77 776 403 827 παρακελευόμεθα,
423 776 471 827 μὴ
492 777 676 819 διαπαντὸς
694 777 877 827 βαστάζειν
898 777 941 814 τὰ
960 776 1097 822 παιδία,

85 837 100 850 (ν
222 836 229 850 x
275 839 285 851 ¹>
326 837 341 850 a!
450 839 459 850 2
494 837 501 848 x
658 843 679 851 ,ν
780 837 789 849 r
854 835 898 850 ar!
1036 838 1046 849 7
1079 835 1088 851 Χ

77 852 167 874 ωστε
189 853 236 886 μη
258 853 303 880 εις
323 840 394 881 εθος
423 853 510 875 αυτα
530 840 697 887 καθιστᾳν
710 867 720 884 ,
741 851 828 883 μητε
850 838 990 883 εςιτηλα
1010 851 1097 873 αυτα
1118 840 1142 871 C

78 903 208 942 ποιεῖν,
232 897 299 934 Διὰ
326 902 427 935 τοῦτο
453 897 497 934 τὰ
525 898 578 934 ἐπ’
599 897 717 948 ὄψεσιν
746 896 1010 947 ἀνατρεφόμενα
1028 899 1096 933 τῶν

76 957 222 1008 γονέων,
240 958 466 1009 ἀσθενέστερα
486 957 638 1008 γίνεται,
659 959 722 1001 τῆς
747 957 883 1007 φειδοῦς
907 958 969 1000 τῆς
997 955 1098 993 ἀκαί-

82 1035 138 1071 ρου
158 1035 194 1056 τε
216 1019 274 1056 καὶ
295 1019 446 1071 ἀμέτρου
465 1016 720 1067 λυμαινομένης
741 1019 851 1054 αὐτῶν
869 1016 931 1062 τὴν
948 1016 1094 1067 ὑγίειαν.

78 1079 194 1116 Καλὸν
210 1079 267 1116 καὶ
282 1078 373 1124 λύπη
389 1078 585 1128 σύμμετρος
596 1107 605 1123 ,
625 1076 729 1114 καλὸν
748 1076 806 1114 καὶ
823 1076 972 1128 φροντὶς,
991 1077 1096 1114 καλὸν

76 1139 133 1175 καὶ
163 1140 273 1176 ἔνδεια
290 1155 297 1161 ·
315 1137 474 1189 ἰσχυροὺς
503 1138 570 1188 γὰρ
596 1139 690 1185 ἡμᾶς
718 1142 810 1174 ποιεῖ
839 1136 932 1174 καλὰ
960 1136 1019 1174 καὶ
1051 1136 1095 1174 τὰ

73 1199 211 1236 ἐναντία
224 1215 232 1221 ·
248 1198 392 1236 ἕκαστον
411 1197 478 1250 γὰρ
496 1199 607 1234 αὐτῶν
624 1196 772 1248 ἄμετρον
784 1197 966 1249 γενόμενον
984 1197 1095 1236 ἀπόλ-

73 1261 168 1305 λυσι,
196 1259 256 1297 καὶ
276 1258 316 1296 τὸ
344 1257 405 1308 μὲν
435 1263 576 1309 χαυνοῖ,
599 1256 638 1293 τὸ
666 1256 702 1295 δὲ
729 1258 986 1309 διαρρἤγνυσιν.
1018 1260 1097 1310 Οὐχ

73 1324 166 1371 ὁρᾷς,
182 1319 234 1357 ὅτι
264 1319 323 1356 καὶ
349 1317 428 1361 τοὺς
457 1320 560 1355 αὐτοῦ
584 1316 742 1367 μαθητὰς
770 1321 787 1355 ὃ
812 1318 963 1370 Χριστὸς
990 1318 1097 1362 οὕτως

74 1381 207 1432 ἐνάγει,
226 1382 268 1418 Εἰ
301 1381 424 1418 ἐκεῖνοι
446 1378 482 1417 δὲ
501 1379 630 1416 τούτων
652 1378 804 1426 ἐδέοντο,
824 1380 943 1432 πολλῷ
968 1381 1098 1430 μᾶλλον

74 1445 174 1493 ἡμεῖς

74 1503 254 1555 χαίρωμεν
274 1502 330 1540 ἐπὶ
350 1508 424 1545 ταῖς
441 1501 576 1552 Θλίψεσι
592 1517 599 1523 ·
621 1500 790 1553 φάρμακα
808 1500 876 1553 γὰρ
894 1502 1005 1540 ταῦτά
1025 1504 1098 1540 ἔστι

182 1473 187 1478 .
213 1444 256 1480 Εἰ
286 1441 320 1478 δὲ
349 1441 516 1491 δεόμεθα,
536 1439 584 1490 μὴ
617 1442 888 1491 ἀγανακτῶμεν,
920 1441 1010 1479 ἀλλὰ
1040 1441 1099 1479 καὶ

75 1563 279 1610 κατάλληλα
300 1569 370 1605 τοῖς
391 1561 573 1612 ἡμετέροις
591 1560 784 1614 τραύμασι,
813 1561 858 1599 τὰ
886 1561 947 1611 μὲν
975 1563 1098 1614 πικρὰ,

74 1624 146 1662 ’Ἱτὰ
166 1623 201 1662 δὲ
229 1624 337 1670 ἡδέα·
359 1623 522 1675 ἑκάτερον
549 1621 583 1660 δὲ
610 1624 722 1659 αὐτῶν
749 1623 825 1660 καθ’
847 1622 950 1660 ἑαυτὸ
972 1623 1011 1661 ἂν
1046 1624 1097 1670 εἴη

77 1685 267 1736 ἄχρηστον.
285 1684 398 1736 Χάριν
416 1683 527 1721 τοίνυν
544 1683 682 1735 ἔχωμεν
699 1685 748 1734 τῷ
766 1684 847 1734 Θεῷ
864 1683 950 1735 ὑπὲρ
970 1684 1098 1722 τούτων

77 1745 238 1784 ἁπάντων
256 1762 263 1768 ·
287 1747 323 1783 οὐ
352 1745 419 1797 γὰρ
440 1745 560 1786 ἁπλῶς
587 1749 696 1782 ταῦτα
727 1750 903 1795 συγχωρεῖ
923 1744 1099 1796 γίνεσθαι,

78 1809 154 1844 ἀλλ’
185 1806 272 1859 ὑπὲρ
300 1811 358 1844 τοῦ
392 1805 624 1858 συμφέροντος
647 1808 716 1843 τῶν
747 1805 929 1857 ἡμετέρων
961 1808 1095 1858 ψυχῶν.

76 1867 152 1914 Τὴν
177 1866 351 1920 ἡμετέραν
370 1867 482 1904 τοίνυν
513 1865 775 1917 εὐγνωμοσύνην
803 1867 1099 1917 ἐπιδεικνύμενοι,

78 1930 359 1980 εὖχαριστῶμεν,
385 1927 601 1977 δοξάζωμεν,
620 1926 786 1978 γενναίως
815 1927 1037 1979 ἀντέχωμεν,
1062 1929 1101 1967 τὸ

76 1988 286 2041 πρόσκαιρον
307 1990 417 2026 αὐτῶν
437 1987 671 2039 λογιζόμενοι,
688 1988 747 2025 καὶ
766 1987 850 2039 πρὸς
866 1988 910 2026 τὰ
931 1989 1102 2039 μέλλοντα

76 2049 244 2091 τείνοντες
269 2051 399 2086 ἑαυτῶν
419 2048 482 2095 τὴν
503 2048 674 2093 διάνοιαν,
696 2048 752 2086 ἵνα
780 2048 840 2086 καὶ
870 2048 913 2086 τὰ
943 2049 1100 2101 παρόντα

77 2109 234 2161 ὶ’κούφως
245 2109 382 2160 ἐνέγκω
377 2125 451 2157 αεν,
463 2110 522 2147 καὶ
533 2125 600 2147 των
617 2109 839 2160 μελ)όντων’
825 2116 1001 2162 επιτυχεῖν
1017 2113 1102 2161 ἀγα

78 2173 145 2208 Οῶν
177 2169 445 2219 καταξιωθωμεν
473 2201 483 2218 ,
512 2186 632 2222 χαριτι
666 2171 726 2208 καὶ
757 2170 1000 2224 φιλανθρωπίᾳ
1041 2187 1101 2211 του

78 2234 292 2281 Μονογενοῧς
316 2247 460 2281 αυτου,
455 2234 528 2268 μεθ’
552 2235 589 2270 οὓ
609 2248 658 2269 τω
689 2231 849 2284 Πατρι
827 2245 901 2282 αμα
930 2235 979 2284 τῷ
1008 2232 1097 2285 ἁγίῳ

77 2291 258 2342 Πνεύματι
285 2290 387 2338 δόξα,
408 2293 551 2343 κράτος,
570 2292 674 2343 τιμὴ,
707 2296 765 2330 νῦν
792 2309 851 2330 και
878 2292 948 2340 ἀει,
975 2309 1034 2332 και
1054 2296 1101 2337 εἷς

79 2351 159 2394 τοὺς
179 2354 306 2394 αἰῶνας
327 2354 396 2390 τῶν
418 2352 563 2390 αἰώνων.
584 2352 705 2404 Ἀμήν.

124 2474 140 2489 *
164 2471 292 2516 [Haec‚
308 2478 332 2507 εὶ
357 2478 510 2508 maara...
537 2479 692 2513 κινεῖσθαι,
711 2485 782 2517 quae
807 2475 840 2506 in
864 2474 1031 2510 Commel.
1054 2484 1087 2508 et

79 2524 200 2555 Montf.
219 2523 462 2564 desiderantur,
482 2524 703 2567 supplevimus
720 2537 736 2557 e
750 2526 860 2558 Codd.
880 2535 913 2559 et
927 2527 1048 2571 savit]

124 2587 137 2602 ἢ
163 2582 201 2609 τὰ
217 2579 247 2609 δὲ
264 2582 364 2618 ἥμερα
375 2587 382 2594 ·
400 2580 552 2621 ἑκάτερον,
569 2579 615 2609 sic
631 2576 719 2609 idem
735 2577 861 2611 Codex.

126 2628 142 2650 ¹³
166 2627 244 2668 [Sic
267 2625 419 2660 Codices.
442 2627 543 2668 Quod
565 2627 734 2672 legebatur
757 2636 908 2673 γενναίως,
923 2641 964 2663 ex
990 2642 1086 2674 supe-

1280 275 1435 305 uomL.
1475 276 1566 305 [ιν.
2058 266 2150 325 447

1163 355 1191 392 si
1211 355 1329 393 omnia
1348 366 1460 394 essent
1478 356 1628 408 pulchre
1642 357 1746 406 facta,
1763 370 1830 394 non
1851 357 2026 397 inveniret
2039 373 2096 396 ars
2113 359 2151 396 in

1162 429 1231 465 quo
1254 426 1464 455 moveretur.
1482 417 1541 455 Sic
1559 417 1588 455 si
1604 418 1723 455 omnia
1742 428 1855 456 essent
1869 420 1976 470 juxta
1997 428 2149 457 mentem

1163 484 1332 524 nostram,
1351 490 1420 514 non
1436 477 1609 516 inveniret
1628 479 1760 528 anima,
1783 493 1853 529 quo
1873 489 2076 518 moveretur
2092 495 2099 515 :
2118 479 2148 517 si

1164 536 1294 586 ubique
1325 546 1530 587 gestaretur,
1557 537 1698 589 ingrata
1728 548 1829 577 esset.
1852 541 1931 577 Non
1960 540 2061 578 vides
2088 554 2150 578 nos

1165 597 1319 635 nutrices
1335 598 1460 650 jubere
1481 613 1549 637 non
1568 614 1703 652 semper
1720 600 1869 639 infantes
1889 611 2038 653 gestare,
2055 616 2098 639 ne
2112 602 2148 639 in

1166 658 1256 695 hanc
1285 659 1573 697 consuetudinem
1604 660 1779 698 deducant
1794 691 1806 710 ,
1839 676 1927 700 neve
1955 662 2150 700 imbecilles

1166 718 1277 756 fiant?
1296 719 1380 757 Ideo
1393 719 1455 770 qui
1476 720 1512 758 in
1530 731 1717 772 conspectu
1738 732 1924 773 parentum
1939 723 2151 771 educantur,

1166 778 1379 816 infirmiores
1398 789 1481 816 sunt
1493 810 1502 827 ,
1522 795 1562 817 eo
1581 780 1676 830 quod
1695 781 1942 832 intempestiva
1961 792 1994 820 et
2023 783 2152 820 immo-

1167 839 1286 877 derata
1303 854 1387 877 eura
1401 840 1547 877 illorum
1558 840 1799 878 valetudinem
1810 843 2022 893 pessumdet.
2034 844 2154 881 Bonus

1167 909 1218 936 est
1231 899 1339 937 dolor
1354 900 1568 948 moderatus,
1581 901 1675 937 bona
1691 914 1788 948 eura,
1800 902 1893 938 bona
1907 903 1988 940 talis
2004 912 2152 953 egestas:

1168 959 1274 996 fortes
1284 960 1378 997 enim
1390 974 1452 997 nos
1469 959 1624 997 reddunt
1632 975 1709 1010 quae
1720 961 1812 998 bona
1825 970 1857 998 et
1868 963 2043 999 contraria
2054 972 2153 1010 sunt;

1167 1018 1231 1056 sed
1249 1033 1371 1056 eorum
1389 1020 1527 1071 singula
1548 1020 1578 1057 si
1604 1020 1840 1058 immoderata
1866 1021 1955 1071 sint,
1978 1022 2152 1073 perdunt,

1168 1078 1337 1129 aliudque
1370 1080 1526 1127 emollit,
1558 1081 1658 1118 aliud
1685 1080 1874 1134 dirumpit.
1898 1084 2022 1121 Nonne
2052 1083 2156 1121 vides

1169 1141 1352 1179 Christum
1367 1142 1563 1194 discipulos
1581 1156 1662 1180 suos
1681 1143 1732 1180 sic
1751 1143 2007 1183 insffluerei'Si
2027 1145 2082 1182 illi
2098 1145 2155 1182 his

1168 1201 1338 1252 egebant,
1359 1203 1472 1240 multo
1491 1203 1604 1254 magis
1619 1217 1694 1241 nos.
1717 1204 1756 1242 Si
1778 1218 1840 1242 nos
1856 1219 2019 1256 egemus,
2038 1220 2080 1243 ne
2099 1205 2156 1243 in-

1169 1262 1369 1314 dignemur,
1383 1264 1445 1301 sed
1459 1264 1676 1316 gaudeamus
1697 1265 1731 1302 in
1752 1266 2068 1304 tribulationibus:
2087 1267 2156 1304 hu-

1166 1324 1325 1375 jusmodi
1343 1339 1493 1375 namque
1508 1326 1699 1378 pharmaca
1715 1335 1796 1364 sunt
1809 1328 1937 1365 nostris
1949 1327 2158 1366 vulneribus

1171 1385 1411 1436 congruentia,
1427 1386 1496 1423 alia
1510 1386 1653 1436 quidem
1669 1401 1804 1435 amara,
1819 1388 1889 1424 alia
1902 1402 1986 1425 vero
2000 1388 2154 1426 blanda:

1170 1455 1363 1497 utrumque
1380 1457 1497 1485 autem
1517 1448 1661 1485 illorum
1676 1478 1686 1497 ,
1711 1448 1740 1485 si
1761 1448 1875 1486 solum
1894 1449 2012 1499 fuerit,
2032 1450 2159 1487 inutile

1171 1517 1236 1546 est.
1255 1509 1420 1547 Gratiam
1435 1523 1516 1560 ergo
1532 1510 1607 1547 Deo
1624 1510 1817 1548 habeamus
1833 1510 1878 1548 de
1893 1511 1950 1549 his
1966 1512 2133 1550 omnibus
2148 1528 2155 1548 :

1170 1584 1240 1608 non
1267 1571 1361 1608 enim
1388 1571 1463 1608 sine
1488 1571 1694 1612 causahaec
1717 1571 1802 1609 sinit
1829 1571 2002 1623 accidere,
2026 1572 2087 1610 sed
2113 1573 2160 1611 ad

1171 1631 1363 1669 utilitatem
1386 1631 1586 1669 animarum
1600 1641 1812 1670 nostrarum.
1823 1634 1973 1670 Gratum
1989 1647 2072 1685 ergo
2086 1634 2158 1671 ani-

1171 1705 1271 1729 mum
1298 1692 1520 1741 exhibentes,
1552 1692 1683 1743 gratias
1712 1707 1871 1744 agamus,
1892 1694 2150 1745 glorificemus,

1171 1754 1310 1792 fortiter
1327 1754 1545 1803 resistamus,
1563 1763 1825 1806 temporaneam
1842 1770 1965 1793 eorum
1984 1756 2159 1794 rationem

1173 1814 1380 1865 cogitantes,
1395 1824 1429 1852 et
1442 1814 1488 1852 ad
1500 1815 1619 1852 futura
1633 1825 1785 1853 mentem
1799 1825 1952 1853 nostram
1967 1816 2157 1854 extenden-

1172 1885 1237 1925 tes,
1253 1885 1292 1913 ut
1304 1885 1336 1913 et
1349 1876 1535 1928 praesentia
1554 1876 1691 1914 fortiter
1702 1877 1868 1926 feramus,
1883 1886 1916 1914 et
1931 1878 2050 1915 futura
2066 1878 2158 1915 bona

1172 1938 1339 1988 consequi
1354 1937 1555 1988 dignemur,
1571 1938 1683 1989 gratia
1700 1947 1733 1975 et
1743 1938 1963 1990 benignitate
1970 1939 2156 1991 Unigeniti

1172 1999 1262 2050 ejus,
1279 1999 1425 2048 quicum
1451 1999 1547 2036 Patri
1567 2008 1600 2036 et
1624 1999 1773 2051 Spiritui
1794 2009 1911 2037 sancto
1935 2000 2060 2051 gloria,
2087 2001 2156 2038 im-

1172 2060 1324 2111 perium,
1339 2059 1463 2107 honor,
1478 2073 1572 2098 nunc
1584 2068 1617 2098 et
1635 2074 1786 2113 semper,
1798 2070 1831 2099 et
1845 2061 1881 2098 in
1898 2061 2026 2099 saecula
2041 2075 2153 2099 saecu-

1172 2120 1303 2158 lorum.
1323 2121 1447 2158 Amen.

1152 2477 1295 2510 rioribus
1317 2475 1370 2509 hic
1396 2479 1572 2519 repetitum
1597 2477 1739 2511 videtur.
1755 2479 1920 2512 caeterum
1945 2479 2158 2524 doxologiam

1152 2528 1344 2562 exhibemus
1357 2529 1539 2561 secundum
1557 2529 1691 2562 eosdem
1704 2530 1858 2566 Codices.
1881 2530 1970 2563 Edit}
1987 2538 2091 2576 χάριτι
2107 2540 2159 2567 τοῦ

1153 2587 1259 2625 Κυρίου
1277 2587 1359 2624 ἡμῶν
1375 2581 1397 2615 i·
1418 2591 1455 2615 X.
1471 2583 1493 2624 ᾧ
1509 2587 1526 2620 ἡ
1544 2585 1613 2621 δόξα
1629 2587 1677 2616 καὶ
1692 2588 1726 2617 τὸ
1740 2589 1860 2628 κράτος,
1879 2589 1917 2621 εἰς
1934 2587 1999 2622 τοὺς
2012 2599 2038 2616 κ.
2058 2600 2086 2618 τ.
2111 2586 2157 2626 )..]
