2502 3810
682 246 726 275 IN

113 331 171 368 καὶ
190 330 345 376 ὀκνεῖτε,
364 328 423 366 καὶ
444 329 475 365 οἱ
503 327 563 378 μὲν
584 328 660 365 οὐδὲ
681 328 935 381 παραγίνεσθε,
954 330 984 365 οἳ
1011 326 1047 365 δὲ
1067 342 1133 364 πα-

115 389 332 441 ραγινόμενοι
354 387 448 426 οὐδὲν
476 387 581 425 πλέον
602 388 828 440 κερδάναντες
856 389 959 427 ἄπιτε
976 403 983 411 ·
1010 386 1044 424 τί
1071 388 1133 424 οὐκ

114 451 154 487 ἂν
186 449 397 494 ἐποιήσατε,
426 451 455 486 εἷ
488 450 642 499 συνεχῶς
669 453 769 487 τοῦτο
799 449 1034 501 ἐπράττομεν,
1059 447 1135 485 “Ti

113 510 323 559 ποιήσομεν,
341 508 472 547 Πολλοὶ
489 503 550 546 οἷδ’
570 508 622 546 ὅτι
639 510 697 546 καὶ
714 508 931 561 διασύρουσιν
949 512 1061 557 ἡμᾶς,
1078 507 1135 545 διὰ

115 571 154 608 τὸ
173 570 252 621 περὶ
266 572 335 607 τῶν
365 571 477 607 αὐτῶν
497 568 549 606 ἀεὶ
576 568 814 620 διαλέγεσθαι·
835 569 924 607 οὕτω
946 568 1136 619 γεγόναμεν

119 635 336 684 προσκορεῖς.
358 630 471 667 Αἴτιοι
493 629 526 668 δὲ
543 629 663 667 τούτου
681 633 745 681 οὐχ
759 633 880 680 ἡμεῖς,
900 631 975 668 ἀλλ’
994 629 1089 666 αὐτοὶ
1108 631 1138 666 οἱ

118 691 310 733 ἀκούοντες.
327 690 370 728 Ὁ
393 690 452 741 μὲν
473 690 541 742 γὰρ
566 694 758 743 κατορθῶν,
781 690 833 728 ἀεὶ
850 690 965 742 χαίρει
987 689 1030 727 τὰ
1052 689 1138 727 αὐτὰ

121 751 266 799 ἀκούων,
286 751 404 803 ὥσπερ
423 751 604 802 ἐγκωμίων
623 752 725 789 αὐτοῦ
750 751 945 801 λεγομένων
960 766 968 773 ·
988 753 1005 788 ὃ
1033 749 1067 787 δὲ
1090 748 1138 799 μὴ

124 812 328 862 βουλόμενος
362 815 563 863 κατορθοῦν,
592 812 651 849 καὶ
682 813 897 863 ἐνοχλεῖσθαι
934 811 1048 857 δοκεῖ,
1076 809 1139 846 κᾶν

776 245 799 274 Α
807 243 891 275 ΕΤΛ
930 242 1250 273 APOSTOLORUM
1259 263 1267 273 .

2160 221 2180 243 Γ

1307 243 1461 274 nomin.
1501 242 1624 272 κων.
2093 223 2181 284 57ρ

1201 340 1337 378 eamus,
1359 340 1478 379 segnes
1501 327 1598 375 estis,
1622 332 1654 362 et
1682 323 1744 362 alii
1765 321 1908 374 quidem
1936 334 2007 359 non
2041 320 2182 369 venitis,

1201 386 1262 424 alii
1283 401 1367 425 vero
1387 387 1479 425 nihil
1499 386 1590 424 lucri
1609 385 1794 423 referentes
1814 380 2034 432 abitis:quid
2053 393 2122 417 non
2137 380 2188 417 fa-

1202 447 1338 494 ceretis,
1360 447 1389 485 si
1405 447 1623 497 frequentius
1642 445 1710 482 hoc
1734 442 1946 495 ageremus?
1965 441 2063 487 Quid
2079 440 2188 477 facie—

1203 508 1306 544 mus?
1324 507 1446 554 Multi,
1471 516 1510 544 ut
1530 507 1619 544 hene
1635 506 1740 550 novi,
1757 518 1820 542 nos
1839 502 2004 551 irrident,
2027 500 2126 552 quod
2145 499 2190 537 de

1203 566 1330 605 iisdem
1344 582 1482 619 semper
1501 580 1697 605 sermonem
1713 565 1928 603 habeamus:
1947 563 1995 600 ita
2010 575 2134 599 sumus
2153 560 2190 597 in

1201 627 1355 667 fastidio.
1377 628 1493 680 Hujus
1507 636 1624 664 autem
1638 627 1688 663 rei
1705 639 1773 662 non
1792 638 1855 662 nos
1872 623 1910 661 in
1929 636 2034 660 causa
2053 634 2190 667 sumus,

1205 689 1266 726 sed
1293 687 1483 725 auditores.
1501 688 1593 724 Nam
1611 686 1673 736 qui
1692 686 1780 722 bene
1799 684 1886 735 agit,
1910 696 2047 734 semper
2063 680 2194 733 gaudet

1206 748 1329 786 eadem
1342 748 1418 799 ipsa
1434 746 1597 795 audiens,
1614 759 1654 782 ac
1668 745 1697 782 si
1711 743 1834 781 laudes
1855 757 1936 780 suas
1954 742 2092 779 audiret
2106 755 2115 777 t
2133 741 2195 791 qui

1206 821 1290 846 vero
1308 821 1379 844 non
1395 806 1476 844 vult
1495 813 1587 842 recte
1606 816 1720 853 agere,
1748 803 1908 840 molestia
1928 816 1963 839 se
1982 801 2103 852 impeti
2122 815 2194 851 pu-

122 873 275 924 δεύτερον
294 873 423 923 ἀκούσῃ
455 872 569 922 μόνον,
588 871 756 913 πολλάκις
783 872 874 908 δοκεῖ
895 869 1043 908 ἀκούειν.
1064 871 1142 907 Κα-
1162 876 1184 906 C
1209 876 1273 916 tat,
1291 876 1325 904 et
1342 866 1372 903 si
1392 865 1447 902 bis
1465 864 1581 901 solum
1599 862 1733 909 audiat,
1755 862 1882 912 saepius
1898 861 2039 898 audisse
2058 859 2126 897 sibi
2143 859 2198 898 vi·

120 934 221 986 θαρὸς
241 933 308 983 ἐγὼ
328 933 395 970 ἀπὸ
409 936 467 969 τοῦ
488 931 634 981 αἵματος
651 931 802 974 πάντων,
821 928 917 981 φησί,

176 996 288 1031 Τοῦτο
317 991 450 1043 Παύλῳ
470 990 532 1040 μὲν
558 990 732 1041 ’ἥρμοττεν
753 991 862 1026 εἰπεῖν
878 1017 888 1034 ,
919 991 1020 1037 ἡμεῖς
1044 985 1080 1024 δὲ
1106 988 1143 1024 οὐ

124 1055 309 1103 τολμῶμεν
343 1057 443 1089 τοῦτο
471 1053 578 1087 εἰπεῖν
594 1079 605 1096 ,
639 1049 745 1099 μυρία
779 1047 970 1091 συνειδότες
1001 1049 1143 1089 ἑαυτοῖς.

123 1113 252 1164 Διόπερ
269 1111 387 1161 ἐκείνῳ
402 1113 451 1162 τῷ
469 1110 654 1151 διαπαντὸς
671 1110 904 1158 ἀγρυπνοῦντι
918 1107 979 1145 καὶ
996 1108 1146 1158 ἐφεστῶ-

126 1189 173 1221 τι,
195 1166 253 1222 τῷ’”
265 1171 379 1208 πάντα
397 1168 481 1220 ὑπὲρ
500 1171 561 1213 τῆς
579 1167 752 1219 σωτηρίας
768 1170 836 1205 τῶν
858 1165 1146 1218 μαθητευομένων

126 1231 344 1281 ὑπομένοντι,
359 1229 511 1280 ἥρμοττε
523 1229 647 1279 λέγειν·
662 1232 762 1278 ἡμεῖς
780 1228 864 1266 δὲτὸ
879 1227 1034 1271 Μωσέως
1051 1229 1149 1278 ἐροῦ-

129 1307 204 1341 μεν,
223 1290 277 1329 ὅτι
301 1289 472 1342 Ὠργίσθη
498 1305 556 1340 μοι
580 1288 707 1340 Κύριος
724 1290 766 1326 δι’
787 1292 887 1339 ὑμᾶς,
902 1287 956 1326 ὅτι
975 1289 1022 1330 εἷς
1037 1286 1152 1325 πολλὰ

129 1352 371 1403 ἁμαρτήματα
398 1350 571 1402 προάγετε
606 1350 665 1387 καὶ
692 1353 797 1400 ἡμᾶς.
830 1347 945 1387 εὈταν
973 1348 1039 1401 γὰρ
1067 1350 1149 1386 ἀθυ-

132 1415 252 1463 μῶμεν
283 1416 426 1463 ὁρῶντες
455 1415 543 1461 ὑμᾶς
570 1413 607 1449 οὐ
625 1411 887 1464 προκόπτοντας
901 1440 910 1457 ,
930 1412 967 1449 οὐ
988 1411 1027 1449 τὸ
1045 1410 1148 1449 πλέον

129 1478 214 1523 ἡμῖν
238 1476 299 1519 τῆς
319 1473 435 1524 ἰσχύος
455 1473 690 1520 καταπίπτει;
712 1471 865 1524 Τινγὰρ,
893 1471 969 1510 εἶπέ
995 1488 1076 1522 μοι,
1096 1472 1152 1523 γε’·

1207 925 1323 965 detur.
1338 924 1509 961 Mundus
1522 936 1620 968 suriz,
1633 921 1762 971 inquit,
1775 934 1799 958 a
1810 922 1998 970 sanguine
2014 922 2197 957 omnium.

1260 989 1301 1024 4.
1324 987 1401 1024 Hoc
1421 985 1541 1023 dicere
1558 984 1671 1022 Paulo
1688 981 1907 1034 competebat
1920 996 1931 1029 ;
1944 994 2008 1018 nos
2028 989 2146 1017 autem
2162 980 2200 1017 id

1208 1048 1366 1101 proferre
1397 1061 1468 1086 non
1504 1045 1694 1094 audemus,
1733 1043 1830 1094 quod
1870 1041 2066 1079 multorum
2099 1041 2202 1078 nobis

1213 1108 1343 1149 conscii
1362 1108 1486 1146 simus.
1504 1107 1571 1144 Ille
1588 1105 1724 1156 quippe
1742 1103 1804 1154 qui
1825 1116 1963 1154 semper
1981 1101 2156 1152 vigilabat
2171 1110 2205 1139 et

1214 1168 1389 1216 adstabat,
1404 1167 1465 1218 qui
1481 1165 1597 1205 omnia
1617 1179 1681 1217 pro
1695 1164 1808 1202 salute
1826 1162 2086 1214 discipulorum
2100 1161 2205 1199 susti-

1215 1230 1334 1279 nebat,
1357 1229 1396 1267 id
1419 1236 1653 1279 congruenter
1680 1225 1797 1263 dicere
1827 1232 1984 1277 poterat;
2004 1237 2067 1261 nos
2087 1231 2207 1260 autem

1215 1290 1307 1329 illud
1328 1289 1469 1342 Moysis
1483 1289 1642 1327 dicemus
1658 1302 1666 1323 τ
1685 1289 1813 1324 Iratus
1829 1294 1884 1324 est
1899 1286 1995 1322 milii
2014 1285 2207 1322 Dominus
2222 1293 2405 1323 Deut.3.26.

1215 1359 1370 1404 propter
1388 1364 1474 1396 vos,
1501 1351 1595 1402 quia
1623 1350 1663 1385 in
1684 1347 1808 1384 multa
1829 1352 1992 1397 peccata
2012 1345 2208 1383 adducitis

1217 1416 1336 1452 etiam
1361 1424 1443 1449 nos.
1475 1411 1568 1448 Cum
1588 1417 1707 1447 autem
1727 1407 1846 1445 animo
1868 1405 2055 1443 deficimus
2075 1405 2208 1444 viden-

1217 1483 1268 1513 tes
1289 1487 1351 1513 vos
1379 1471 1471 1510 nihil
1491 1470 1678 1523 proficere,
1701 1482 1818 1506 annon
1838 1468 1952 1519 major
1971 1480 2053 1518 pars
2071 1466 2208 1505 virium

130 1549 249 1585 γονεν;
279 1533 367 1571 Ἰδοὺ
401 1537 443 1584 τῇ
475 1533 596 1586 χάριτι
626 1537 686 1571 τοῦ
717 1535 808 1571 Θεοῦ
834 1533 894 1570 καὶ
913 1536 1015 1583 ἡμεῖς
1033 1533 1152 1570 λοιπὸν
1172 1544 1196 1575 D
1220 1545 1421 1574 nostrarum
1455 1532 1640 1572 concidit?
1662 1530 1762 1577 Quid
1791 1529 1900 1579 enim,
1923 1541 2056 1579 quaeso,
2077 1528 2209 1564 sactum
2254 1532 2413 1559 Pertrien-

129 1593 280 1646 τριετίαν
302 1594 427 1644 ἔχομεν
448 1624 457 1641 ,
486 1593 593 1631 νύκτα
618 1593 678 1644 μὲν
696 1593 755 1631 καὶ
776 1592 910 1643 ἡμέραν
931 1595 969 1631 οὐ
988 1609 1155 1645 παρακα-

130 1657 291 1701 λοῦντες,
320 1653 376 1691 διὰ
400 1656 505 1706 τριῶν
536 1654 571 1692 δὲ
597 1654 769 1696 πολλάκις
794 1653 976 1705 ἡμερῶνῆ
1001 1655 1044 1691 δι’
1067 1655 1155 1691 ἑπτὰ

133 1720 233 1753 τοῦτο
249 1718 438 1757 ποιοῦντες.
466 1714 513 1752 Τί
529 1714 647 1767 γέγονε
662 1714 766 1752 πλέον
782 1731 790 1763 3
812 1715 1065 1765 Ἔγκαλοῦμεν,
1082 1717 1156 1753 ἐπι-

135 1778 311 1825 τιμῶμεν,
335 1774 541 1826 δακρύομεν,
560 1774 773 1826 ὀδυνώμεθα,
793 1777 822 1812 εἰ
840 1775 900 1813 καὶ
921 1774 969 1825 μὴ
991 1778 1157 1828 φανερῶς,

137 1835 226 1874 ἀλλὰ
242 1835 334 1873 κατὰ
345 1835 502 1887 καρδίαν.
520 1836 662 1874 Ἐκεῖνα
677 1835 711 1874 δὲ
727 1835 815 1873 πολὺ
829 1835 957 1874 τούτων
971 1835 1015 1873 τὰ
1028 1836 1160 1890 δάκρυα

138 1896 350 1948 κουφότεροι·
377 1899 488 1933 ταῦτα
518 1895 579 1946 μὲν
600 1896 667 1949 γὰρ
692 1896 787 1949 φέρει
803 1896 882 1934 τινὰ
900 1902 971 1939 τοῖς
992 1898 1161 1947 ἀθυμοῦσι

142 1957 379 2009 παραμυθίαν,
400 1958 514 1994 ἐκεῖνα
535 1956 570 1995 δὲ
595 1957 702 2004 αὐτὴν
727 1957 888 1996 ἐπιτείνει
909 1958 968 1996 καὶ
990 1957 1006 1978 ¹'
1020 1958 1162 2010 συσφίγ-

139 2034 205 2069 γει.
228 2017 331 2056 Οὕτω
359 2017 418 2055 καὶ
445 2017 526 2056 ὅταν
542 2019 576 2055 ἐν
594 2018 724 2069 ἀθυμίᾳ
739 2035 792 2062 τις
808 2013 830 2070 ᾗ
847 2049 855 2066 ,
876 2018 934 2055 καὶ
953 2018 1000 2069 μὴ
1019 2018 1160 2066 δύνηται

139 2078 327 2128 ἐξενεγκεῖν
357 2078 419 2124 τὴν
452 2078 653 2130 ἀλγηδόνα,
685 2078 775 2117 ὥστε
798 2078 845 2129 μὴ
875 2078 968 2123 δόξαι
989 2079 1161 2124 κενόδοξος

141 2142 253 2185 εἶναι,
284 2138 423 2188 μείζονα
450 2139 518 2191 ἄρα
545 2139 687 2192 πάσχει,
713 2139 734 2185 ἢ
758 2139 797 2176 ἂν
816 2139 946 2186 ταύτην
969 2139 1159 2191 ἐξήνεγκεν.

146 2201 191 2236 Εἰ
222 2199 270 2246 μή
300 2198 344 2249 μέ
373 2215 423 2242 τις
451 2199 563 2251 ἔκρινε
581 2200 780 2250 φιλοτιμίας
801 2202 988 2252 περιττῆς,
1018 2194 1102 2243 εἶδες
1119 2200 1159 2238 ἂν

140 2259 218 2296 καθ’
234 2259 382 2305 ἑκάστην
399 2259 534 2310 ἡμέραν
548 2260 663 2311 πηγὰς
680 2260 836 2311 δακρύων
852 2260 994 2312 ἀφιέντα
1006 2277 1014 2284 ·
1031 2261 1159 2304 ταύτας

141 2319 178 2357 δέ
199 2335 256 2369 μοι
278 2319 430 2356 σύνοιδεν
451 2322 468 2356 ὁ
482 2319 633 2363 οἷκίσκος
654 2321 713 2357 καὶ
732 2324 753 2366 ἡ
778 2319 919 2373 ἐρημία.
939 2321 1160 2360 Πιστεύσατε

140 2380 208 2431 γάρ
228 2394 310 2429 μοι,
329 2383 391 2426 τῆς
412 2379 474 2429 μὲν
496 2381 646 2430 ἐμαυτοῦ
667 2381 841 2432 σωτηρίας
862 2382 1039 2432 ἀπέγνων,
1058 2381 1102 2420 τὰ
1123 2383 1158 2421 δὲ

139 2440 291 2491 ὑμέτερα
311 2442 461 2490 θρηνῶν,
488 2440 563 2478 οὐδὲ
584 2440 713 2492 σχολὴν
743 2441 814 2493 ἔχω
834 2442 878 2480 τὰ
898 2445 1047 2492 ἐμαυτοῦ
1066 2442 1159 2481 κακὰ

137 2505 296 2538 πενθεῖν·
332 2500 420 2538 οὕτω
447 2515 506 2550 μοι
534 2501 650 2539 πάντα
676 2505 772 2551 ὑμεῖς
800 2504 890 2541 ἐστε.
927 2503 1003 2541 Κᾶν
1023 2503 1157 2541 αἴσθω-

142 2577 206 2610 μαι
237 2561 452 2604 ἐπιδιδόντας
483 2565 596 2612 ὑμᾶς,
633 2564 696 2600 οὐκ
723 2563 930 2614 αἰσθάνομαι
961 2567 1030 2602 τῶν
1051 2567 1159 2614 ἐμαυ-

141 2626 201 2660 τοῦ
240 2624 357 2659 κακῶν
395 2621 463 2658 ὑπὸ
491 2624 552 2666 τῆς
585 2623 734 2668 ἡδονῆς·
772 2623 836 2661 κᾶν
870 2624 933 2662 ἴδω
963 2625 1010 2676 μὴ
1041 2626 1157 2662 ἐπιδι-

142 2682 282 2730 δόντας,
308 2682 377 2719 into
402 2685 464 2727 τῆς
491 2681 639 2732 ἀθυμίας
665 2683 771 2720 πάλιν
802 2685 1086 2736 παραπέμπομαι
1115 2686 1159 2723 τὰ

143 2743 234 2793 ἐμά·
279 2743 420 2794 φαιδρὸς
454 2741 517 2791 μὲν
547 2742 593 2779 ὢν
622 2742 680 2781 ἐπὶ
705 2749 775 2787 τοῖς
801 2745 978 2796 ὑμετέροις
1007 2749 1159 2796 ἀγαθοῖς,

1219 1597 1295 1638 est?
1318 1598 1408 1634 Ecce
1425 1609 1488 1647 per
1501 1593 1651 1645 gratiam
1662 1591 1729 1632 Dei
1741 1605 1802 1629 nos
1812 1603 1951 1641 quoque
1965 1589 2000 1626 in
2018 1588 2210 1626 triennium

1217 1658 1294 1710 jam
1314 1657 1500 1704 habemus,
1521 1667 1590 1692 non
1610 1652 1756 1704 quidem
1774 1660 1876 1690 nocte
1893 1659 1926 1688 et
1944 1649 2004 1687 die
2019 1649 2210 1697 hortantes,

1223 1717 1284 1755 sed
1299 1725 1378 1769 post
1393 1725 1462 1753 tres
1481 1728 1573 1766 saepe
1585 1713 1674 1761 dics,
1694 1712 1886 1763 aliquando
1903 1719 1982 1762 post
1993 1719 2127 1761 septem
2144 1710 2212 1747 hoc

1221 1777 1400 1815 facientes.
1419 1774 1519 1823 Quid
1538 1774 1693 1826 amplius
1709 1774 1842 1810 factum
1858 1781 1908 1809 cst
1920 1772 1936 1809 ἕ)
1950 1771 2209 1822 Objurgamus,

1225 1839 1467 1890 increpamus,
1486 1836 1729 1888 lacrymamur
1741 1863 1750 1883 ,
1770 1833 1952 1881 dolemus,
1973 1832 2037 1869 etsi
2061 1845 2130 1868 non
2147 1845 2212 1882 pa-

1226 1898 1311 1946 lam,
1332 1907 1369 1935 at
1388 1897 1423 1934 in
1455 1896 1571 1935 eorde.
1592 1895 1666 1933 Illae
1686 1903 1804 1932 autem
1830 1893 1998 1946 lacrymae
2024 1891 2080 1929 his
2099 1891 2215 1930 multo

1227 1961 1378 2000 leviores
1410 1969 1491 1999 sunt
1513 1976 1520 1997 t
1539 1960 1608 1998 illae
1640 1972 1793 2009 namque
1821 1957 1979 2007 aliquam
2012 1954 2215 1992 dolentibus

1226 2023 1378 2061 afferunt
1408 2021 1680 2060 consolationem
1696 2035 1707 2069 3
1723 2019 1778 2056 hae
1805 2032 1888 2057 vero
1910 2016 2067 2054 dolorem
2086 2024 2216 2066 augent

1228 2092 1260 2122 et
1278 2082 1534 2134 constringunt.
1550 2081 1609 2119 Sic
1628 2079 1771 2131 quando
1791 2079 1871 2129 quis
1889 2078 1925 2115 in
1942 2090 2091 2114 moerore
2104 2075 2215 2126 degit,

1227 2159 1291 2182 nec
1321 2152 1436 2196 potest
1468 2143 1628 2181 dolorem
1655 2142 1792 2189 efferre,
1819 2154 1861 2177 ne
1891 2138 2056 2178 videatur
2088 2150 2216 2175 vanam

1181 2217 1204 2246 E
1226 2204 1377 2255 gloriam
1395 2212 1578 2255 appetere,
1599 2202 1735 2253 majora
1753 2200 1910 2251 patitur,
1933 2212 2041 2249 quam
2060 2197 2090 2235 si
2111 2197 2217 2234 illum

1225 2267 1376 2304 efferret.
1395 2265 1473 2303 Nisi
1503 2264 1581 2314 quis
1602 2277 1657 2300 me
1684 2271 1824 2314 putaret
1852 2274 1977 2298 auram
1998 2257 2215 2310 superfluam

1226 2336 1382 2379 captare,
1402 2325 1563 2376 quotidie
1592 2339 1648 2362 me
1667 2323 1806 2363 videres
1831 2323 1943 2360 fontes
1971 2321 2216 2372 lacrymarum

1225 2386 1541 2426 emittere:barum
1569 2399 1654 2424 vero
1681 2383 1828 2421 consciae
1847 2391 1929 2420 sunt
1947 2380 2162 2418 domuncula
2182 2388 2216 2417 et

1225 2445 1392 2485 solitudo.
1414 2444 1556 2484 Credite
1571 2458 1724 2494 namque
1740 2443 1843 2491 mihi,
1867 2442 1911 2480 de
1934 2442 2046 2479 salute
2065 2454 2141 2477 mea
2155 2439 2215 2477 de-

1225 2507 1381 2559 speravi,
1403 2515 1436 2544 et
1456 2505 1544 2543 dum
1560 2513 1674 2543 vestra
1687 2505 1804 2555 lugeo,
1820 2517 1889 2540 non
1906 2511 2008 2540 vacat
2028 2501 2121 2538 mala
2139 2515 2214 2538 mea

1224 2566 1475 2619 plangerezsie
1492 2579 1557 2604 vos
1575 2564 1666 2602 mihi
1684 2564 1801 2602 omnia
1821 2563 1914 2600 estis.
1932 2562 1970 2600 Si
1987 2561 2135 2598 sentiam
2152 2575 2215 2600 vos

1226 2629 1262 2665 in
1282 2627 1414 2665 virtute
1440 2625 1581 2677 augeri,
1609 2639 1682 2676 prae
1710 2624 1893 2675 voluptate
1922 2622 2015 2660 mala
2047 2635 2123 2658 mea
2144 2635 2214 2659 non

1226 2688 1360 2738 sentio,
1384 2687 1438 2724 sin
1467 2686 1556 2724 nihil
1580 2684 1752 2736 proficere
1783 2683 1940 2730 videam,
1960 2696 2034 2733 prae
2066 2695 2215 2719 moerore

1227 2764 1369 2788 rursum
1396 2762 1473 2785 mea
1498 2747 1606 2785 missa
1638 2745 1750 2783 facio:
1766 2745 1867 2782 laetus
1886 2743 2030 2794 quidem
2050 2742 2215 2780 debonis

143 2804 208 2842 κᾶν
226 2803 332 2856 μυρία
349 2804 420 2854 ἔχω
434 2802 539 2849 δεινὰ,
558 2804 759 2854 σκυθρωπὸς
775 2803 810 2842 δὲ
825 2804 882 2842 ἐπὶ
896 2811 967 2869 *coifi
982 2806 1160 2858 ὑμετέροις
1170 2837 1217 2861 336
1229 2810 1368 2859 vestris,
1386 2810 1468 2847 licet
1489 2807 1587 2845 mille
1606 2805 1709 2843 malis
1730 2814 1894 2853 onustus;
1914 2812 2059 2841 moestus
2086 2802 2130 2840 de
2151 2803 2215 2841 tri-

142 2867 331 2914 λυπηροῖς,
362 2865 427 2902 κᾶν
457 2863 564 2916 μυρία
593 2879 652 2913 μθι
670 2864 926 2916 κατορθώματα
944 2871 980 2918 ᾗ·
1009 2867 1074 2912 Τίς
1093 2868 1160 2921 γὰρ
1182 2874 1208 2902 Α
1229 2872 1356 2916 stibus,
1379 2884 1456 2920 quae
1487 2867 1590 2906 vobis
1609 2865 1791 2915 accidunt,
1814 2864 1878 2902 etsi
1903 2864 2085 2901 innumera
2105 2873 2216 2901 essent

143 2926 241 2969 ἐλπὶς
262 2925 481 2975 διδασκάλῳ,
513 2928 572 2962 τοῦ
598 2924 760 2975 ποιμνίου
779 2925 1046 2978 διεφθαρμένου,
1077 2929 1162 2967 ποία

144 2985 236 3033 ζωὴ,
254 2990 268 3006 ²¹
280 2985 364 3024 ποία
382 2985 596 3037 προσδοκία,
616 2984 706 3035 μετὰ
722 2985 823 3028 ποίας
841 2986 1008 3032 στήσεται
1027 2990 1163 3040 παῤῥη-

144 3047 221 3089 σίας
238 3047 323 3097 πρὸς
350 3046 407 3084 τὸν
427 3046 544 3092 Θεόν;
568 3045 602 3083 τί
623 3048 711 3097 ἔρεῖ;
738 3048 867 3096 Θῶμεν
896 3047 976 3099 γὰρ,
1005 3047 1059 3086 ὅτι
1084 3049 1161 3088 οὐδὲ

145 3108 371 3156 ἐγκαλεῖται,
405 3106 481 3144 οὐδὲ
513 3106 633 3144 δίδωσι
664 3106 761 3152 δίκην
778 3137 788 3154 ,
818 3107 896 3144 ἀλλ’
919 3107 994 3146 ἔστι
1015 3110 1165 3162 καθαρὸς

146 3167 216 3204 ἀπὸ
230 3171 289 3204 τοῦ
308 3165 454 3216 αἵματος
469 3167 610 3205 πάντων
625 3182 632 3190 ·
656 3168 715 3205 καὶ
731 3167 840 3211 οὕτως
854 3168 977 3206 ἀνίατα
993 3170 1163 3209 πείσεται·

149 3228 222 3267 ἐπεὶ
255 3227 318 3264 καὶ
342 3227 489 3280 πατέρες
508 3228 594 3281 ὑπὲρ
613 3229 746 3266 παίδων
780 3231 817 3267 οὐ
850 3229 1032 3280 μέλλοντες
1058 3233 1165 3283 ἐγκοιἡ

192 3360 205 3375 ὃ
223 3350 281 3394 [Α.
301 3351 338 3383 C.
358 3357 386 3384 τί
408 3359 594 3394 ποιήσωμεν,
613 3356 716 3387 πολ)οὶ
734 3356 786 3387 οἷδ’
813 3358 857 3387 ὅτι
875 3353 933 3391 (ὅτι
959 3360 1007 3389 καὶ
1030 3358 1154 3401 &fbf-15·

153 3418 229 3446 77ch
245 3402 299 3444 C.)
318 3407 365 3436 καὶ
382 3405 456 3436 Biav-
477 3407 530 3445 ἠμ-
550 3409 597 3439 ἐπὶ
620 3409 652 3438 τὸ
669 3404 730 3448 (ἐπὶ
747 3415 787 3447 τῷ
805 3404 856 3448 Β.)
871 3406 965 3451 περιῇ]

1230 2931 1399 2983 praeclare
1414 2937 1508 2980 gesta
1529 2927 1631 2965 mihi.
1649 2926 1736 2972 Quae
1756 2939 1833 2976 spes
1847 2924 1939 2962 enim
1952 2924 2100 2972 doctori,
2112 2937 2217 2975 grege

1232 2991 1427 3043 corrupto?
1454 2989 1570 3041 qualis
1602 2988 1690 3034 vita,
1721 2986 1836 3036 qualis
1869 2985 2110 3037 exspectatio?
2136 2998 2217 3022 cum

1232 3068 1302 3104 qua
1324 3052 1454 3090 fiducia
1482 3050 1591 3089 stabit
1620 3058 1699 3086 ante
1727 3047 1870 3085 Deum?
1895 3046 1982 3096 quid
2011 3045 2132 3083 dicet?
2151 3046 2218 3083 Po-

1235 3127 1361 3151 namus
1388 3111 1481 3149 enim
1503 3111 1620 3162 ipsum
1642 3122 1710 3146 non
1731 3107 1956 3159 reprehendi,
1973 3120 2083 3157 neque
2099 3119 2220 3157 poenas

1238 3174 1345 3223 darc,
1374 3173 1435 3211 sed
1465 3185 1538 3210 esse
1569 3170 1744 3208 mundum
1778 3183 1797 3206 a
1830 3169 2001 3220 sanguine
2030 3168 2216 3205 omnium:

1240 3234 1288 3272 ita
1313 3246 1454 3284 quoque
1482 3230 1691 3270 incurabilia
1724 3230 1879 3282 patietur
1902 3229 2009 3281 :quia
2040 3229 2123 3268 licet
2158 3243 2219 3280 pa-

1261 3359 1276 3382 l’
1296 3356 1390 3389 ldcm
1415 3362 1572 3402 συσφίγγει.
1590 3361 1652 3393 ἐπεὶ
1671 3359 1753 3389 ὅταν.

1265 3419 1278 3433 ³¹
1296 3407 1407 3441 Morcl.
1428 3412 1496 3443 ποία
1515 3409 1711 3454 &apostolia
1728 3415 1910 3448 perperam.

2225 1574 2306 1599 nium
2341 1585 2414 1609 prze-

2307 1615 2415 1641 dicavit

2242 1654 2413 1693 Clirysoslo-

2227 1706 2301 1726 mus.
