2502 3810
327 233 421 294 (374
813 242 849 270 s.
888 238 1072 270 JOANMS
1108 235 1348 266 CHRYSOST.
1388 236 1595 267 ARCfflEP.
1635 236 1992 268 CONSTANTINOP.

326 325 516 377 imperium
535 322 589 360 illi
608 321 768 361 debitum
787 319 974 370 acciperet.
995 317 1094 364 Quid
1112 317 1206 355 enim
1219 346 1229 365 ,
1256 316 1310 353 in-

326 388 438 437 quies,
453 386 571 422 dicere
584 383 723 436 possis?
734 381 840 430 Quod
858 382 954 419 filius
969 381 1138 432 indignus
1151 380 1223 417 sit?
1237 379 1310 417 Sed

326 448 385 484 hic
403 446 509 483 etiam
525 454 558 483 et
570 445 682 482 multo
697 443 810 495 magis
823 442 991 493 indignus
1004 442 1191 492 est.Igitur
1202 454 1308 492 opor-

325 508 422 544 tebat
442 515 502 543 aut
521 505 628 542 simul
645 518 765 556 poenas
794 503 879 541 dare
890 533 900 551 ,
919 512 980 540 aut
1002 503 1108 540 simul
1126 501 1306 539 honorari.

328 567 416 604 Tale
432 566 619 617 quidpiam
638 565 729 602 circa
751 574 868 615 gentes
890 573 924 601 et
943 564 1034 601 cirea
1050 565 1072 602 J
1076 563 1194 600 udaeos
1215 562 1308 600 acci-

326 628 394 675 dit,
414 628 485 665 imo
507 627 611 677 longe
631 625 845 663 mirabilius.
877 626 970 663 Nam
987 625 1084 675 quod
1103 638 1222 662 omnes
1247 624 1307 661 in-

325 689 427 740 digni
462 696 596 736 essent,
630 701 736 738 supra
769 685 963 723 declaravit
996 685 1130 722 Paulus
1161 684 1281 722 dicens
1297 713 1307 733 ,

128 754 310 784 R0m.3.23.
328 752 469 787 Omnes
487 751 589 785 enim
618 754 887 798 peccaverant,
907 754 943 783 et
959 748 1164 796 privantur
1181 746 1308 796 gloria

327 812 402 848 Dei
415 825 425 845 :
445 809 540 860 quod
564 817 681 845 autem
697 821 830 844 novum
850 815 914 856 est,
933 821 1015 844 cum
1030 806 1169 856 indigni
1188 819 1308 843 omnes

326 880 457 919 essent,
476 878 594 921 gentes
624 868 706 906 solae
724 877 870 906 servatae
885 877 980 905 sunt.
1008 868 1091 904 Post
1108 867 1184 903 haec
1201 866 1309 903 aliam

326 933 434 970 ctiam
464 931 694 982 quaestionem
726 930 804 980 quis
823 929 975 967 mox-crit
996 928 1138 966 dicens:
1158 928 1197 966 Si
1226 942 1308 980 pro-

328 994 532 1031 missionem
551 1006 619 1029 non
640 991 852 1042 impleturus
867 1000 941 1028 erat
959 992 1071 1039 Deus,
1088 1004 1151 1027 cur
1176 990 1310 1041 promi-

329 1054 401 1091 sit?
423 1053 592 1091 Homines
627 1052 775 1103 quippe,
795 1051 856 1102 qui
881 1052 1041 1088 futurum
1067 1065 1138 1088 non
1163 1059 1309 1100 norunt,

329 1130 419 1167 saepe
440 1114 592 1166 decepti,
615 1113 771 1164 indignis
790 1112 880 1150 dona
898 1112 1129 1164 pollicentur:
1147 1112 1208 1162 qui
1228 1125 1311 1149 vero

329 1185 363 1213 et
378 1176 565 1227 praesentia
587 1183 619 1211 et
642 1174 763 1210 futura
780 1172 966 1224 praevidet,
983 1182 1016 1210 et
1035 1172 1096 1222 qui
1115 1172 1208 1209 clare
1226 1171 1312 1209 scie-

329 1237 391 1273 bat
405 1237 485 1275 illos
500 1250 534 1273 se
551 1234 732 1287 promissis
749 1232 994 1284 illisindignos
1012 1233 1212 1270 reddituros
1227 1246 1312 1281 esse,

332 1305 365 1333 ct
384 1295 462 1333 ideo
484 1296 575 1333 nihil
605 1294 862 1347 promissorum
892 1303 1107 1345 recepturos,
1140 1307 1202 1330 cur
1228 1306 1313 1344 pro-

332 1358 452 1397 misit?

386 1606 420 1643 5.
446 1604 632 1653 Quomodo
657 1604 733 1640 haec
764 1602 872 1640 solvit
898 1600 1057 1639 Paulus?
1090 1597 1314 1638 ostendendo

330 1665 419 1715 quid
440 1666 484 1702 sit
505 1664 624 1711 Israel,
645 1664 701 1702 cui
721 1662 940 1714 promiserat.
961 1663 1036 1700 Hoc
1055 1661 1148 1698 enim
1169 1660 1315 1697 demon-

330 1735 451 1773 strato,
467 1725 556 1762 illud
571 1739 711 1775 quoque
726 1723 983 1769 declarabatur,
1000 1736 1127 1774 nempe
1142 1721 1314 1773 promissa

330 1787 449 1824 omnia
464 1786 608 1837 impleta
619 1785 740 1822 fuisse.
761 1785 835 1821 Hoc
850 1783 942 1821 enim
958 1783 1138 1820 declarans
1152 1782 1312 1819 dicebat:

330 1850 421 1886 ZVon
446 1850 541 1885 enim
565 1860 709 1892 omnes,
744 1848 811 1897 qui
833 1860 879 1882 ex
905 1845 1042 1890 Israel,
1069 1852 1157 1882 sunt
1177 1843 1313 1881 Israel.

330 1909 413 1947 Ideo
441 1922 511 1946 non
540 1907 665 1946 Jacobi
696 1920 823 1944 nomen
854 1904 1033 1956 apposuit,
1066 1903 1126 1941 scd
1147 1903 1313 1951 Israelis,

332 1968 427 2019 quod
443 1967 573 2019 etjusti
593 1966 661 2004 viri
676 1976 708 2003 et
724 1966 867 2018 superni
881 1964 965 2002 doni
986 1974 1071 2011 erat,
1093 1973 1196 2014 atque
1211 1964 1316 2001 etiam

331 2029 538 2082 symbolum
563 2037 635 2065 erat
662 2026 758 2077 quod
782 2028 898 2064 Deum
922 2024 1083 2063 vidisset.
1114 2023 1239 2074 Atqui,
1261 2024 1318 2061 in-

333 2090 447 2140 quies,
489 2102 609 2126 omnes
630 2096 880 2139 peccaverunt,
921 2095 955 2123 et
985 2085 1174 2137 privantur
1205 2084 1318 2135 gloria

334 2150 415 2188 Dei.
441 2150 480 2188 Si
506 2150 616 2200 igitur
637 2162 758 2185 omnes
777 2155 1025 2199 peccaverunt,
1054 2160 1116 2182 cur
1144 2145 1206 2182 alii
1225 2145 1319 2182 salvi

214 2230 323 2257 Omnes
337 2212 443 2261 fiunt,
463 2211 523 2248 alii
543 2210 716 2262 pereunt?
739 2210 833 2255 Quia
854 2222 922 2246 non
939 2221 1059 2245 omnes
1077 2207 1239 2244 accedere
1255 2221 1319 2244 vo-

136 2277 203 2298 ⁵¹¹¹¹²
219 2272 323 2302 ‘'⁰⁰³fiv
338 2273 492 2309 luerunt.
512 2273 603 2309 Nam
625 2270 722 2321 quod
740 2269 784 2306 ad
804 2269 908 2306 illum
927 2277 1070 2320 spectat,
1091 2282 1211 2305 omnes
1229 2267 1321 2305 salvi

134 2320 422 2380 Ξςῗὲςςὲᾞῗῑειςῑί
449 2341 530 2369 sunt
548 2348 555 2367 :
573 2345 655 2368 nam
675 2344 794 2368 omnes
821 2338 903 2367 sunt
930 2328 1057 2366 vocati.
1090 2330 1229 2366 Verum
1253 2328 1322 2365 hoc

339 2394 400 2431 ille
418 2408 492 2431 non
513 2392 627 2444 ponit,
657 2390 717 2428 sed
745 2405 790 2428 ex
815 2388 1011 2426 abundanti
1031 2387 1122 2425 illud
1141 2387 1259 2435 solvit,
1291 2397 1323 2424 et

340 2468 385 2492 ex
408 2454 488 2491 aliis
510 2451 694 2504 exemplis,
718 2450 826 2488 aliam
851 2449 1081 2500 quaestionem
1108 2447 1143 2484 in
1166 2447 1322 2485 medium

339 2514 532 2562 adducens,
553 2522 599 2559 et,
620 2512 709 2549 sicut
728 2511 764 2548 in
784 2509 1076 2562 praecedentibus,
1096 2507 1322 2558 quaestionen]

339 2576 534 2613 maximam
565 2572 673 2611 solvit
710 2586 771 2624 per
805 2571 911 2608 aliam
943 2570 1184 2620 quaestioncm.
1229 2568 1324 2616 Quia

339 2637 432 2673 cnim
463 2635 699 2686 qucercbatur,
731 2631 908 2683 quomodo
941 2631 1082 2668 Christo
1109 2629 1320 2682 justificato,

338 2709 457 2732 omnes
476 2692 633 2731 eamdem
649 2691 826 2743 justitiam
847 2688 968 2741 adepti
985 2698 1080 2734 sunt,
1112 2687 1242 2726 Adami
1271 2688 1323 2725 fa-

139 2768 263 2797 R0111.5.
276 2777 321 2797 10.
339 2765 435 2793 ctum
451 2754 608 2802 induxit,
623 2752 813 2790 dicenstSi
825 2753 927 2788 enim
939 2752 1052 2787 unias
1067 2749 1208 2786 delicto
1222 2762 1322 2786 mors

338 2819 528 2869 regnavit,
559 2815 680 2852 multo
703 2815 827 2864 magis
848 2814 914 2864 qui
933 2811 1216 2848 abundantiam
1233 2823 1322 2861 gra-

339 2882 402 2917 tice
430 2884 672 2928 acceperunt,
705 2877 747 2911 in
768 2877 855 2910 vita
882 2874 1112 2924 regnabunt.
1141 2870 1247 2919 Quod
1277 2870 1323 2908 ad

339 2939 518 2978 Adamum
537 2946 669 2989 spectat
687 2949 755 2973 non
776 2934 897 2983 solvit,
920 2933 980 2970 sed
1001 2932 1096 2982 quod
1115 2933 1160 2970 ab
1182 2946 1218 2969 se
1236 2932 1323 2969 alla·

338 3010 416 3038 tum
435 3009 486 3037 est
504 2998 610 3036 solvit
634 3011 679 3035 ex
700 2996 778 3045 illo,
802 2994 1039 3044 ostenditque,
1065 2992 1179 3044 magis
1197 2992 1325 3030 rationi

339 3070 548 3113 competere,
581 3058 683 3109 quod
709 3058 753 3104 is,
782 3056 843 3107 qui
871 3069 935 3107 pro
955 3054 1041 3106 ipsis
1069 3063 1230 3092 mortuus
1258 3063 1323 3103 est,

341 3131 548 3175 potestatem
566 3120 603 3157 in
621 3119 702 3156 illos
723 3118 768 3155 ad
787 3116 933 3154 libitum
950 3115 1093 3152 habeat.
1115 3116 1207 3152 Nam
1228 3114 1327 3165 quod

342 3197 411 3221 uno
441 3190 605 3234 peccante
638 3193 758 3216 omnes
785 3177 995 3230 puniantur,
1030 3190 1099 3213 non
1131 3174 1326 3214 admodum

341 3243 470 3281 rationi
497 3249 769 3279 consentaneum
797 3252 870 3276 esse
897 3237 1020 3274 multis
1044 3236 1188 3273 videtur
1205 3252 1212 3272 :
1229 3236 1324 3287 quod

340 3312 458 3341 autem
473 3316 542 3340 uno
557 3301 728 3340 moriente
743 3313 862 3337 omnes
874 3297 1127 3350 justificentur,
1145 3305 1178 3335 et
1196 3296 1324 3334 rationi

342 3360 454 3410 magis
482 3369 750 3397 consentaneum
780 3366 844 3404 est,
876 3366 909 3394 et
939 3358 1014 3394 Deo
1041 3355 1319 3393 convenientius.

342 3426 505 3459 Attamen
536 3419 635 3457 illam
666 3418 896 3469 quaestionem
926 3430 995 3454 non
1037 3416 1142 3454 solvit
1165 3425 1322 3466 :quanto

1329 1757 1376 1781 6¹10

1382 332 1453 365 νου,
1467 319 1515 363 εἷς
1525 317 1588 364 τὴν
1602 319 1670 355 τῶν
1686 317 1818 367 ἀτίμων
1835 317 2020 365 ἐκὸληθείη
2036 319 2144 366 τάξιν,
2158 319 2220 357 καὶ
2233 319 2305 357 ἀντ’
2317 318 2404 356 ἐκεί-

1381 394 1438 416 νου
1454 379 1640 421 κατάδικος
1655 378 1834 429 ἄνθρωπος
1847 378 1905 415 καὶ
1921 378 2052 429 μυρίων
2063 379 2177 430 γέμων
2195 381 2328 427 κακῶν,
2348 381 2404 416 ἐκ·

1381 440 1518 486 ὅληθεὶς
1532 445 1591 478 τοῦ
1607 438 1845 490 δεσμωτηρίου
1856 467 1865 484 ,
1879 437 1942 484 τὴν
1960 438 2074 490 ἀρχὴν
2087 440 2189 477 λάὸοι
2203 440 2264 486 τὴν
2285 439 2404 490 ἐκείνῳ

1379 499 1639 551 προσήκουσαν.
1658 499 1705 537 Τί
1719 498 1837 550 γὰρᾶν
1854 497 1946 550 ἔχοις
1963 501 2070 537 εἰπεῖν
2087 500 2189 550 φησίν
2201 517 2210 547 3
2222 499 2308 538 υΟτι
2325 499 2408 537 ἀνά-

1380 560 1447 604 ξιος
1464 565 1480 599 ὃ
1495 561 1566 603 υἱὸς
1577 576 1587 607 ;
1600 560 1704 599 Ἀλλὰ
1715 560 1773 597 καὶ
1789 553 1886 602 οὗτος
1899 558 2113 606 ἀνάξιος,καὶ
2125 562 2244 612 πολλῷ
2261 562 2406 612 μᾶλλον.

1380 622 1515 660 Οὐκοῦν
1528 620 1627 667 ἔδειῆ
1642 625 1727 671 ὁμοῦ
1737 619 1988 667 κολάζεσθαι,ἢ
2001 624 2086 670 ὁμοῦ
2097 625 2278 671 τιμᾶσθαι.
2288 623 2409 659 Τοιοῦ-

1379 697 1436 719 τον
1452 681 1493 728 δή
1509 698 1542 719 τι
1561 681 1620 719 καὶ
1641 681 1698 719 ἐπὶ
1717 682 1785 717 τῶν
1801 681 1905 717 ἐθνῶν
1922 679 2062 731 γέγονε,
2079 680 2138 718 καὶ
2157 681 2213 719 ἐπὶ
2233 683 2301 718 τῶν
2321 681 2407 719 Ἰου-

1381 743 1506 790 δαίων,
1517 742 1576 779 καὶ
1587 743 1706 793 πολλῷ
1723 740 1842 779 τούτου
1855 739 2143 793 παραδοξότερον.
2165 742 2248 780 “Ort
2262 740 2323 792 μὲν
2339 741 2407 795 γὰρ

1382 804 1532 847 ἅπαντες
1546 804 1691 851 ἀνάξιοι,
1713 803 1884 849 ἐδήλωσεν
1906 804 1939 840 ἐν
1963 809 2034 845 τοῖς
2056 803 2262 855 εἰρημένοις,
2286 802 2407 849 εἰπὼν,

1381 865 1519 909 Πάντες
1541 865 1609 917 γὰρ
1627 865 1786 915 ἥμαρτον
1798 895 1807 912 ,
1830 864 1889 902 καὶ
1910 867 2134 917 ὑστεροῦνται
2152 868 2214 910 τῆς
2234 863 2332 911 δόξης
2347 867 2407 902 τοῦ

1333 931 1357 962 Ε
1383 928 1494 965 Θεοῦ·
1514 927 1553 965 τὸ
1570 926 1605 965 δὲ
1625 925 1762 973 καινὸν,
1782 926 1834 963 ὅτι
1853 925 1994 963 πάντων
2029 925 2174 969 ἀναξίων
2207 926 2312 963 ὄντων
2326 955 2336 972 ,
2363 925 2408 964 τὰ

1383 987 1463 1034 ἔθνη
1484 986 1632 1034 διεσώθη
1652 987 1751 1038 μόνα.
1770 985 1872 1024 Μετὰ
1890 985 1924 1024 δὲ
1939 985 2067 1024 τούτων
2088 986 2147 1024 καὶ
2164 986 2278 1039 ἕτερον
2298 986 2338 1024 ἄν
2357 1002 2409 1029 τις

1382 1049 1604 1100 διαπορήσειε
1629 1049 1759 1096 πάλιν,
1787 1047 1910 1100 φησίν·
1932 1050 1960 1085 εἷ
1991 1047 2059 1100 γὰρ
2096 1048 2144 1098 μὴ
2172 1048 2297 1098 ἔμελλε
2314 1049 2409 1095 πλη-

1387 1114 1463 1161 ροῦν
1488 1111 1603 1153 αὐτοῖς
1630 1109 1694 1150 τὰς
1714 1108 1921 1159 ὑποσχέσεις
1940 1110 1957 1145 ὁ
1974 1108 2082 1154 Θεὸς,
2097 1108 2186 1151 τίνος
2216 1107 2329 1145 ἕνεκεν
2349 1108 2409 1145 καὶ

1384 1173 1586 1222 ὑπισχνεῖτο
1594 1186 1603 1216 ;
1623 1169 1816 1223 Ἄνθρωποι
1837 1168 1897 1219 μὲν
1918 1168 1984 1221 γὰρ
2006 1170 2036 1205 οἱ
2058 1168 2096 1206 τὸ
2115 1169 2238 1218 μέλλον
2257 1169 2304 1219 μὴ
2323 1168 2410 1206 εἶδό-

1383 1246 1459 1278 τες,
1479 1230 1648 1274 πολλάκις
1676 1229 1922 1280 ἀπατώμενοι,
1953 1229 2011 1266 καὶ
2041 1236 2111 1272 τοῖς
2134 1231 2196 1267 οὐκ
2217 1229 2321 1273 ἀξίοις
2348 1228 2411 1271 τὰς

1385 1294 1496 1329 αὐτῶν
1529 1291 1649 1329 λαθεῖν
1682 1289 1812 1341 δωρεὰς
1843 1289 2141 1340 ἐπαγγέλλονται·
2164 1292 2182 1326 ὃ
2215 1291 2249 1327 δὲ
2278 1289 2337 1327 καὶ
2367 1290 2411 1326 τὰ

1385 1351 1542 1404 παρόντα
1561 1351 1620 1388 καὶ
1637 1350 1680 1388 τὰ
1700 1350 1874 1399 μέλλοντα
1900 1349 2068 1401 προειδὼς
2081 1379 2090 1396 ,
2109 1349 2169 1386 καὶ
2188 1352 2306 1400 σαφῶς
2335 1351 2411 1387 ἐπι-

1387 1411 1577 1461 στάμενος,
1606 1410 1655 1447 ε’τι
1685 1409 1848 1452 ἀναξίους
1881 1408 2023 1452 ἑαυτοὺς
2053 1409 2311 1455 καταστήσουσι
2342 1411 2410 1446 τῶν

1386 1470 1609 1522 ὑποσχέσεων
1622 1500 1632 1518 ,
1652 1469 1712 1508 καὶ
1733 1469 1790 1506 διὰ
1805 1472 1906 1506 τοῦτο
1924 1468 2018 1506 οὐδὲν
2036 1468 2207 1520 λήψονται
2225 1472 2293 1506 τῶν
2315 1470 2413 1520 εἰρη-

1389 1531 1500 1582 μένων
1513 1560 1524 1579 ,
1547 1530 1637 1574 τίνος
1658 1529 1772 1568 ἕνεκεν
1786 1529 1846 1567 καὶ
1861 1528 2131 1580 ἐπαγγέλλεται;

1442 1599 1524 1640 Πῶς
1544 1591 1600 1634 οῧν
1631 1596 1718 1633 αὐτὰ
1744 1595 1862 1633 ἔλυσεν
1886 1598 1903 1633 ὃ
1928 1596 2088 1642 Παῦλος,
2107 1595 2191 1633 Ἀπὸ
2216 1600 2275 1634 τοῦ
2308 1596 2413 1640 δεῖξαι

1389 1658 1439 1701 τίς
1459 1660 1550 1695 ἐστιν
1567 1661 1583 1695 ὃ
1603 1657 1761 1710 Ἰσραὴλ,
1778 1650 1806 1709 ᾧ
1826 1655 2009 1707 ὑπέσχετο.
2023 1655 2157 1694 Τούτου
2174 1656 2241 1709 γὰρ
2264 1657 2414 1708 δειχθέν-

1389 1735 1464 1766 τος,
1497 1719 1558 1757 καὶ
1590 1720 1698 1756 ἐκεῖνο
1734 1717 2062 1764 συναποδέδεικται,
2092 1717 2132 1754 τὸ
2162 1719 2415 1769 πεπληρῶσθαι

1341 1794 1367 1822 Α
1389 1779 1451 1823 τὰς
1471 1778 1679 1831 ἐπαγγελίας
1698 1777 1848 1820 ἁπάσας.
1867 1776 1984 1829 εὈπερ
2003 1772 2059 1816 οῦν
2080 1779 2192 1825 δηλῶν
2210 1778 2343 1829 ἔλεγεν,
2360 1780 2414 1816 Οὗ

1388 1839 1456 1891 γὰρ
1477 1839 1605 1882 πάντες
1621 1840 1651 1876 οἱ
1679 1836 1713 1881 ἐξ
1733 1837 1896 1889 Ἰσραὴλ,
1921 1833 2015 1875 οὑτοι
2041 1838 2198 1890 Ἰσραήλ.
2218 1837 2287 1875 Διὰ
2316 1841 2415 1875 τοῦτο

1390 1902 1464 1940 οὐδὲ
1495 1901 1535 1939 τὸ
1563 1905 1623 1938 τοῦ
1657 1899 1787 1938 ’lanc->6
1827 1899 1935 1950 ὄνομα
1969 1899 2119 1948 τέθεικε,
2165 1899 2255 1938 ἀλλὰ
2289 1900 2329 1937 τὸ
2358 1904 2416 1937 τοῦ

1390 1962 1535 2014 Ἰσραὴλ
1548 1991 1557 2009 ,
1576 1961 1660 2012 ὅπερ
1680 1963 1805 2012 ἀρετ-ἧς
1829 1954 1870 2006 ἦν
1899 1964 1957 1998 τοῦ
1981 1960 2113 1998 δικαίου
2132 1960 2191 1999 καὶ
2207 1964 2268 2006 τῆς
2286 1961 2416 1999 ἄνωθεν

1391 2025 1522 2076 δωρεᾶς
1553 2021 1613 2060 καὶ
1640 2025 1699 2058 τοῦ
1730 2021 1820 2059 Θεὸν
1848 2020 2039 2073 ἑωρακέναι
2073 2020 2260 2072 σύμὸολον.
2292 2020 2414 2058 Καίτοι

1392 2083 1508 2135 φησὶν,
1529 2082 1581 2120 ὅτι
1600 2082 1726 2124 πάντες
1745 2081 1901 2133 ἥμαρτον
1914 2110 1926 2126 ,
1946 2081 2005 2118 καὶ
2021 2084 2241 2134 ὑστεροῦνται
2269 2084 2330 2127 τ’ῆς
2356 2081 2417 2118 δό-

1393 2145 1452 2190 ξης
1470 2149 1530 2182 τοῦ
1550 2146 1656 2182 Θεοῦ.
1685 2145 1730 2182 Εἰ
1760 2138 1815 2181 οῦν
1845 2143 1972 2186 πάντες
2001 2144 2176 2195 ἥμαρτον,
2199 2145 2272 2186 πῶς
2291 2146 2321 2182 οἱ
2356 2142 2416 2194 μὲν

1394 2204 1596 2252 ἐσώθησαν,
1618 2208 1648 2242 οἱ
1670 2203 1704 2242 δὲ
1730 2203 1930 2251 ἀπώλοντο,
1950 2203 2036 2241 εὈτι
2058 2203 2106 2254 μὴ
2126 2204 2252 2247 πάντες
2271 2205 2418 2256 προσελ-

1396 2270 1464 2303 θεῖν
1487 2265 1731 2311 ἦὸουλήθησαν
1749 2280 1756 2287 ·
1777 2266 1824 2306 ὡς
1850 2264 1890 2301 τό
1918 2280 1958 2315 γε
1983 2266 2086 2301 αὐτοῦ
2109 2264 2212 2316 μέρος
2247 2264 2416 2311 διεσώθη-

1397 2341 1460 2364 σαν
1493 2326 1642 2367 ἅπαντες
1671 2340 1678 2348 ·
1710 2325 1768 2362 καὶ
1800 2323 1867 2375 γὰρ
1898 2323 2094 2370 ἐκλήθησαν
2127 2325 2287 2368 ἅπαντες.
2317 2324 2420 2362 Ἀλλὰ

1397 2385 1482 2429 τέως
1499 2389 1598 2423 τοῦτο
1614 2387 1651 2422 οὐ
1671 2384 1806 2430 τίθησιν
1819 2414 1828 2431 ,
1848 2385 1924 2422 ἀλλ’
1945 2385 1983 2421 ἐκ
2007 2384 2206 2437 περιουσίας
2226 2385 2309 2422 αὐτὸ
2327 2384 2420 2432 λύει,

1397 2447 1457 2485 καὶ
1501 2449 1539 2484 ἐκ
1571 2445 1867 2497 παραδειγμάτων
1899 2444 2046 2496 ἑτέρων,
2081 2446 2166 2483 ἄλλο
2199 2445 2340 2496 ζήτημα
2372 2448 2421 2488 εἷς

1399 2508 1502 2558 μέσον
1528 2508 1642 2558 ἄγων,
1670 2506 1729 2544 καὶ
1749 2506 1909 2557 καθάπερ
1937 2507 1972 2543 ἐν
1990 2512 2059 2548 τοῖς
2090 2506 2282 2559 ἔμπροσθεν
2303 2506 2420 2544 ἔλυσεν

1348 2577 1372 2607 Β
1398 2569 1545 2620 ἀπορίαν
1568 2567 1734 2618 μεγίστην
1765 2568 1807 2604 δι’
1839 2566 1986 2618 ἀπορίας
2021 2567 2150 2619 ἑτέρας.
2179 2566 2324 2613 Ἐπειδὴ
2353 2567 2420 2619 γὰρ

1397 2631 1569 2676 ἐζητεῖτο,
1597 2631 1690 2675 πῶς,
1720 2632 1779 2665 τοῦ
1810 2629 1963 2678 Χριστοῦ
1999 2627 2258 2675 δικαιωθέντος,
2294 2627 2420 2670 πάντες

1397 2690 1604 2736 ἀπήλαυσαν
1623 2691 1654 2726 οἱ
1673 2687 1788 2726 λοιποὶ
1807 2690 1867 2733 τῆς
1891 2688 2108 2735 δικαιοσύνης
2134 2688 2285 2735 ἐκείνης,
2303 2688 2342 2726 τὸ
2360 2691 2418 2726 τοῦ

1395 2749 1505 2800 Ἀδὰμ
1524 2749 1784 2801 παρεισήγαγε,
1804 2748 1916 2800 λέγων
1933 2765 1940 2772 ·
1962 2751 2007 2787 Εἰ
2027 2748 2093 2802 γὰρ
2111 2751 2161 2800 τῷ
2183 2754 2243 2788 τοῦ
2263 2749 2335 2793 ἑνὸς
2353 2765 2419 2786 πα-

1397 2810 1607 2862 ραπτώματι
1630 2813 1647 2847 ὑ
1673 2810 1817 2853 θάνατος
1844 2809 2066 2856 ἐδασίλευσε,
2093 2811 2212 2861 πολλῷ
2237 2812 2367 2860 μᾶλλον
2389 2812 2420 2847 οἱ

1395 2871 1456 2918 τὴν
1482 2870 1683 2922 περισσείαν
1711 2873 1773 2915 τῆς
1800 2870 1942 2921 χάριτος
1960 2869 2145 2916 λαὸόντες,
2167 2873 2200 2908 ἐν
2221 2872 2291 2921 ζωῇ
2321 2873 2420 2921 βασι-

1394 2931 1565 2970 λεύσουσι.
1594 2931 1662 2968 Καὶ
1678 2930 1716 2968 τὸ
1735 2929 1796 2979 μὲν
1815 2935 1874 2967 τοῦ
1893 2929 2002 2979 Ἀδὰμ
2021 2931 2058 2967 οὗ
2087 2930 2158 2967 λύει
2174 2959 2183 2976 ,
2203 2930 2242 2967 τὸ
2262 2930 2296 2968 δὲ
2316 2933 2419 2968 αὐτοῦ

1394 2991 1468 3030 λύει
1485 2993 1524 3029 ἐκ
1542 2990 1681 3037 τούτου,
1704 2990 1763 3027 καὶ
1783 2989 1974 3037 δείκνυσιν,
1996 2989 2049 3028 ὅτι
2067 2989 2167 3041 λόγον
2190 2989 2263 3041 ἔχει
2276 2989 2420 3028 πλείονα

1394 3053 1433 3091 τὸ
1448 3053 1505 3091 τὸν
1524 3051 1610 3103 ὑπὲρ
1629 3053 1740 3088 αὐτῶν
1760 3050 1977 3088 ἀποθανόντα
2003 3050 2156 3094 ἐξουσίαν
2177 3050 2268 3103 ἔχειν
2288 3052 2418 3098 αὐτῶν,

1396 3116 1442 3156 ὡς
1465 3113 1504 3150 ἂν
1525 3112 1622 3163 θέλῃ.
1644 3111 1697 3150 Τὸ
1719 3110 1779 3161 μὲν
1800 3110 1868 3163 γὰρ
1894 3111 1966 3151 ἑνὸς
1992 3111 2258 3162 ἁμαρτήσαντος
2286 3112 2420 3155 πάντας

1394 3174 1619 3220 κολάζεσθαι,
1653 3173 1689 3210 οὐ
1728 3170 1859 3223 σφόδρα
1889 3172 1981 3209 δοκεῖ
2006 3172 2097 3209 κατὰ
2130 3172 2230 3224 λόγον
2263 3172 2418 3224 γίνεσθαι

1393 3240 1463 3277 τοῖς
1486 3235 1624 3275 πολλοῖς
1639 3247 1646 3256 ·
1665 3231 1704 3269 τὸ
1734 3231 1769 3268 δὲ
1797 3231 1870 3275 ἑνὸς
1892 3232 2175 3285 κατορθώσαντος
2208 3233 2341 3276 πάντας
2368 3235 2417 3271 δι-

1347 3311 1371 3341 C
1394 3297 1595 3340 καιοῦσθαι,
1617 3293 1677 3330 καὶ
1697 3291 1798 3343 λόγον
1819 3292 1892 3343 ἔχοι
1914 3293 1952 3329 ἂν
1975 3294 2106 3343 μᾶλλον
2120 3322 2129 3339 ,
2160 3292 2219 3330 καὶ
2251 3296 2302 3345 τῷ
2335 3295 2417 3344 Θεῷ

1394 3353 1690 3407 πρεπωδέστερον.
1724 3352 1815 3390 Ἀλλ’
1849 3352 1943 3403 ὅμως
1973 3355 2034 3391 οὔκ
2074 3353 2192 3391 ἔλυσεν
2236 3355 2344 3391 ἐκεῖνο
2378 3352 2417 3390 τὸ

1396 3415 1628 3467 ἀπορούμενον
1648 3430 1654 3437 ·
1676 3413 1745 3465 ὅσῳ
1773 3413 1840 3465 γὰρ
1866 3413 2098 3466 ἀσαφέστερον
2127 3414 2245 3465 ἔμενε,
2267 3415 2416 3466 τοσούτῳ
