2466 3805
636 284 678 313 IN
718 283 833 314 ACTA

57 367 101 405 τὰ
120 366 210 404 ἄλλα
230 365 363 404 ἕπεται.
382 365 452 403 Καὶ
477 364 533 402 διὰ
552 365 584 403 τί
608 366 655 416 μὴ
683 366 838 418 ἐπήγαγε
868 364 1072 418 μαρτυρίαν,

58 428 100 465 δι’
130 422 171 473 ἧς
195 425 338 477 ἔμελλον
371 425 568 472 πείθεσθαι,
591 426 643 463 ὅτι
671 426 789 478 ἄφεσις
820 428 999 477 ἁμαρτιῶν
1028 425 1070 461 δι’

57 489 160 526 αὐτοῦ
179 487 331 539 γίνεται,
350 486 366 501 ⁶
402 503 434 524 τι
453 487 491 524 τὸ
511 487 785 537 σπουδαζόμενον
805 491 906 524 τοῦτο
930 481 986 533 ἦν,
1008 486 1073 522 δεῖ·

57 548 112 592 ξαι
138 547 243 594 τέως,
275 548 327 585 ὅτι
364 547 512 593 ἀνέστη·
545 547 667 585 τούτου
703 546 739 586 δὲ
774 546 1044 598 ὡμολογημένα)
1062 575 1072 593 ,

569 613 582 628 ³
593 609 649 646 διὰ
667 609 788 647 τούτου
798 639 807 654 ,
821 609 860 646 τὸ
875 608 934 645 καὶ
947 607 1001 646 ὅτι
1016 608 1074 645 ὑπ’

55 612 164 648 ἐκεῖνο
180 609 488 661 ἀναμφισέήτητον
509 603 550 655 ἦν

83 673 92 685 ,
136 675 157 683 ,ε
193 671 208 683 ,ι
331 671 340 684 ς
461 673 482 680 ω
559 669 566 682 ,
694 669 707 680 ,ι
735 671 766 680 ,,
859 668 887 683 Μ
921 671 930 682 ,
984 668 991 680 t

56 687 158 709 αυτου
187 686 306 722 αφεσις
325 685 504 721 αμαρτιων
531 686 674 720 γινεται.
703 673 825 712 Αλλως
856 684 891 706 οε
917 669 1076 706 &oola-co

55 734 102 774 εἷς
131 732 234 769 πόΟον
262 730 383 774 oto-:aiae
412 734 554 781 ἀγαγεῖν
575 736 634 769 τοῦ
665 730 816 780 μεγάλου
842 729 976 767 τούτου.
999 730 1077 766 Οὔκ

55 793 123 844 ἄρα
140 793 383 844 ε’γκατάλειψις
404 787 446 838 ἦν
467 795 484 829 ὃ
507 791 650 834 Οοίνατος
679 793 781 828 αὐτοῦ
795 820 804 836 ,
831 790 921 826 ἀλλὰ
940 804 1078 840 προφη-

55 853 147 897 τείας
160 853 349 904 πλήρωσις.
362 852 634 901 Ἀναμιμνήσκει
649 852 822 901 ἱστοριῶν,
837 849 876 892 ἃς
890 849 1078 900 ἀγνοήσαν-

56 929 109 957 τες
130 913 236 965 μυρία
258 914 382 951 ἔπαθον
401 912 506 950 δεινοί.
528 911 598 949 Καὶ
616 916 715 948 τοῦτο
731 909 920 946 αἰνίττεται
940 908 996 945 διὰ
1017 911 1076 945 τοῦ

55 973 173 1017 τέλους
187 974 314 1024 λέγων·
332 974 443 1011 Ἴδετε
463 975 492 1009 οἳ
511 964 788 1021 καταφρονηταὶ,
808 968 866 1006 καὶ
881 967 1077 1019 ἓπιὲλέψα-

56 1051 105 1072 τε.
130 1035 197 1073 Καὶ
221 1035 284 1087 ὅρα
311 1036 385 1077 πῶς
414 1032 495 1070 αὐτὸ
528 1031 639 1083 τραχὺ
664 1030 700 1068 ὂν
729 1029 978 1080 ὑποτέμνεται.
1012 1029 1072 1076 Μὴ

56 1095 214 1140 ἐπέλθοι,
235 1095 350 1146 φησὶν,
375 1095 426 1144 ἐφ’
449 1095 538 1141 ὑμᾶς
557 1091 595 1128 τὸ
620 1090 704 1142 πρὸς
732 1090 812 1134 τοὺς
830 1090 953 1133 ἄλλους
981 1092 1077 1143 εἰρη-

57 1156 171 1207 μένον,
190 1155 243 1193 ὅτι
261 1155 358 1206 ἔργον
379 1152 446 1204 ἐγὼ
463 1151 673 1205 ἐργάζομαι,
693 1151 710 1189 ὃ
729 1154 766 1189 οὗ
787 1151 835 1201 μὴ
852 1151 1076 1199 πιστεύσητε,
1091 1174 1098 1179 -

55 1216 113 1255 ἐάν
134 1232 185 1259 τις
202 1216 407 1266 ἐκδιηγῆται
432 1216 525 1263 ὑμῖν.
549 1212 609 1260 Μὴ
627 1212 818 1262 θαυμάζετε
832 1242 841 1257 ,
862 1212 914 1250 ὅτι
930 1213 1076 1251 ἄπιστον

55 1278 147 1315 δοκεῖ
165 1269 267 1314 εἶναι·
290 1275 350 1313 καὶ
383 1275 464 1313 αὐτὸ
485 1273 690 1326 προείρηται
719 1274 861 1311 ἄνωθεν.
882 1275 994 1312 Τοῦτο
1020 1273 1079 1311 καὶ

53 1339 138 1392 πρὸς
152 1342 246 1389 ἡμᾶς
263 1337 403 1380 εἰκότως
424 1336 462 1374 ἂν
482 1335 643 1388 λεχθείη,
665 1335 820 1374 Βλέπετε
847 1338 878 1374 οἳ
899 1351 1078 1388 καταφρο-

57 1400 176 1447 νηταὶ,
205 1399 286 1451 περὶ
311 1401 379 1436 τῶν
410 1400 453 1448 τῇ
485 1396 673 1435 ἀναστάσει
697 1396 981 1435 διαπιστούντων.
1007 1398 1078 1435 Καὶ

57 1460 123 1512 γὰρ
145 1460 274 1512 σφόδρα
290 1462 406 1501 κακῶς
424 1458 467 1495 τὰ
482 1460 543 1503 τῆς
559 1457 774 1503 Ἐκκλησίας
788 1457 982 1504 διάκειται,
1003 1457 1080 1495 καί-

57 1538 110 1560 τοι
125 1538 164 1573 γε
178 1521 333 1571 νομίζετε
354 1523 387 1558 ἐν
406 1519 523 1572 εἰρήνῃ
541 1512 628 1556 εἶναι
651 1518 695 1556 τὰ
715 1518 920 1571 πράγματα.
941 1519 992 1557 Τὸ
1011 1518 1078 1570 γὰρ

58 1583 166 1620 δεινὸν
182 1581 283 1620 τοῦτο’
303 1583 409 1628 ἐστιν,
430 1581 482 1617 Γ’ἕτι
509 1582 543 1617 ἐν
570 1580 711 1623 πολλοῖς
740 1580 834 1622 ὄντες
853 1585 991 1626 κακοῖς,
1009 1579 1078 1617 οὐδ’

58 1643 110 1680 ὅτι
127 1641 230 1693 ἐσμὲν
252 1645 286 1680 ἐν
302 1648 420 1684 κακοῖς
435 1640 549 1690 ἴσμεν.
566 1640 614 1678 Τί
629 1640 761 1690 λέγεις,
781 1639 842 1682 τὰς
861 1640 1076 1687 Ἐκκλησίας

58 1701 265 1753 κατείχομεν,
283 1702 326 1739 τὰ
341 1701 523 1751 κτήματα,
543 1700 587 1737 τὰ
606 1702 696 1738 ἄλλα
713 1701 827 1738 πάντα
839 1731 848 1748 ,
869 1702 904 1737 αἱ
925 1700 1079 1744 συνάξεις

56 1762 231 1813 γίνονται,
251 1765 327 1800 καθ’
347 1762 496 1809 ἑκάστην
513 1761 646 1812 ἡμέραν
664 1760 841 1814 πρόσεισιν
861 1764 877 1798 ὃ
892 1761 977 1804 λαός
992 1777 999 1785 ·
1020 1761 1079 1799 καὶ

57 1826 360 1874 καταφρονοῦμεν,
382 1822 474 1860 Ἀλλ’
494 1825 554 1860 οὐκ
576 1822 643 1859 ἀπο
663 1821 783 1860 τούτω
805 1821 1020 1868 Ἐκκλησίαν
1039 1823 1080 1860 ἄν

57 1899 110 1926 τις
139 1884 370 1934 δοκιμάσειεν.
400 1882 506 1921 Ἀλλὰ
537 1882 653 1927 πόθεν,
691 1882 811 1934 φησίν,
843 1884 887 1920 Εἰ
919 1882 1081 1921 ewafiat&

59 1946 167 1991 ἐστιν,
188 1947 217 1983 εἷ
233 1944 469 1998 κερδαίνοντες
491 1946 739 1995 ἇναχωροῧμεν
763 1943 878 1982 οἴκαδε
906 1946 982 1981 καθ’
1001 1943 1082 1982 ἐκοί-

59 2021 144 2052 στην
164 2006 312 2059 ἡμέραν,
327 2008 357 2043 εἷ
372 2004 607 2056 καρπούμενοι
623 2004 713 2055 μέγα
729 2020 762 2042 τι
782 2004 804 2050 ἢ
828 2003 964 2057 μικρὸν,
982 2007 1011 2042 εἷ
1031 2005 1079 2056 μὴ

59 2068 164 2119 νόμον
181 2069 298 2110 ἁπλῶς
318 2068 529 2119 πληροῦντες
554 2066 613 2103 καὶ
640 2066 895 2118 ἀφοσιούμενοι.
916 2066 981 2109 Τίς
1001 2068 1082 2117 βελ-

59 2129 142 2167 τίων
180 2128 318 2179 γέγονεν
353 2127 532 2179 ὁλοκλήρῳ
567 2126 650 2176 μηνὶ
681 2126 945 2178 συλλεγόμενος,
970 2129 1002 2165 Τ
1005 2127 1083 2165 οῧτό

59 2192 132 2228 ἐστι
149 2190 188 2227 τὸ
201 2188 405 2239 ζητούμενον
419 2204 426 2211 ·
453 2188 528 2226 ἐπεὶ
555 2187 615 2225 καὶ
635 2187 719 2225 αὐτὸ
736 2191 838 2225 τοῦτο
851 2216 861 2233 ,
879 2187 897 2224 ὃ
916 2188 1008 2225 δοκεῖ
1031 2190 1082 2225 εὐ-

58 2250 211 2302 πραγίας
229 2244 333 2296 εἶναι,
355 2254 455 2287 τοῦτο
477 2247 674 2300 δυσπραγία
701 2248 806 2296 ἐστὶν,
841 2248 922 2286 ὅταν
951 2247 1081 2286 τούτων

58 2311 247 2362 γινομένων
269 2309 374 2360 μηδὲν
394 2309 499 2347 πλέον
530 2310 674 2361 γίνεται.
702 2309 785 2347 Εἴθε
806 2307 866 2358 μὲν
895 2303 950 2346 οἶν
973 2308 1080 2359 μηδὲν

58 2372 181 2410 πλέον·
201 2376 259 2409 νῦν
285 2370 321 2408 δὲ
340 2370 400 2408 καί
428 2370 486 2408 ἐπὶ
502 2370 541 2408 τὸ
558 2376 686 2422 χεῖρον.
709 2369 757 2408 Τί
786 2373 983 2421 καρποῦσθε
1012 2371 1081 2409 ἀπὸ

57 2435 126 2471 τῶν
147 2431 337 2479 συνάξεων,
360 2431 486 2469 Καίτοι
508 2431 542 2468 εἴ
560 2447 600 2482 γε
618 2447 650 2468 τι
676 2431 796 2483 ὄφελος
823 2433 904 2482 ὑμῖν
933 2431 1081 2482 ἐγίνετο,

58 2494 170 2532 πάλαι
184 2494 318 2537 πάντας
338 2493 406 2530 ἔδει
430 2492 486 2530 τὸν
507 2495 569 2539 τῆς
585 2491 787 2544 φιλοσοφίας
819 2491 890 2543 βίον
918 2494 992 2543 ζῇν,
1020 2508 1082 2530 το-

61 2554 192 2592 σούτων
214 2553 276 2603 μὲν
304 2556 489 2606 προφητῶν
517 2552 673 2604 δεύτερον
702 2556 764 2599 τῆς
793 2553 982 2604 ἑὸδομάδος
1002 2557 1082 2603 ὑμῖν

61 2615 328 2666 διαλεγομένων,
348 2614 518 2652 τοσούτων
536 2613 571 2652 δὲ
588 2614 802 2662 ἀποστόλων,
819 2616 1083 2666 εὐαγγελιστῶν,

61 2676 200 2715 πάντων
214 2675 258 2713 τὰ
275 2674 432 2725 σωτήρια
451 2675 612 2725 δόγματα
630 2674 874 2726 προτιθέντων,
895 2675 955 2713 καὶ
972 2675 1015 2713 τὰ
1031 2676 1086 2713 δυ-

61 2737 194 2788 νάμενα
215 2730 296 2783 ἦθος
323 2735 488 2787 ρυΟμίσαι
506 2735 594 2786 μετὰ
609 2736 741 2781 πολλῆς
780 2735 960 2787 ἀκριὲείας
981 2752 1086 2789 παρι-

61 2796 221 2834 στώντων
238 2798 334 2847 ὑμῖν.
358 2795 403 2834 ‘O
420 2795 638 2846 στρατιώτης
664 2795 721 2834 ἐπὶ
739 2795 778 2834 τὸ
794 2796 985 2848 γυμνάσιον
1011 2795 1084 2844 ἰὼν,

61 2858 306 2910 ἀκριὲέστερος
327 2856 461 2907 γίνεται
480 2856 561 2909 περὶ
579 2855 623 2893 τὰ
639 2857 808 2895 τακτικά·
830 2861 848 2896 ὃ
867 2857 1020 2905 ἀθλητὴς
1036 2859 1085 2900 εἷς

60 2917 280 2969 παλαίστραν
309 2916 469 2967 βαδίζων,
491 2917 737 2970 ἐμπειρότερος
761 2917 894 2969 γίνεται
912 2918 994 2971 περὶ
1022 2919 1084 2965 τὴν

59 2978 175 3023 πάλην
190 2993 198 3000 ·
229 2981 246 3015 ὅ
277 2977 394 3028 ἰατρὸς
423 2978 509 3030 πρὸς
544 2978 603 3016 τὸν
635 2978 842 3017 διδάσκαλον
877 2978 1084 3031 ἐρχόμενος,

63 3037 306 3089 ἇκριδέστερος
325 3037 476 3088 γίνεται,
504 3039 564 3076 καὶ
586 3039 728 3077 πλείονα
756 3033 844 3088 οἶδε,
865 3040 924 3078 καὶ
941 3039 1085 3078 πλείονα

64 3099 228 3149 μανΟάνει
241 3114 248 3122 ·
265 3097 305 3137 σὺ
323 3099 357 3135 τί
373 3099 607 3151 κεκέρδηκας,
625 3102 662 3138 οὖ
678 3101 769 3152 λέγω
784 3101 869 3154 πρὸς
884 3100 961 3144 τοὺς
977 3102 1087 3138 ἐνιαυ-

63 3159 120 3197 τὸν
138 3159 279 3211 ἔχοντας
291 3187 300 3203 ,
319 3159 410 3196 ἀλλὰ
425 3159 510 3212 πρὸς
526 3159 602 3204 τοὺς
623 3163 662 3198 ε’κ.
683 3159 826 3213 πρώτης
842 3161 983 3208 ἡλικίας
1003 3177 1086 3198 συν-

66 3220 264 3272 αγομένους.
280 3218 331 3257 Ἢ
345 3223 444 3257 τοῦτο
459 3221 616 3271 νομίζετε
633 3221 814 3260 εὖλοὶὂειαν
831 3216 918 3260 εἶναι
932 3253 942 3270 ,
960 3222 998 3260 τὸ
1012 3237 1088 3260 συν-

66 3290 153 3339 εχῶς
173 3285 412 3337 παραῧῦίλλεῑν
429 3289 471 3337 τῇ
493 3287 650 3335 συνάξει,
667 3289 780 3326 Τοῦτο
799 3288 895 3326 οὐδέν
915 3289 1027 3335 ἐστιν,
1047 3288 1086 3325 ἂν

71 3354 118 3404 μή
134 3370 168 3391 τι
196 3351 483 3404 καρπωσώμεθα·
508 3353 547 3390 ἂν
576 3354 624 3403 μή
651 3370 685 3391 τι
715 3354 930 3406 συνοίγωμεν,
954 3355 1087 3405 βέλτιον

118 3467 130 3481 ³
155 3455 215 3489 Alii
231 3459 278 3490 διὰ
295 3458 416 3490 roiano·
439 3460 487 3488 καὶ
507 3462 566 3498 μὴν
584 3459 632 3491 ὐπ’
652 3461 752 3490 αὐτοῦ.

870 284 954 313 Apo
960 283 1041 312 S'ro
1047 281 1102 310 LO
1108 281 1162 310 RU
1170 280 1198 309 M
1207 299 1216 309 .

2038 261 2123 307 251

1148 361 1246 412 quod
1272 361 1320 399 ad
1342 361 1410 398 hoc
1437 360 1543 397 etiam
1567 358 1635 396 alia
1665 366 1872 409 sequantur.
1892 356 1940 395 Et
1969 371 2036 395 eur
2064 372 2133 395 non

1148 422 1290 460 addidit
1321 422 1561 460 testimonium
1573 450 1584 470 7
1614 435 1684 471 quo
1718 419 2013 472 persuaderentur
2026 449 2037 469 7
2071 433 2133 470 per

1148 498 1229 521 eum
1248 483 1491 521 remissionem
1508 491 1735 534 peccatorum
1750 482 1909 518 futuram
1925 481 2020 518 esse?
2037 480 2133 527 Quia

1147 544 1240 582 illud
1259 544 1401 582 interim
1422 544 1568 581 curabat
1583 542 1764 580 ostendere
1773 572 1784 591 7
1802 541 1900 592 quod
1917 541 2133 579 resurrexis-

1102 620 1124 649 Β
1149 614 1218 642 set:
1236 605 1304 642 hoc
1315 614 1432 642 autem
1451 604 1481 641 si
1500 604 1536 641 in
1557 604 1715 641 confesso
1736 612 1843 652 esset,
1864 602 1955 640 illud
1974 602 2058 640 hinc
2078 602 2134 640 in·-

1149 665 1352 703 dubitatum
1365 665 1449 713 fuit,
1466 679 1591 716 nempe
1604 678 1664 716 per
1678 664 1782 701 illum
1795 663 2038 701 remissionem
2051 677 2133 715 pec-

1150 735 1310 764 catorum
1329 726 1418 762 fieri.
1433 725 1601 775 Alioquin
1616 725 1757 762 volebat
1775 725 1855 762 illos
1874 725 1910 762 in
1930 724 2016 762 boni
2036 724 2133 762 illius

1150 786 1366 823 desiderium
1380 784 1559 822 inducere.
1569 785 1649 822 Non
1665 798 1747 834 ergo
1756 784 1937 822 derelictio
1952 794 2026 822 erat
2038 799 2133 823 mors

1150 847 1242 897 ejus7
1256 844 1316 881 sed
1330 844 1523 895 prophetiae
1538 843 1708 895 impletio.
1727 844 1901 881 Historias
1917 858 2130 882 commemo-

1150 915 1219 952 rat,
1241 919 1328 955 quas
1342 905 1541 955 ignorantes
1555 904 1739 941 innumera
1752 905 1848 956 passi
1866 913 1948 942 sunt
1967 905 2070 941 mala.
2087 905 2135 942 Et

1150 966 1219 1002 hoc
1233 964 1482 1002 subindicatin
1494 964 1576 1013 fine,
1596 963 1734 1001 dicens:
1759 965 1906 1012 Videte,
1924 973 2135 1002 contemto-

1151 1040 1234 1072 res,
1257 1034 1292 1063 et
1313 1027 1500 1076 respicite.
1517 1024 1565 1061 Et
1584 1023 1667 1062 vide
1694 1023 1870 1074 quomodo
1896 1024 1988 1061 illud
2013 1034 2135 1076 utpote

1150 1101 1315 1139 asperum
1332 1085 1500 1124 succidat.
1513 1086 1574 1123 Ne
1592 1087 1700 1122 vobis
1719 1087 1977 1136 superveniat,
2000 1084 2134 1135 inquit,

1152 1149 1256 1200 quod
1273 1148 1363 1185 aliis
1383 1148 1527 1184 dictum
1548 1154 1604 1183 est
1619 1162 1632 1183 .-
1654 1147 1755 1196 Quia
1773 1159 1864 1197 opus
1887 1159 1953 1197 ego
1974 1159 2131 1197 operor,

1152 1210 1258 1262 quod
1271 1223 1350 1246 non
1364 1209 1525 1246 credetis
1539 1237 1551 1255 ,
1567 1210 1698 1259 siquis
1715 1210 1932 1244 narraverit
1947 1209 2068 1245 vohis.
2083 1208 2136 1244 Ne

1104 1281 1126 1311 (J
1151 1271 1350 1319 miremini,
1373 1269 1469 1320 quod
1491 1269 1700 1307 incredibile
1720 1268 1885 1307 videatur
1904 1283 1997 1306 esse:
2016 1277 2049 1306 et
2066 1268 2135 1307 hoc

1151 1333 1314 1384 superius
1329 1330 1465 1368 dictum
1480 1339 1542 1368 est.
1555 1330 1630 1367 Hoc
1643 1329 1750 1367 etiam
1762 1330 1841 1381 jure
1854 1329 1956 1367 nobis
1972 1329 2130 1366 dicatur:

1154 1392 1298 1439 Videte,
1321 1397 1588 1439 contemtores,
1606 1388 1650 1425 iis
1668 1388 1730 1439 qui
1750 1388 2044 1426 resurrectionem
2065 1402 2134 1425 non

1151 1452 1310 1491 credunt.
1321 1452 1465 1489 Etenim
1483 1465 1538 1488 res
1548 1450 1715 1488 Ecclesiae
1729 1450 1880 1502 pessime
1894 1450 2040 1500 babent,
2054 1451 2138 1489 licet

1152 1515 1282 1568 putetis
1301 1515 1338 1552 in
1354 1528 1440 1567 pace
1459 1527 1541 1551 esse.
1563 1513 1639 1550 Hoc
1657 1513 1789 1565 quippe
1808 1526 1915 1564 grave
1938 1522 1989 1550 est
2008 1543 2018 1561 7
2039 1513 2136 1564 quod

1152 1577 1189 1614 in
1214 1576 1318 1614 malis
1347 1589 1429 1612 cum
1455 1574 1584 1622 simus,
1600 1573 1640 1611 id
1663 1573 1876 1624 ignoremus.
1894 1572 1994 1621 Quid
2015 1572 2136 1612 dicis?

1152 1636 1329 1674 Ecclesias
1342 1645 1515 1683 tenemus,
1534 1634 1768 1686 possessiones
1782 1664 1794 1680 ,
1816 1633 1886 1671 alia
1902 1633 2020 1671 omnia
2031 1664 2041 1683 7
2061 1634 2136 1672 col-

1150 1695 1248 1733 lectae
1270 1695 1376 1743 fiunt,
1399 1693 1557 1744 quotidie
1576 1693 1676 1730 adest
1692 1692 1848 1745 populus
1856 1722 1868 1742 7
1890 1701 1923 1729 et
1942 1693 2136 1730 contemni-

1151 1770 1230 1793 mus
1244 1756 1260 1793 ἕ)
1285 1757 1330 1792 At
1350 1769 1419 1792 non
1439 1753 1518 1791 inde
1531 1754 1727 1792 Ecclesiam
1738 1753 1958 1805 probaveris.
1981 1752 2053 1791 Sed
2069 1767 2136 1791 un-

1150 1818 1214 1865 de,
1242 1815 1408 1868 inquies?
1428 1815 1465 1854 Si
1492 1815 1604 1868 pietas
1623 1824 1672 1852 est
1688 1844 1698 1865 7
1722 1814 1849 1852 sicum
1867 1814 1966 1851 lucro
1986 1813 2134 1852 domum

1256 279 1412 309 nomn..
1449 278 1578 309 XXIX.

2239 1827 2336 1855 Pietas

1153 1878 1311 1930 quotidie
1326 1877 1523 1916 recedimus
1533 1907 1543 1927 7
1564 1877 1592 1914 si
1609 1891 1690 1914 cum
1705 1877 1825 1913 fructu
1843 1876 1901 1914 vel
1919 1875 2059 1913 modico
2075 1876 2133 1914 vel
2146 1868 2217 1937 {2¹2¹
2233 1868 2337 1937 Eccgffi:

1153 1956 1297 1994 magno,
1324 1941 1353 1978 si
1385 1941 1500 1992 legem
1527 1955 1596 1978 non
1626 1949 1815 1990 utcumque
1841 1948 1874 1976 et
1898 1939 2134 1991 perfunctorie
2148 1952 2275 1979 mendat.

1106 2018 1131 2048 1)
1154 2004 1394 2056 implevimus.
1408 2003 1498 2049 Quis
1512 2002 1637 2039 melior
1651 2001 1795 2039 effectus
1813 2010 1865 2039 est
1883 2014 1928 2037 ex
1949 2001 2134 2039 conventi-

1153 2066 1222 2103 bus
1246 2065 1375 2102 mensis
1399 2063 1534 2101 unius?
1553 2063 1630 2100 Hoc
1648 2071 1699 2099 est
1722 2061 1820 2112 quod
1840 2061 2032 2111 quaeritur:
2054 2076 2137 2100 nam

1153 2126 1221 2164 hoc
1241 2126 1360 2177 ipsum
1371 2155 1382 2174 7
1405 2123 1501 2174 quod
1518 2123 1742 2160 benefactum
1759 2130 1905 2172 putatur
1918 2150 1931 2170 7
1952 2120 2138 2159 infeliciter

1152 2190 1287 2226 sactum
1306 2197 1371 2237 est,
1388 2201 1468 2224 cum
1482 2185 1539 2222 his
1558 2185 1606 2221 ita
1621 2184 1738 2235 gestis,
1753 2183 1844 2221 nihil
1859 2184 2011 2235 amplius
2024 2185 2138 2221 lucra-

1154 2267 1246 2290 mur.
1256 2253 1372 2301 Atque
1383 2249 1519 2287 utinam
1532 2247 1623 2285 nihil
1634 2247 1807 2299 amplius;
1820 2260 1914 2284 nunc
1926 2247 2021 2284 enim
2032 2247 2138 2286 etiam

1154 2314 1192 2351 in
1219 2313 1374 2351 deterius
1411 2310 1603 2362 vergimus.
1624 2308 1724 2355 Quid
1748 2309 1882 2346 fructus
1913 2322 1958 2345 ex
1985 2309 2141 2348 collectis

1155 2373 1370 2426 carpitis?Si
1383 2371 1472 2423 quid
1488 2380 1577 2409 certe
1591 2371 1727 2408 fructus
1742 2369 1932 2422 carperetis
1944 2399 1954 2419 7
1965 2370 2041 2422 jam
2055 2370 2139 2408 olim

1155 2448 1276 2472 omnes
1294 2440 1469 2485 oporteret
1483 2430 1730 2483 philosophice
1745 2430 1868 2468 vivere
1882 2460 1892 2475 ,
1915 2443 1997 2467 cum
2007 2430 2062 2468 bis
2079 2445 2142 2482 per

1155 2493 1418 2533 hebdomadam
1435 2501 1486 2530 tot
1505 2491 1688 2544 prophctae
1708 2505 1773 2529 vos
1789 2491 2013 2541 alloquantur
2027 2521 2038 2539 7
2059 2506 2141 2529 cum

1155 2567 1207 2596 tot
1226 2555 1395 2610 apostoli,
1416 2553 1663 2605 evangelistae,
1687 2552 1852 2591 omnibus
1874 2552 2043 2590 salutaria
2069 2553 2140 2591 do-

1156 2628 1273 2671 gmata
1292 2615 1585 2670 proponentibus,
1608 2628 1685 2664 quae
1710 2613 1846 2665 possint
1869 2628 1983 2651 mores
2008 2624 2141 2653 vestros

1109 2683 1132 2712 E
1156 2689 1316 2719 accurate
1335 2690 1556 2730 componere.
1576 2675 1683 2713 Miles
1700 2674 1745 2711 ad
1768 2674 1975 2711 tiroeinium
1999 2675 2142 2714 veniens

1155 2744 1192 2782 in
1205 2741 1344 2780 bellicis
1358 2740 1400 2777 fit
1417 2737 1564 2791 peritior
1576 2751 1587 2786 ;
1603 2735 1735 2773 athleta
1748 2735 1948 2787 palaestram
1962 2734 2083 2773 adiens
2101 2737 2144 2774 fit

1155 2801 1380 2842 exercitatior
1407 2799 1453 2837 ad.
1479 2811 1662 2851 pugnam3
1696 2796 1856 2834 medicus
1888 2796 1935 2833 ad
1962 2796 2142 2836 doctorem

1156 2864 1324 2904 accedens
1342 2863 1384 2900 fit
1402 2860 1580 2913 expertior
1593 2889 1603 2907 7
1623 2859 1726 2911 plura
1747 2858 1824 2906 scit,
1839 2858 1941 2909 plura
1955 2857 2059 2896 discit
2075 2874 2083 2894 :
2104 2868 2143 2896 tu

1157 2926 1243 2978 quid
1251 2926 1408 2963 lucratus
1420 2922 1480 2961 es?
1495 2935 1564 2959 non
1572 2920 1698 2971 loquor
1710 2919 1765 2968 iis7
1776 2919 1836 2970 qui
1851 2933 1913 2970 per
1925 2933 2070 2969 annum,
2081 2920 2142 2958 sed

1156 2989 1211 3036 iis,
1240 2978 1335 3038 quia
1351 2985 1468 3038 prima
1487 2991 1588 3021 aetate
1616 2979 1849 3019 conventibus
1867 2979 2066 3018 adsuerunt.
2086 2984 2141 3019 An

1156 3050 1224 3087 hoc
1248 3047 1381 3100 putatis
1407 3059 1480 3082 esse
1504 3043 1671 3095 pietatem
1692 3071 1702 3090 7
1732 3040 1829 3091 quod
1862 3040 2061 3091 [requenter
2096 3041 2143 3080 ad

1158 3108 1313 3163 synaxin
1322 3103 1607 3144 accedatis-‚moe
1622 3101 1715 3139 nihil
1733 3110 1802 3148 est,
1821 3100 1888 3138 nisi
1905 3101 1992 3151 quid
2007 3102 2144 3140 fructus

1158 3171 1352 3209 referamus
1376 3183 1384 3203 t
1413 3165 1481 3203 nisi
1507 3163 1598 3215 quid
1626 3161 1835 3213 colligamus
1848 3190 1860 3211 7
1898 3161 2027 3200 melius
2056 3172 2145 3201 esset

1159 3231 1257 3270 domi
1289 3241 1442 3267 manere.
1468 3224 1611 3262 Etenim
1643 3222 1795 3273 majores
1831 3222 1943 3259 nostri
1981 3223 2145 3262 ecclesias

1160 3293 1261 3331 nobis
1277 3288 1544 3329 exaedificarunt
1564 3314 1576 3334 7
1596 3297 1666 3322 non
1685 3292 1724 3320 ut
1745 3297 1789 3321 ex
1807 3283 1976 3322 domibus
1991 3298 2143 3337 congre—

1160 3363 1258 3406 gatos
1277 3365 1341 3390 vos
1360 3347 1469 3388 simul
1482 3344 1667 3384 ostendant
1689 3359 1696 3380 :
1716 3342 1785 3382 hoc
1803 3343 1897 3383 enim
1917 3353 1950 3383 et
1972 3344 2008 3383 in
2023 3346 2100 3385 foro
2115 3355 2150 3383 et

1189 3459 1207 3485 b
1233 3456 1293 3488 Alii
1313 3457 1459 3498 ἀκριὲεἰας
1475 3455 1612 3485 τιθέντων
1627 3454 1708 3491 ἡμῖν.
