2502 3810
757 271 800 300 IN
837 269 978 300 EPIST.
1015 267 1075 299 AD
1110 265 1219 298 Rom.

120 355 255 406 λεΟρίαν
273 354 459 407 ὑπέμειναν
482 356 535 393 ἄν.
564 357 632 394 Καὶ
651 355 717 408 γὰρ
734 356 792 394 καὶ
812 358 935 394 ἐκεῖνοι
953 355 1130 408 πρόρριζοι

112 416 237 458 πάντες
264 415 459 464 ἀπώλοντο,
479 416 539 454 καὶ
557 415 632 455 οὐδὲ
660 417 699 454 τὸ
717 417 821 469 τυχὸν
841 417 981 468 σπέρμα
1016 417 1127 453 αὑτῶν

113 475 299 514 κατέλιπον
315 492 322 499 ·
343 477 402 514 καὶ
421 471 513 515 οῧτοι
531 481 624 528 γοῦν,
647 478 763 529 φησὶν,
784 480 829 520 ὡς
849 478 972 515 ἐκεῖνοι
992 476 1031 513 ἂν
1052 476 1127 527 ἐγέ-

113 553 210 575 νοντο
226 567 235 584 ,
256 540 285 575 εἷ
303 537 350 587 μὴ
379 540 490 589 πολλῇ
511 541 528 575 ὃ
549 538 637 581 Θεὸς
655 538 829 590 ἐγ-ρήσατο
848 539 891 588 τῇ
919 536 1106 587 ἀγαθότητι
1119 564 1129 581 ,

114 597 173 636 καὶ
196 597 384 649 διετήρησε»
407 598 462 636 διὰ
480 601 542 644 τῆς
562 597 711 642 πίστεως
731 598 861 641 αὐτούς.
878 600 991 636 Τοῦτο
1018 596 1053 634 δὲ
1070 596 1129 634 καὶ

115 658 172 696 ἐπὶ
202 660 263 703 τῆς
291 659 458 705 αἷσθητῆς
485 659 622 710 γέγονεν
643 657 886 710 αἰχμαλωσίας
902 674 909 681 ·
931 659 961 695 οἳ
983 657 1043 708 μὲν
1063 658 1130 709 γὰρ

113 718 250 762 πλείους
269 719 478 770 ἀπήχθησαν
491 720 549 757 καὶ
567 718 766 765 ἀπώλοντο,
782 718 891 768 ὀλίγοι
906 718 942 755 δὲ
965 717 1131 763 διεσώθη-

114 795 177 817 σαν
205 779 313 830 μόνοι.
333 779 380 817 Τί
406 774 462 817 οἶν
484 782 639 831 ἐροῦμεν,
668 778 790 831 φησίν,
813 779 896 817 ἱὈτι
915 778 994 824 ἔθνη
1015 777 1059 816 τὰ
1081 777 1129 827 μὴ

113 839 283 878 διώκοντα
312 840 528 887 δικαιοσύνην
551 839 723 878 κατέλαὸε
744 838 977 886 δικαιοσύνην,
998 839 1130 875 δικαιο-

115 900 218 946 σύνην
239 901 273 940 δὲ
298 901 360 947 τὴν
380 903 418 939 ἐκ
436 901 586 944 πίστεως
599 916 606 924 ·
627 899 773 951 Ἰσραὴλ
802 898 837 936 δὲ
868 898 1002 935 διώκων
1024 898 1128 948 νόμον

115 961 348 1009 δικαιοσύνης,
369 964 415 1005 εἷς
444 961 548 1011 νόμον
577 959 792 1005 δικαιοσύνης
826 961 887 996 οὐκ
906 958 1064 1009 ἔφθασεν.
1084 957 1129 995 <Η

114 1021 313 1072 σαφεστάτη
339 1021 435 1065 λύσις
466 1023 611 1058 ἐνταῦθα
638 1019 770 1058 λοιπόν.
798 1017 944 1064 Ἐπειδὴ
972 1017 1040 1069 γὰρ
1071 1018 1131 1055 καὶ

113 1080 182 1117 ἀπὸ
200 1082 268 1117 τῶν
295 1080 510 1132 πραγμάτων
544 1079 668 1123 ἔδειξεν
683 1095 690 1103 ·
711 1081 763 1117 Οὐ
786 1078 854 1129 γὰρ
873 1078 1001 1121 πάντες
1033 1080 1064 1115 οἱ
1096 1076 1130 1121 ἐξ

113 1139 277 1190 Ἰσραὴλ,
303 1134 398 1177 οὗτοι
418 1140 576 1193 Ἰσραήλ·
606 1139 666 1177 καὶ
687 1139 756 1177 ἀπὸ
774 1141 842 1176 τῶν
870 1138 1049 1190 προγόνων
1071 1142 1130 1176 τοῦ

111 1199 242 1237 Ἰακὼὸ
260 1200 320 1237 καὶ
343 1204 402 1238 τοῦ
429 1200 562 1247 (Ησαῧ,
591 1199 649 1238 καὶ
677 1199 745 1238 ἀπὸ
763 1201 831 1236 τῶν
852 1201 1051 1251 προφητῶν,
1070 1198 1129 1235 καὶ

111 1259 172 1307 τὴν
204 1261 419 1314 κυριωτάτην
441 1262 562 1312 ἐπάγει
580 1260 677 1299 λύσιν
709 1262 747 1298 ἐκ
776 1263 835 1297 τοῦ
858 1259 964 1307 Ὠσηὲ
994 1258 1051 1297 καὶ
1071 1264 1130 1298 τοῦ

109 1319 276 1368 (Ησαίου,
293 1321 457 1374 πρότερον
474 1321 536 1368 τὴν
553 1321 699 1373 ἀπορίαν
717 1320 879 1367 αὐξήσας.
902 1320 970 1358 Καὶ
985 1320 1051 1371 γὰρ
1072 1319 1130 1358 δύο

113 1381 186 1418 ἐστὶ
215 1381 258 1419 τὰ
287 1382 508 1433 ζητούμενα,
530 1381 584 1420 ὅτι
611 1382 670 1420 καὶ
699 1381 742 1419 τὰ
769 1382 848 1427 ἔθνη
878 1381 1046 1432 ἐπέτυχε,
1069 1379 1129 1419 καὶ

589 1442 766 1489 τουτέστι,
798 1441 846 1487 μὴ
869 1441 1126 1480 σπουδάσαντα.

797 1477 804 1493 l

114 1502 183 1539 Καὶ
204 1501 309 1540 πάλιν
331 1502 388 1539 ἐπὶ
407 1506 474 1541 τῶν
494 1503 668 1541 Ἰουδαίων
697 1502 823 1553 ὁμοίως
856 1502 899 1539 τὰ
916 1501 974 1540 δύο
991 1501 1106 1552 ἄπορα
1119 1531 1128 1547 ,

116 1441 164 1491 μὴ
195 1441 363 1479 διώκοντα
391 1442 534 1494 ἐπέτυχε
552 1471 561 1489 ,

113 1563 165 1599 ὅτι
185 1562 244 1600 καὶ
264 1562 407 1615 Ἰσραὴλ
425 1565 487 1601 οὐκ
502 1563 665 1615 ἐπέτυχε,
680 1563 739 1601 καὶ
759 1562 959 1606 σπουδάζων
977 1564 1037 1599 οὐκ
1053 1561 1132 1599 ἕπε’-

115 1639 209 1674 τυχε.
242 1624 305 1662 Διὸ
331 1624 389 1661 καὶ
417 1631 491 1667 ταῖς
520 1624 651 1668 λέξεσιν
680 1622 980 1675 ἐμφαντικώτερον
1002 1622 1130 1674 κέχρη-

115 1700 195 1720 ται·
227 1685 303 1722 οὐδὲ
329 1685 396 1736 γὰρ
429 1680 537 1734 εἶπεν,
569 1684 621 1722 ὅτι
642 1684 724 1736 ἔσχε
756 1683 990 1729 δικαιοσύνην,
1015 1683 1129 1731 ἀλλὰ,

116 1744 311 1783 Κατέλαὸε.
345 1746 397 1783 Τὸ
433 1745 500 1798 γὰρ
528 1746 645 1784 καινὸν
673 1745 826 1795 μάλιστα
854 1743 912 1782 καὶ
936 1743 1130 1795 παράδοξον

113 1805 212 1843 τοῦτο’
230 1808 335 1852 ἐστιν,
355 1805 407 1844 ὅτι
428 1810 445 1844 ὁ
466 1806 598 1844 διώκων
617 1809 653 1844 οὐ
673 1805 876 1851 κατέλαὸἐν,
898 1803 965 1843 ὅδὲ
985 1803 1033 1853 μὴ
1054 1802 1129 1841 διώ-

114 1881 183 1903 κων
205 1867 388 1905 κατέλαῧε.
410 1867 479 1905 Καὶ
500 1869 591 1905 δοκεῖ
619 1867 678 1918 μὲν
714 1869 828 1910 αὐτοῖς
852 1865 1053 1918 χαρίζεσθαι
1083 1868 1131 1918 τῷ

114 1928 237 1978 λέγειν,
255 1928 398 1966 Αιώκων
411 1944 419 1951 ·
447 1927 587 1979 ὕστερον
606 1928 641 1966 δὲ
661 1927 797 1980 καιρίαν
818 1927 940 1977 ἐπάγει
963 1926 1025 1973 τὴν
1045 1929 1132 1974 πλη·

116 1988 192 2038 γῆν.
207 1988 351 2035 Ἐπειδὴ
367 1989 433 2040 γὰρ
452 1989 524 2040 ἔχει
542 1989 687 2042 ἰσχυρὰν
706 1989 802 2027 λύσιν
820 1990 1019 2039 ἐπαγαγεῖν,
1036 1988 1129 2027 οὐδὲν
1167 1996 1169 1999 ”

118 2048 132 2058 a

115 2047 245 2085 δέδοικε
263 2049 510 2101 χαλεπωτέραν
527 2052 634 2087 ποιῶν
652 2049 714 2096 τὴν
744 2049 926 2087 ἀντίθεσιν.
946 2048 1014 2086 Διὰ
1032 2053 1131 2087 τοῦτο

115 2107 190 2145 οὐδὲ
209 2109 288 2161 περὶ
316 2109 464 2153 πίστεως
487 2109 702 2161 διαλέγεται,
722 2110 780 2147 καὶ
808 2113 870 2156 τῆς
893 2111 1045 2147 ἐντεῦθεν
1074 2110 1129 2147 δι-

113 2168 318 2215 καιοσύνης,
349 2169 439 2207 ἀλλὰ
476 2171 624 2209 δείκνυσι
647 2171 714 2221 πρὸ
746 2173 808 2216 τῆς
830 2169 980 2213 πίστεως
1007 2169 1067 2207 καὶ
1095 2172 1128 2208 ἐν

111 2233 181 2271 τοῖς
205 2229 343 2273 οἰκείοις
368 2230 579 2277 ἡττηθέντας
600 2231 719 2274 αὐτοὺς
746 2231 805 2268 καὶ
826 2230 1123 2281 καταδεδικασμέ-

228 2290 278 2327 Σὺ
301 2290 362 2341 μὲν
382 2290 471 2343 γὰρ,
500 2285 528 2329 ὦ
551 2291 694 2330 Ἰουδαῖε
709 2322 718 2340 ,
741 2291 857 2343 φησὶν,
889 2290 966 2328 οὐδὲ
995 2291 1057 2337 τὴν
1090 2293 1129 2329 ἐκ

111 2303 198 2332 νους.

111 2353 170 2386 τοῦ
188 2350 292 2401 νόμου
311 2351 527 2399 δικαιοσύνην
543 2347 654 2405 εῧρες·
676 2352 832 2403 παρέὸης
851 2350 917 2403 γὰρ
935 2351 1050 2399 αὐτὸν,
1069 2351 1128 2389 καὶ

111 2410 291 2455 ὑπεύθυνος
308 2412 450 2463 γε’γονας
468 2416 510 2463 τῇ
532 2415 616 2466 ἀρᾷ·
639 2407 733 2451 οὗτοι
753 2413 788 2451 δὲ
807 2416 838 2452 οἱ
855 2412 902 2465 μὴ
925 2412 982 2452 διὰ
995 2415 1055 2452 τοῦ
1074 2412 1128 2449 νό-

113 2486 177 2520 μου
198 2472 374 2520 ἐλθόντες,
395 2474 471 2510 ἀλλ’
499 2473 617 2525 ἑτέρας
638 2474 715 2512 ὁδοῦ
728 2504 737 2521 ,
759 2473 897 2524 μείζονα
921 2474 1049 2521 ταύτης
1066 2468 1127 2512 εἷ-

114 2546 169 2582 ρον
190 2533 424 2582 δικαιοσύνην,
445 2534 508 2581 τὴν
529 2535 597 2573 ἀπὸ
613 2537 676 2580 τῆς
695 2535 844 2578 πίστεως
859 2551 867 2558 ·
887 2534 972 2587 ὅπερ
992 2529 1048 2573 οὖν
1068 2535 1127 2573 καὶ

112 2592 280 2643 ἀνώτερον
303 2593 429 2645 ἔλεγεν,
451 2597 495 2633 Εἰ
521 2596 588 2648 γὰρ
610 2595 769 2647 Ἀδραὰμ
787 2596 822 2640 ἐξ
842 2598 950 2647 ἔργων
969 2596 1127 2634 ἐδικαιώ-

111 2657 152 2698 θη
167 2682 176 2699 ,
196 2653 267 2704 ἔχει
287 2654 456 2706 καύχημα
470 2686 481 2705 ,
509 2658 584 2694 ἀλλ’
613 2660 650 2696 οὔ
671 2659 756 2710 πρὸς
770 2657 828 2696 τὸν
847 2657 955 2696 Θεόν·
978 2656 1124 2705 δεικνὺς,

109 2713 162 2751 ὅτι
180 2715 266 2761 αὕτη
282 2718 303 2761 ἡ
322 2717 519 2764 δικαιοσύνη
539 2718 663 2768 μείζων
681 2718 813 2766 ἐκείνης
832 2718 939 2756 ἐστίν.
961 2717 1124 2770 Ἔμπρο-

112 2776 188 2810 σθεν
210 2774 271 2823 μὲν
294 2770 350 2813 οῧν
385 2776 516 2827 ἔλεγον,
551 2778 604 2816 ὅτι
625 2778 683 2816 δύο
719 2779 792 2816 ἐστὶ
813 2779 857 2818 τὰ
885 2778 1124 2831 ἀπορούμενα,

110 2839 182 2876 νυνὶ
201 2840 236 2878 δὲ
262 2841 320 2878 καὶ
337 2842 418 2892 τρία
446 2843 489 2879 τὰ
517 2843 701 2894 ζητήματα
722 2845 876 2896 γέγονεν·
896 2844 950 2883 ὅτι
981 2844 1026 2883 τὰ
1045 2845 1124 2891 ἔθνη

111 2903 170 2940 καὶ
189 2899 265 2957 εῧρε
285 2907 517 2956 δικαιοσύνην,
534 2908 593 2946 καὶ
611 2908 658 2959 μὴ
680 2908 848 2947 διώκοντα
864 2904 961 2964 εἶρε,
976 2911 1034 2949 καὶ
1052 2911 1127 2962 μεί4

111 2971 189 3012 ζονα
216 2966 293 3023 effigie
322 2977 383 3019 τῆς
403 2975 441 3012 ἐκ
458 2978 517 3012 τοῦ
543 2974 662 3025 νόμου.
680 2975 737 3015 Τὰ
757 2976 844 3014 αὐτὰ
866 2977 906 3024 δὴ
927 2982 1038 3015 ταῦτα
1065 2977 1125 3015 καὶ

110 3036 165 3073 ἐπὶ
186 3039 251 3075 τῶν
266 3039 439 3078 Ἰουδαίων
460 3042 677 3094 διαπορεῖται
692 3044 797 3082 πάλιν
813 3044 847 3088 ἐξ
866 3045 1023 3088 ἐναντίας
1040 3075 1049 3092 ,
1073 3045 1124 3082 ὅτι

112 3102 254 3154 Ἰσραὴλ
276 3107 338 3156 οὔχ
357 3100 434 3158 εἶρε
451 3137 458 3151 ,
480 3109 535 3146 καὶ
561 3111 763 3155 σπουδάζων
783 3113 848 3163 οὐχ
868 3106 943 3162 εἶρε
960 3140 972 3157 ,
994 3111 1053 3150 καὶ
1071 3112 1134 3159 τὴν

113 3169 277 3206 ἐλάττονα
306 3171 372 3222 οὐχ
395 3167 502 3225 εῧρεν.
535 3174 724 3225 Ἔμὸαλὼν
748 3177 861 3215 τοίνυν
897 3181 944 3221 εἷς
976 3181 1124 3232 ἀπορίαν

112 3301 174 3346 τὴν
207 3301 319 3338 αἰτίαν
349 3304 432 3353 φησὶ
469 3309 536 3343 τῶν
566 3309 756 3358 εἰρημένων
783 3311 958 3351 ἁπάντων.
983 3314 1047 3358 Τίς
1068 3308 1124 3352 οὖν

112 3368 203 3404 ἐστιν
221 3369 241 3413 ἦ
264 3368 356 3405 αἰτία
374 3384 384 3417 ;
406 3369 490 3407 “Oti
509 3374 570 3410 οὐκ
595 3375 634 3410 ἔκ
663 3375 812 3421 πίστεως
826 3408 835 3425 ,
858 3380 933 3417 ἀλλ’
955 3383 1001 3424 ὡς
1020 3381 1053 3425 ἐξ
1074 3383 1125 3435 ἔρ-

114 3449 181 3481 γων
217 3434 330 3483 νόμον.
363 3435 458 3482 Αὕτη
485 3441 505 3483 ἦ
537 3441 733 3490 σαφεστάτη
764 3447 822 3481 τοῦ
844 3446 973 3497 χωρίου
1003 3448 1127 3491 παντὸς

674 3493 684 3499 ..
749 3495 770 3511 4.

1257 268 1412 300 noim.
1451 271 1546 302 xvt.
2084 261 2176 308 685

1196 354 1290 405 passi
1306 365 1418 394 essent
1430 372 1441 406 3
1455 356 1491 394 id
1507 366 1569 406 est,
1589 356 1869 397 internecionem.
1886 360 1978 397 Nam
1997 370 2030 398 et
2049 360 2103 399 illi
2122 376 2178 399 ra—

1196 414 1326 453 dicitus
1348 430 1467 454 omnes
1482 417 1674 469 perierunt,
1689 431 1752 457 nec
1768 419 1826 458 vel
1846 434 1973 471 parum
1990 421 2177 473 quidpiam

1151 482 1174 511 Β
1198 475 1341 513 seminis
1357 476 1572 527 reliquerunt
1584 494 1592 515 ι
1604 488 1637 517 et
1649 479 1688 517 hi
1704 479 1825 531 itaque
1846 489 1885 518 ut
1904 481 1958 519 illi
1975 482 2174 534 periissent,

1198 535 1266 573 nisi
1285 537 1396 575 multa
1414 540 1511 576 Deus
1529 539 1745 591 benignitate
1774 555 1858 579 usus
1875 551 1974 591 esset,
1995 552 2027 580 et
2046 558 2108 595 per
2127 544 2176 582 fi-

1199 595 1280 632 dem
1298 596 1379 634 illos
1395 608 1576 636 servasset.
1595 600 1670 637 Hoc
1690 600 1797 638 etiam
1819 601 1856 639 in
1883 603 2044 641 sensibili
2065 605 2176 660 cami-

1200 655 1308 694 vitate
1322 658 1457 695 factum
1474 668 1524 696 est
1538 673 1545 695 :
1561 659 1664 710 longe
1680 660 1800 711 plures
1816 663 1909 699 enim
1932 663 2078 702 abducti
2095 674 2177 702 sunt

1200 724 1232 753 et
1248 716 1440 767 perierunt⁷
1463 719 1565 769 pauci
1591 734 1673 757 vero
1697 722 1828 759 servati
1855 732 1947 761 sunt.
1973 725 2035 763 50,
2075 727 2178 776 Quid

1201 789 1288 827 ergo
1318 778 1650 829 dicernu57inquit?
1676 781 1788 830 Quod
1811 791 1955 833 gentes,
1979 799 2064 835 quoe
2099 801 2177 824 non

1199 845 1355 876 sectatoe
1374 847 1463 875 sunt
1481 840 1687 888 justitiam,
1714 844 2046 892 apprehenderunt
2063 849 2178 898 justi·

1200 898 1310 944 tiam,
1326 900 1526 950 justitiam
1552 908 1679 937 autem
1699 902 1841 952 exfide
1858 904 1940 941 251.
1968 907 2094 944 Israel
2112 921 2178 946 αιι-

1200 965 1289 1003 tem,
1318 961 1384 1008 qui
1407 962 1629 997 sectabatur
1654 961 1774 1012 legem
1790 964 1967 1014 justitioe‚
1990 967 2042 1002 ad
2061 968 2179 1018 legem

1202 1019 1362 1065 iustitiae
1394 1032 1472 1056 non
1489 1023 1674 1071 pervenit.
1704 1021 1994 1062 Manifestissima
2019 1025 2078 1064 hic
2106 1029 2183 1078 jam

1200 1077 1351 1116 solutio:
1369 1080 1453 1130 quia
1474 1081 1567 1119 enim
1589 1096 1634 1119 ex
1663 1082 1768 1121 rebus·
1789 1083 1873 1135 ipsis
1901 1086 1975 1136 jam
2006 1088 2182 1137 ostendit,

1201 1140 1292 1177 Non
1315 1143 1419 1178 enim
1453 1155 1584 1181 omnes
1609 1146 1675 1195 qui
1701 1159 1748 1182 ex
1778 1147 2017 1195 Israel,szcrzt
2038 1152 2181 1200 Israel,

1199 1209 1232 1237 et
1250 1215 1294 1240 ex
1308 1202 1597 1253 progenitoribus
1625 1205 1749 1243 Jacobi
1774 1215 1808 1244 et
1842 1207 1960 1258 Esau,
1977 1219 2010 1247 et
2030 1224 2081 1248 cx
2100 1226 2183 1263 pro-

1199 1260 1328 1313 phetis,
1343 1262 1603 1302 validissimam
1635 1265 1774 1304 inducit
1801 1268 2011 1308 solutionem
2027 1285 2072 1309 ex
2093 1272 2183 1311 Osee

1199 1332 1232 1360 et
1247 1323 1350 1373 Isaia‚
1370 1325 1469 1376 prius
1488 1325 1633 1376 quidem
1650 1326 1898 1368 difficultatem
1922 1345 2065 1383 augens.
2088 1335 2181 1372 Nam

1199 1384 1272 1423 duo
1300 1386 1447 1436 quaesita
1463 1396 1560 1435 sunt,
1577 1397 1611 1427 et
1630 1389 1725 1439 quod
1744 1400 1862 1441 gentes
1884 1404 2079 1444 assequutae
2094 1395 2177 1445 sint,

1200 1454 1233 1484 et
1252 1460 1319 1484 non
1337 1447 1500 1485 sectando
1519 1459 1715 1500 assequutae
1743 1451 1825 1501 sint,
1843 1452 1882 1491 id
1911 1463 1973 1504 est,
2005 1455 2080 1493 sine
2109 1457 2183 1494 ulla

1200 1521 1284 1545 cura
1300 1517 1333 1545 et
1362 1508 1491 1547 studio.
1513 1509 1560 1547 Et
1580 1525 1703 1549 rursus
1722 1511 1815 1550 circa
1832 1515 1855 1553 J
1858 1514 1978 1553 udaeos
1995 1515 2075 1554 duae
2101 1527 2183 1554 sunt

1200 1569 1391 1608 dubitandi
1410 1571 1623 1616 rationes‚et
1639 1573 1735 1624 quod
1753 1575 1858 1613 lsrael
1873 1591 1942 1616 non
1957 1589 2180 1630 assequutus,

1200 1639 1232 1668 et
1253 1631 1348 1681 quod
1369 1631 1474 1670 etiam
1496 1632 1657 1672 adhibito
1689 1635 1808 1673 studio
1838 1651 1908 1675 non
1940 1639 1985 1677 sit
2016 1655 2183 1691 assequu-

1203 1700 1268 1730 tus.
1286 1692 1441 1743 Ideoque
1459 1694 1577 1732 verbis
1594 1709 1674 1732 cum
1691 1697 1824 1748 majore
1838 1699 1997 1750 emphasi
2011 1715 2095 1738 usus
2110 1711 2160 1739 est
2174 1718 2182 1738 ε

1203 1767 1271 1791 non
1292 1754 1384 1792 enim
1400 1754 1507 1805 dixit,
1528 1756 1661 1794 Habuit
1684 1757 1875 1808 justitiam,
1900 1760 1974 1810 sed,
2001 1762 2180 1814 Accepit.

1204 1815 1311 1862 Quod
1329 1815 1421 1853 enim
1445 1830 1577 1855 novum
1596 1817 1888 1870 inopinatumque
1909 1830 1973 1871 est,
1995 1823 2057 1872 qui
2075 1833 2183 1862 secta-

1201 1877 1307 1914 batur
1326 1891 1393 1915 non
1414 1878 1647 1930 apprehendit
1661 1895 1672 1929 3
1698 1879 1758 1929 qui
1781 1895 1866 1919 vero
1883 1895 1953 1920 non
1972 1884 2182 1934 sectabatur,

1202 1937 1449 1989 apprehendit.
1475 1938 1522 1976 Et
1553 1938 1695 1977 videtur
1723 1940 1868 1990 quidem
1897 1942 1969 1980 illis
1988 1944 2183 1994 gratificari

1202 2012 1281 2036 cum
1302 1998 1404 2049 dicit,
1433 2000 1505 2050 Qui
1537 2002 1757 2038 sectabatur
1774 2011 1914 2054 :postea
1935 2018 2019 2042 vero
2043 2004 2183 2044 letalem

1201 2058 1288 2110 ipsis
1306 2059 1449 2110 plagam
1466 2059 1581 2099 insert.
1603 2059 1696 2106 Quia
1715 2060 1809 2098 enim
1823 2062 1981 2101 validam
1999 2064 2108 2102 habet
2126 2066 2183 2103 af-

1200 2119 1380 2159 ferendam
1406 2119 1628 2166 solutionem,
1648 2121 1741 2158 nihil
1758 2121 1856 2160 timet
1876 2123 1964 2162 dum
1984 2126 2184 2176 graviorem

1198 2179 1283 2217 facit
1296 2179 1540 2231 objectionem.
1556 2179 1638 2217 Ideo
1652 2195 1764 2231 neque
1779 2182 1823 2219 de
1837 2182 1909 2220 fide
1927 2183 2069 2223 disserit
2083 2195 2116 2223 ct
2139 2187 2183 2225 de

1195 2240 1335 2292 justitia
1354 2240 1436 2278 inde
1455 2249 1571 2292 parta,
1592 2240 1659 2280 secl
1683 2242 1837 2280 ostendit
1864 2244 1947 2282 illos
1967 2255 2048 2283 ante
2075 2247 2184 2286 fidem

1198 2301 1235 2338 in
1254 2300 1408 2353 propriis
1429 2311 1611 2353 superatos
1627 2311 1661 2341 et
1672 2302 1857 2342 damnatos
1870 2305 2057 2344 fuisse.Tu
2077 2308 2182 2357 enim,

1150 2356 1174 2386 Ε
1198 2364 1220 2402 J
1224 2362 1336 2411 udaee,
1357 2362 1487 2413 inquit,
1505 2375 1616 2415 neque
1642 2364 1820 2417 justitiam
1841 2381 1887 2404 ex
1904 2366 1981 2419 lege
1999 2370 2157 2421 reperisti
2172 2387 2183 2420 ;

1196 2422 1297 2461 illam
1316 2423 1410 2461 enim
1439 2432 1676 2476 transgressus
1695 2440 1743 2475 es,
1763 2435 1796 2465 et
1825 2427 2001 2466 obnoxius
2020 2430 2130 2469 factus
2148 2446 2182 2469 es

1198 2484 1440 2522 maledictioni
1455 2500 1462 2521 :
1476 2485 1515 2522 hi
1525 2500 1610 2525 vero
1625 2485 1686 2536 qui
1701 2500 1771 2524 non
1786 2502 1850 2539 per
1864 2488 1978 2540 legem
1994 2501 2179 2539 venerunt,

1198 2544 1259 2583 sed
1275 2560 1339 2597 per
1357 2543 1464 2583 aliam
1489 2545 1598 2592 viam,
1624 2547 1795 2598 majorem
1813 2548 1880 2586 hac
1900 2549 2182 2603 invenerffljjusti-

1198 2604 1300 2654 tiam,
1316 2616 1395 2656 quae
1425 2619 1470 2643 ex
1491 2605 1562 2643 fide
1590 2615 1642 2643 est
1659 2607 1777 2656 :quod
1804 2608 1912 2646 etiam
1940 2624 2047 2661 supra
2066 2612 2178 2650 dixit:

1152 1145 1176 1176 Γ)

1199 2664 1239 2702 Si
1254 2667 1356 2702 enim
1373 2666 1581 2703 Abraham
1597 2680 1644 2703 ex
1666 2670 2089 2721 operibusjustffleatus
2107 2682 2177 2722 est,
2196 2684 2320 2721 Roma.
2333 2692 2362 2718 2,

1198 2724 1314 2761 habet
1323 2725 1608 2775 gloriationem,
1617 2727 1686 2763 sed
1700 2739 1778 2763 non
1793 2729 1898 2778 apud
1911 2730 2038 2767 Deum
2046 2747 2061 2775 ;
2072 2741 2182 2771 osten-

1196 2784 1283 2822 dens
1303 2785 1395 2822 lianc.
1407 2785 1588 2836 justitiam
1604 2786 1666 2824 illa
1687 2787 1856 2839 majorem
1877 2803 1959 2829 esse.
1980 2792 2084 2831 Prius
2100 2808 2182 2846 ergo

1196 2846 1361 2884 dicebant
1376 2845 1464 2884 duas
1476 2861 1548 2885 esse
1561 2848 1783 2898 quaestiones,
1797 2864 1891 2888 nunc
1903 2866 1987 2890 vero
2002 2862 2072 2892 tres
2087 2869 2181 2905 quae-

1197 2907 1324 2945 stiones
1342 2908 1442 2946 factae
1462 2917 1544 2946 sunt
1560 2908 1674 2960 :quod
1702 2919 1821 2960 gentes
1835 2912 2012 2962 justitiam
2035 2915 2178 2954 invene-

1197 2982 1244 3018 τε,
1263 2977 1297 3005 et
1328 2982 1397 3006 non
1430 2978 1674 3020 persequentes
1700 2969 1924 3023 invenerunt,
1947 2984 1980 3012 et
2011 2979 2177 3028 majorem

1196 3043 1301 3079 quam
1326 3028 1501 3080 justitiam
1530 3029 1632 3080 legis.
1668 3029 1805 3069 Eadem
1823 3033 1900 3084 ipsa
1926 3034 1970 3073 de
1990 3037 2123 3075 Judaeis
2141 3037 2177 3075 in

1196 3090 1488 3143 disceptationem
1523 3091 1669 3130 veniunt
1688 3105 1706 3130 e
1734 3095 1929 3144 contrario,
1954 3097 2048 3147 quod
2070 3099 2177 3136 Israel

1199 3165 1267 3189 non
1297 3152 1488 3201 invenerit,
1513 3151 1608 3202 quod
1640 3152 1759 3191 studio
1790 3154 1952 3194 adhibito
1983 3172 2052 3196 non
2073 3158 2177 3197 inve-

133 3236 139 3243 *
196 3237 205 3249 Ἰ
398 3238 407 3251 ³
450 3238 458 3252 Ι
1139 3214 1186 3237 ⁶²⁰
1200 3211 1303 3257 nerit,
1348 3220 1382 3248 et
1414 3212 1509 3261 quod
1541 3212 1714 3250 minorem
1751 3228 1821 3254 non
1863 3215 2044 3258 invenerit.
2086 3220 2177 3258 Cum

111 3251 167 3272 τον
188 3235 372 3285 ακροατὴν,
393 3253 513 3289 επαγει
530 3241 649 3280 λοιπὸν
669 3243 835 3294 σύντομον
856 3244 917 3292 τὴν
937 3246 1047 3294 λύσιν,
1067 3249 1126 3286 καὶ
1151 3250 1176 3278 Α

1200 3271 1310 3322 igitur
1355 3270 1552 3310 auditorem
1592 3272 1627 3310 in
1667 3273 1927 3314 dubitationem
1964 3279 2178 3331 conjecisset,

1199 3333 1335 3370 inducit
1352 3332 1496 3372 demum
1528 3334 1671 3373 brevem
1692 3336 1915 3387 solutionem,
1934 3349 1967 3378 et
1990 3341 2179 3392 praedicto-

1200 3407 1279 3431 rum
1311 3394 1469 3433 omnium
1500 3408 1641 3432 causam
1669 3395 1769 3435 dicit.
1801 3399 1969 3445 Quaenam
1998 3401 2108 3453 igitur
2129 3414 2180 3443 est

1202 3454 1329 3491 causa?
1346 3454 1408 3492 52.
1421 3455 1520 3505 Quia
1539 3469 1615 3493 non
1632 3470 1679 3495 ex
1696 3457 1788 3507 fide,
1809 3461 1876 3498 sed
1890 3465 2001 3511 quasi
2029 3477 2074 3501 ex
2093 3479 2180 3515 ope—
