2466 3805
312 282 404 341 264
773 299 810 326 s.
848 297 1031 326 ioannis
1067 294 1310 324 cum'sos‘r.

307 389 456 429 quntum
475 392 547 416 esse
564 378 742 414 doctorem
762 376 930 423 declarat,
952 389 1014 412 nec
1037 374 1125 425 quid
1153 374 1285 412 dixerit

305 440 460 489 proferre
474 447 587 489 potest
605 437 621 473 Ξ)
641 438 714 474 Hoc
727 435 940 472 adulationis
960 444 1021 472 est.
1049 435 1141 471 Nam
1157 434 1203 481 ei,
1223 434 1284 484 qui

306 498 515 534 citharoedos
547 505 580 532 et
604 495 780 545 tragoedos
814 494 929 544 audit,
959 494 997 531 id
1021 495 1101 546 jure
1125 494 1254 531 accidit
1270 524 1281 544 ,

306 567 426 608 utpote
446 557 507 606 qui
535 556 666 592 nesciat
696 554 827 591 similia
862 556 1016 606 proferre
1040 570 1047 591 ε
1081 555 1143 592 ubi
1167 564 1285 592 autem

302 631 365 654 nec
383 626 504 654 cantus
524 630 587 653 nec
603 615 798 653 modulatio
809 615 907 653 adest
922 646 932 665 ,
956 616 1015 654 sed
1034 617 1212 655 sententiae
1227 630 1283 654 so-

301 678 376 713 lum
396 685 428 713 et
447 676 681 727 philosophiae
700 676 825 725 virtus,
854 691 931 726 quae
964 677 1078 714 cuivis
1103 676 1221 715 dicere
1250 686 1284 715 et

300 736 480 773 enuntiare
504 735 607 773 facile
625 745 690 787 est5
710 736 888 786 quomodo
908 751 977 774 non
1004 737 1134 788 dignus
1160 737 1283 789 objur-

299 797 438 847 gatione
456 806 522 847 est,
543 797 604 848 qui
620 811 662 835 ne
682 812 822 835 causam
842 798 983 848 quidem
1006 798 1124 837 dicere
1141 808 1281 851 potest,

298 872 361 895 cur
384 858 650 896 concionantem
667 859 894 897 laudaverit?
915 860 1013 897 Nihil
1033 860 1081 898 ita
1101 859 1199 898 decet
1221 874 1281 898 ec-
1296 895 1344 919 ΥΟ

1349 295 1536 324 ΑΚΕΗΙΕΡ
1545 315 1554 324 .
1593 295 1949 326 (ΖΟΝΞΤΑΝΤῙΝΟΡ.

1356 374 1575 427 ὶόἰκροατῆς,
1599 378 1673 420 πῶς
1703 379 1740 415 οὗ
1766 377 1872 422 κόλαξ
1908 379 1967 416 καὶ
1999 379 2098 431 εἴρων
2128 379 2375 430 νομισθήσεται

1358 436 1501 484 μᾶλλον,
1520 436 1572 473 ὅτι
1597 435 1659 485 μὲν
1677 438 1791 479 καλῶς
1805 431 1897 474 εἶπεν
1915 441 1932 475 ὁ
1950 438 2156 481 διδάσκαλος
2182 438 2375 490 ἅποφαινό·

1358 509 1478 544 μενος,
1497 495 1578 533 τίδὲ
1595 490 1688 533 εἶπεν
1716 497 1775 533 οὐκ
1804 496 1893 548 ἔχων
1914 496 2018 540 ’δεῖξαι
2034 514 2044 544 ;
2060 499 2092 535 Τ
2095 503 2172 535 οῧτο
2191 498 2376 541 κολακείας

1357 555 1462 593 ἐστίν.
1477 555 1523 593 ‘O
1544 556 1605 606 μὲν
1622 555 1689 607 γὰρ
1707 558 1908 608 κιθαρῳδῶν
1933 556 2082 600 ἀκούσας
2096 558 2154 595 καὶ
2172 560 2373 610 τραγῳδῶν,

1356 615 1496 660 εἰκότως
1528 617 1568 654 ἂν
1586 622 1686 656 τοῦτο
1714 617 1839 665 πάθοι,
1857 617 1918 655 ἅτε
1946 620 2006 655 οὐκ
2026 617 2123 661 εἰδὼς
2154 620 2279 668 ὁμοίιος
2308 620 2372 665 τὴν

1356 679 1456 727 ῥῆσιν
1476 680 1584 716 εἰπεῖν
1599 694 1606 702 ·
1628 678 1707 716 ἔνθα
1725 677 1760 716 δὲ
1778 681 1815 716 οὐ
1843 678 1966 729 μέλους
1995 678 2156 722 ἐπίδειξίς
2175 682 2266 717 ἐστιν
2295 680 2373 718 οὐδὲ

1354 742 1486 789 φωνῆς,
1508 739 1597 778 ἀλλὰ
1617 739 1800 790 νοημάτων
1821 739 1880 777 καὶ
1903 738 2106 791 φιλοσοφίας
2123 739 2287 790 δύναμις,
2314 741 2374 778 καὶ

1353 800 1458 837 παντὶ
1479 800 1594 853 ῥᾴδιον
1614 802 1722 837 εἰπεῖν
1739 799 1798 838 καὶ
1827 801 2054 851 ἀπαγγεῖλαι,
2081 802 2155 842 πῶς
2189 802 2250 837 οὐκ
2283 799 2375 844 ἄξιος

1347 861 1568 913 ’κατηγορίας
1586 863 1603 897 ὃ
1624 859 1671 910 μὴ
1693 859 1846 906 δυνηθεὶς
1882 862 1991 897 εἰπεῖν
2014 859 2078 906 τὴν
2104 859 2233 909 αἰτίαν,
2255 860 2300 897 δι’
2331 861 2374 907 ἣν

1315 910 1325 921 ,

296 917 450 966 clesiam,
477 927 518 955 ut
544 918 722 957 silentium
744 928 776 957 et
808 920 991 957 modestia.
1013 921 1206 958 Tumultus
1237 920 1282 958 ad
1306 934 1332 961 A
1355 921 1499 972 ἐπῄνεσε
1528 921 1585 958 τὸν
1610 919 1899 972 λε’γοντα;οὗὂὲν
1925 921 2015 958 οὕτω
2041 920 2173 973 πρέπον
2204 921 2375 973 ἐκκλησίᾳ

295 979 431 1016 theatra
444 979 607 1031 pertinet,
622 980 669 1017 ad
683 980 822 1029 balnea,
836 980 878 1018 ad
897 995 1055 1033 pompas,
1071 981 1118 1019 ad
1140 982 1258 1019 forum
1272 995 1280 1017 :

295 1039 358 1076 ubi
374 1054 458 1077 vero
476 1040 602 1077 talium
619 1040 827 1091 dogmatum
844 1040 1001 1079 doctrina
1022 1051 1071 1079 est
1089 1072 1100 1092 ,
1120 1042 1172 1079 ibi
1185 1051 1280 1079 tran-

295 1100 469 1150 quillitas,
500 1101 611 1151 quies,
645 1101 871 1153 philosophia
884 1131 894 1151 ,
922 1111 953 1139 et
973 1103 1097 1154 portus
1130 1116 1279 1154 magnus

293 1174 365 1198 esse
393 1160 508 1199 debet.
534 1161 641 1211 Haee,
663 1176 724 1199 oro
750 1171 782 1199 et
810 1162 968 1212 obsecro,
1003 1177 1122 1200 omnes
1147 1163 1278 1201 sciatis.

294 1223 427 1260 Omnes
442 1221 579 1259 circum
593 1222 716 1260 modos
731 1223 894 1274 exploro,
909 1224 1007 1273 queis
1017 1232 1138 1275 potero
1151 1224 1279 1262 vestris

291 1282 457 1332 prodesse
481 1283 678 1321 animabus.
699 1284 779 1321 Non
794 1284 945 1335 exiguus
965 1284 1024 1321 ille
1044 1284 1133 1321 mihi
1152 1285 1278 1323 modus

292 1342 447 1390 videtur,
467 1343 528 1394 qui
550 1357 618 1381 non
641 1343 745 1381 robis
771 1353 920 1393 tantum,
958 1344 1021 1382 sed
1049 1345 1153 1382 etiam
1187 1345 1277 1383 mihi

291 1404 461 1455 proderit.
482 1406 560 1442 Non
575 1404 664 1442 sinet
684 1419 746 1442 nos
759 1406 947 1457 prosterni,
980 1420 1092 1456 neque
1105 1406 1228 1443 laudes
1245 1416 1276 1444 et

290 1465 439 1515 gloriam
455 1480 584 1515 amare,
600 1480 710 1517 neque
729 1466 940 1504 oblectantia
954 1467 1064 1517 loqui,
1077 1466 1137 1504 sed
1150 1467 1271 1504 utilia:

289 1540 401 1577 neque
436 1528 472 1566 in
506 1528 758 1580 compositione
788 1537 820 1565 et
851 1528 1023 1579 elegantia
1060 1527 1237 1566 dictorum
1260 1559 1271 1579 ,

289 1588 349 1625 sed
367 1588 401 1626 in
423 1588 461 1626 vi
479 1603 645 1626 sensuum
659 1589 755 1626 omni
775 1589 944 1640 temporis
964 1598 1141 1626 momento
1154 1604 1274 1627 versa-

287 1648 331 1685 ri.
352 1649 540 1700 Ingredere
552 1650 586 1686 in
602 1649 748 1701 pictoris
762 1649 960 1697 officinam,
980 1658 1012 1686 et
1028 1649 1103 1686 illic
1122 1650 1275 1687 multum

285 1710 489 1748 observabis
517 1710 708 1748 silentium.
727 1710 773 1748 Et
792 1710 851 1748 hic
868 1711 973 1748 ctiam
1003 1720 1075 1749 esto
1090 1727 1097 1747 ε
1110 1725 1191 1749 nam
1215 1712 1275 1750 hic

285 1785 423 1821 quoque
450 1771 562 1823 regias
583 1771 763 1823 pingimus
787 1771 970 1822 imagines,
991 1781 1024 1809 et
1038 1772 1174 1809 nullam
1193 1773 1274 1824 pri-

282 1831 359 1867 vati
384 1830 548 1879 hominis,
562 1831 608 1868 ob
627 1831 752 1868 coloris
771 1831 951 1868 virtutem.
985 1831 1081 1878 Quid
1105 1832 1173 1870 hoc
1194 1834 1273 1871 est?

282 1906 423 1929 rursum
442 1891 612 1944 plauditis
628 1892 645 1929 ,⁰
663 1895 741 1931 Non
764 1893 879 1930 facilis
893 1907 947 1930 res
966 1893 1119 1943 videtur,
1139 1894 1275 1944 hocque

282 1966 351 1990 non
372 1967 416 1990 ex
453 1962 578 1990 natura
598 1983 608 2002 ,
651 1953 714 1991 sed
732 1968 777 1991 ex
808 1953 1085 2003 consuetudine,
1116 1954 1276 1992 nondum

283 2013 467 2051 emendare
497 2014 675 2052 didicisse.
707 2015 819 2052 Stilus
842 2029 924 2066 crgo
949 2015 1050 2052 nobis
1067 2024 1117 2053 est
1135 2016 1273 2073 lingua,

288 2075 418 2112 artifex
437 2075 594 2127 Spiritus
610 2085 761 2113 sanetus.
783 2076 851 2114 Die
862 2075 972 2113 mihi:
988 2075 1023 2113 in
1037 2077 1217 2128 mysteriis
1229 2091 1274 2114 an

287 2135 478 2182 tumultus,
497 2149 540 2172 an
558 2135 714 2173 turbatio
733 2136 814 2173 est?
834 2137 925 2173 Cum
940 2136 1175 2188 baptizamur,
1191 2151 1273 2174 eum

288 2197 356 2234 alia
397 2198 514 2235 omnia
544 2198 709 2247 facimus,
742 2212 857 2235 annon
896 2199 995 2249 quies
1027 2208 1061 2236 et
1091 2199 1273 2237 silentium

287 2259 404 2296 omnia
415 2259 598 2296 detinent?
615 2259 698 2296 Haec
713 2259 748 2296 in
760 2260 848 2297 coelo
861 2259 1092 2311 pulchritudo
1113 2260 1271 2312 dispersa

286 2330 351 2358 cst.
370 2321 455 2358 Ideo
486 2320 581 2372 apud
602 2321 748 2371 gentiles
776 2321 867 2358 male
883 2321 1062 2370 audimus,
1095 2321 1194 2372 quasi
1227 2322 1273 2359 ad

287 2382 556 2419 ostentationem
576 2391 608 2418 ct
624 2381 799 2419 ambitum
814 2381 931 2419 onmia
950 2382 1134 2419 faciamus.
1155 2381 1224 2420 Sed
1243 2382 1273 2420 si

287 2443 355 2479 hoc
393 2442 614 2491 cohibeatur,
640 2442 746 2479 etiam
773 2442 971 2494 primarum
1003 2442 1141 2480 sedium
1174 2457 1272 2480 amor

287 2503 543 2554 exstinguetur.
561 2503 716 2551 Sufficit,
734 2503 762 2540 si
783 2503 861 2553 quis
881 2503 1002 2541 laudes
1022 2513 1130 2550 amat,
1151 2504 1179 2542 si
1194 2514 1273 2557 post

288 2564 490 2601 concionem
512 2563 592 2601 illas
610 2573 831 2614 assequatur,
853 2578 934 2601 eum
957 2565 1093 2602 fructus
1116 2565 1269 2617 colliget.

289 2628 388 2677 Rogo
422 2626 514 2664 hanc
535 2627 720 2664 firmemus
749 2626 885 2677 legem,-
908 2637 947 2665 ut
966 2642 1047 2665 cum
1082 2629 1199 2666 omnia
1223 2643 1271 2667 se-

291 2687 448 2724 eundum
478 2687 544 2725 Dei
559 2687 731 2739 placitum
755 2687 952 2736 fecerimus,
979 2689 1053 2740 ejus
1091 2689 1273 2727 clementia

287 2747 490 2799 dignemur,
510 2747 623 2799 gratia
640 2757 673 2785 et
687 2748 973 2786 miserationibus
989 2750 1172 2801 Unigeniti
1185 2751 1271 2802 ejus,

289 2809 433 2846 Domini
450 2808 559 2846 nostri
585 2810 669 2848 Jcsu
680 2808 814 2845 Christi
828 2839 837 2857 ,
853 2809 997 2859 quicum
1013 2811 1108 2848 Patri
1128 2820 1161 2848 et
1189 2811 1270 2863 Spi-
1294 2812 1318 2840 D

288 2870 371 2907 ritui
398 2879 516 2908 sancto
536 2869 647 2920 gloria
666 2899 676 2917 ‚
701 2869 890 2921 imperium
906 2900 917 2919 ,
943 2871 1081 2921 honor,
1116 2887 1209 2911 nunc
1238 2882 1269 2910 et

290 2945 440 2983 semper,
458 2940 491 2969 et
510 2930 544 2968 in
567 2930 693 2968 saeeula
717 2930 938 2968 saeculorum.
961 2934 1081 2970 Amen.

1300 1540 1324 1570 B

333 3247 347 3269 ¹¹
374 3246 408 3277 Al
425 3247 432 3277 ἰ
450 3252 611 3291 ἀκροατής,
633 3252 678 3280 καὶ
696 3251 801 3286 κόλαξ,
819 3252 866 3280 καὶ
888 3255 982 3291 εἷρξαν.

1351 984 1397 1026 ὡς
1418 981 1522 1033 σιγὴ,
1546 985 1592 1025 ὼς
1613 981 1761 1025 εὐταξία.
1783 981 1952 1033 Θεάτροις
1971 981 2163 1027 ἐπιτήδειος
2188 983 2206 1018 ὃ
2232 981 2375 1032 Οόρυὸος

1351 1042 1411 1080 καὶ
1433 1042 1627 1093 βαλανείοις
1645 1041 1704 1080 καὶ
1721 1047 1878 1092 πομπαῖς
1890 1042 1949 1079 καὶ
1966 1044 2124 1094 ἀγοραῖς·
2142 1041 2222 1079 ἔνθα
2240 1041 2276 1080 δὲ
2292 1042 2373 1093 περὶ

1349 1102 1510 1141 τοιούτων
1531 1103 1713 1154 δογμάτων
1728 1106 1749 1149 ἡ
1768 1102 1974 1140 διδασκαλία
1990 1133 1998 1148 ,
2015 1103 2149 1152 γαλήνη
2167 1102 2226 1140 καὶ
2241 1103 2373 1154 ἡσυχία

1350 1163 1407 1201 καὶ
1422 1163 1606 1216 φιλοσοφία
1620 1195 1630 1212 ,
1646 1164 1705 1202 καὶ
1721 1163 1826 1207 πολὺς
1841 1167 1857 1201 ὃ
1874 1163 1980 1213 λιμὴν
1996 1158 2083 1201 εἶναι
2100 1164 2372 1216 ὂφείλει.Ταῦτα

1350 1225 1473 1275 δέομαι
1502 1225 1562 1263 καὶ
1582 1225 1753 1263 ἀντιὸολῶ
1772 1224 1903 1268 πάντας
1937 1225 2075 1263 εἰδέναι.
2105 1225 2270 1276 Περίειμι
2303 1225 2371 1277 γὰρ

1349 1284 1410 1322 καὶ
1428 1284 1528 1328 αὐτὸς
1556 1286 1702 1337 τρόπους
1721 1285 1902 1329 παντοίους
1936 1288 2120 1331 ἐπιζητῶν,
2151 1287 2192 1322 δι’
2216 1280 2262 1323 ῶν
2282 1286 2372 1337 ὠφε-

1348 1345 1456 1390 λῆσαι
1473 1346 1667 1397 δυνήσομαι
1685 1346 1748 1389 τὰς
1773 1346 1941 1398 ὑμετέρας
1957 1346 2083 1398 ψυχάς.
2100 1348 2151 1384 Οὐ
2171 1345 2292 1397 μικρὸς
2311 1345 2370 1383 καὶ

1347 1400 1443 1449 οὗτος
1455 1409 1472 1444 ὃ
1485 1407 1612 1459 τρόπος
1623 1400 1709 1444 εἷναί
1725 1422 1783 1457 μοι
1800 1407 1911 1445 δοκεῖ·
1927 1409 1992 1458 οὐχ
2009 1410 2098 1456 ὑμᾶς
2116 1406 2289 1458 ὠφελήσει
2305 1405 2371 1456 μό-

1346 1482 1423 1510 νους
1437 1498 1446 1514 ,
1464 1467 1555 1505 ἀλλὰ
1576 1468 1634 1505 καὶ
1656 1471 1760 1518 ἡμᾶς.
1782 1470 1858 1506 Οὐκ
1884 1467 2011 1519 ἀφήσει
2038 1467 2369 1519 ἓκτραχηλίζεσθαι,

1347 1527 1422 1565 οὐδὲ
1449 1527 1599 1565 ἐπαίνων
1619 1529 1678 1565 καὶ
1698 1527 1796 1574 δόξης
1817 1531 1911 1580 ἐρᾷν,
1937 1528 2014 1566 οὐδὲ
2045 1528 2089 1565 τὰ
2123 1528 2294 1579 τέρποντα
2313 1527 2370 1565 λέ-

1345 1604 1428 1638 γειν,
1461 1588 1550 1627 ἀλλὰ
1581 1589 1626 1627 τὰ
1658 1590 1875 1641 ὠφελοῦντα·
1896 1589 1972 1627 οὗῗὲ
2004 1589 2083 1641 περὶ
2113 1589 2283 1636 συνθήκας
2309 1589 2368 1626 καὶ

1346 1649 1458 1695 κάλλη
1487 1648 1623 1696 λέξεων,
1643 1649 1733 1687 ἀλλὰ
1760 1649 1840 1702 περὶ
1870 1649 2054 1700 νοημάτων
2078 1649 2222 1700 δύναμιν
2252 1657 2368 1688 πᾶσαν

1347 1711 1559 1761 ἀπασχρλεῖν
1573 1713 1633 1747 τοῦ
1651 1714 1770 1761 καιροῦ
1785 1710 1847 1756 τὴν
1868 1710 1988 1762 ῥοπήν.
2009 1710 2154 1748 Εἴσελθε
2173 1712 2219 1753 εἷς
2235 1712 2368 1763 ζωγρα-

1346 1775 1453 1821 φεῖον,
1471 1770 1529 1808 καὶ
1558 1770 1634 1822 ὄψει
1664 1770 1796 1817 πολλὴν
1816 1773 1886 1809 ἐκεῖ
1915 1770 1977 1817 τὴν
2006 1771 2120 1822 σιγήν.
2145 1774 2280 1810 Οὐκοῦν
2308 1772 2367 1810 καὶ

1346 1833 1503 1869 ἐνταῦθα·
1525 1831 1666 1884 καὶγὰρ
1686 1832 1746 1870 καὶ
1760 1835 1906 1870 ἐνταῦθα
1926 1831 2060 1874 εἰκόνας
2075 1832 2251 1884 γράφομεν
2270 1836 2368 1884 βασι-

1345 1891 1464 1939 λικὰς,
1478 1892 1538 1930 καὶ
1554 1893 1719 1943 οὐδεμίαν
1733 1888 1926 1940 ἰδιωτικὴν,
1941 1893 1997 1930 διὰ
2010 1897 2079 1931 τῶν
2091 1894 2289 1945 χρωμάτων
2304 1896 2367 1939 τῆς

1348 1955 1483 2003 ἀρετῆς.
1501 1955 1534 1991 Τ
1539 1953 1549 1990 ί
1579 1958 1699 2000 τοῦτο,
1726 1955 1831 1991 πάλιν
1855 1959 2028 2006 κροτεῖτε,
2050 1956 2126 1991 Οὐκ
2155 1953 2294 1992 εὔκολον
2327 1954 2368 1992 τὸ

1345 2020 1492 2065 πρᾶγμα
1507 2016 1619 2063 δοκεῖ,
1638 2014 1697 2053 καὶ
1715 2020 1814 2053 τοῦτο
1829 2017 1865 2052 οὐ
1886 2015 2009 2067 φύσει,
2031 2014 2121 2052 ἀλλὰ
2140 2017 2189 2066 τῷ
2206 2015 2367 2066 συνηθείᾳ

1345 2077 1457 2125 πολλῇ
1479 2076 1586 2125 μήπω
1616 2079 1804 2127 κατορθοῦν
1833 2076 1915 2113 αὐτὸ
1951 2076 2203 2127 μεμαθηκέναι.
2234 2077 2367 2129 Γραφὶς

1344 2135 1458 2173 τοίνυν
1477 2136 1567 2174 ἐστὶν
1585 2140 1670 2187 ἡμῖν
1690 2139 1830 2188 γλῶττα
1842 2165 1852 2183 ,
1867 2136 2026 2188 τεχνίτης
2047 2136 2082 2174 δὲ
2103 2135 2142 2173 τὸ
2162 2137 2308 2186 Πνεῦμα
2327 2137 2367 2175 τὸ

1344 2197 1453 2247 ἅγιον.
1470 2197 1561 2235 Εἰπέ
1586 2214 1664 2248 μοι,
1687 2199 1721 2234 ἐν
1737 2203 1808 2240 τοῖς
1832 2197 2053 2250 μυστηρίοις,
2070 2197 2119 2247 μή
2139 2212 2190 2239 τις
2206 2197 2366 2249 Οόρυὸος;

1345 2256 1393 2306 μή
1409 2272 1459 2299 τις
1486 2257 1625 2309 ταραχή
1640 2275 1649 2304 3
1668 2257 1782 2295 ‘'Orotv
1804 2258 2052 2308 βαπτιζώμεθα
2068 2287 2076 2305 ,
2098 2257 2180 2296 ὅταν
2211 2258 2255 2296 τὰ
2274 2259 2365 2296 ἄλλα

1344 2316 1458 2354 πάντα
1473 2320 1641 2366 ποιῶμεν,
1658 2320 1722 2368 οὐχ
1739 2318 1869 2369 ἡσυχία
1893 2319 1953 2355 καὶ
1972 2323 1986 2339 ³¹
1999 2318 2079 2368 σιγὴ
2100 2318 2144 2356 τὰ
2164 2319 2279 2356 πάντα
2298 2334 2364 2356 κα-

1343 2377 1457 2429 τέχει,
1475 2379 1588 2416 Τοῦτο
1619 2379 1653 2415 ἐν
1677 2380 1726 2429 τῶ
1747 2381 1880 2430 οὐρανῷ
1900 2378 2142 2431 κατέσπαρται
2161 2380 2200 2417 τὸ
2223 2380 2362 2422 κάλλος.

1343 2440 1411 2476 Διὰ
1429 2444 1528 2477 τοῦτο
1544 2439 1801 2488 διαὸεὸλῆμεθα
1818 2439 1877 2477 καὶ
1899 2439 1983 2491 παρ’
1997 2438 2181 2487 ςΈλλησιν,
2215 2443 2260 2482 ὡς
2278 2440 2363 2492 πρὸς

1344 2498 1503 2542 ἐπίδειξιν
1521 2498 1635 2536 πάντα
1654 2503 1829 2542 ποιοῦντες
1848 2499 1907 2537 καὶ
1927 2499 2012 2553 πρὸς
2039 2500 2252 2552 φιλοτιμίαν.
2269 2499 2361 2538 Ἀλλ’

1343 2559 1400 2597 ἐὰν
1421 2564 1518 2597 τοῦτο
1536 2561 1695 2611 κωλυθῇ,
1707 2560 1766 2598 καὶ
1780 2563 1847 2597 τῶν
1864 2561 2055 2611 προεδριῶν
2072 2564 2089 2598 ὃ
2110 2561 2194 2612 ἔρως
2209 2561 2361 2607 cesso-rj-

1343 2636 1451 2659 σεται.
1465 2620 1578 2673 Ἀρκεῖ
1594 2649 1603 2667 ,
1621 2621 1653 2657 εἴ
1666 2637 1717 2664 τις
1731 2621 1879 2658 ἐπαίνων
1899 2623 1960 2673 ἐρᾷ
1972 2651 1981 2668 ,
1997 2620 2036 2658 τὸ
2051 2620 2139 2670 μετὰ
2152 2620 2214 2668 τὴν
2234 2622 2361 2675 ἀκρόα-

1343 2698 1395 2720 σιν
1426 2682 1553 2720 τούτων
1578 2682 1775 2733 τυγχάνειν,
1797 2682 1878 2719 ὅταν
1910 2682 1987 2725 τοὺς
2016 2681 2168 2734 καρποὺς
2195 2682 2358 2734 συλλέγῃ.

1342 2743 1412 2781 Ναὶ
1438 2745 1652 2795 παρακαλῶ,
1673 2744 1885 2795 κυρώσωμεν
1916 2748 2032 2782 τοῦτον
2068 2744 2124 2781 τὸν
2153 2744 2270 2793 νόμον,
2304 2744 2361 2781 ἵνα

1342 2803 1455 2841 πάντα
1474 2803 1564 2841 κατὰ
1584 2805 1623 2842 τὸ
1643 2807 1692 2855 τῷ
1707 2806 1789 2855 Θεῷ
1815 2805 1933 2841 δοκοῦν
1949 2804 2177 2856 πράττοντες,
2197 2808 2258 2850 τῆς
2275 2801 2366 2857 παρ’

1342 2867 1445 2902 αὐτοῦ
1461 2865 1719 2916 φιλανθρωπίας
1732 2864 1946 2914 ἀξιωθῶμεν,
1963 2864 2081 2916 χάριτι
2096 2864 2154 2902 καὶ
2169 2867 2359 2918 οἰκτιρμοῖς

1339 2929 1399 2962 τοῦ
1420 2927 1632 2974 Μονογενοῧς
1660 2927 1779 2970 αὐτοῦ,
1799 2924 1927 2976 Κυρίου
1942 2923 1976 2962 δὲ
1996 2927 2095 2974 ἡμῶν
2124 2925 2240 2971 Ἰησοῦ
2268 2927 2356 2977 Χρι-

1341 2989 1440 3033 στοῦ,
1456 2988 1530 3035 μεθ’
1548 2979 1585 3022 οῦ
1598 2988 1647 3036 τῷ
1664 2985 1781 3037 Πατρὶ
1796 2985 1869 3034 ἅμα
1886 2987 1935 3036 τῷ
1955 2984 2042 3036 ἁγίῳ
2058 2985 2241 3037 Πνεόματι
2258 2986 2357 3033 δόξα,

1340 3048 1483 3099 κράτος,
1504 3046 1612 3098 τιμὴ,
1632 3050 1690 3084 νῦν
1711 3047 1770 3084 καί
1795 3046 1846 3083 ἀεὶ
1861 3076 1870 3093 ,
1890 3046 1948 3083 καὶ
1970 3048 2015 3090 εἰς
2040 3046 2117 3090 τοὺς
2146 3050 2271 3092 αἰῶνας
2288 3050 2357 3086 τῶν

1341 3108 1485 3147 αἰώνων.
1506 3107 1627 3158 Ἀμήν.

1407 3261 1418 3271 ··
1444 3247 1503 3280 Alit
1524 3257 1587 3292 σεγῇ
1605 3254 1642 3282 τ’).
1658 3253 1752 3282 πάρ-τα
1774 3255 1966 3291 maximaru-
