2466 3805
270 191 330 248 46
765 206 798 236 5.
835 205 1019 235 Jomms
1054 205 1296 234 euersosr.

269 287 412 324 Platone
431 287 659 324 habitantem.
675 288 763 333 Quae
779 300 881 337 nuga}
895 286 949 322 his
970 283 1243 334 comparandae?

268 347 361 385 unde
371 348 452 385 talia
465 347 603 384 effutire
623 347 658 383 in
673 356 823 383 mentem
842 345 964 382 venit?
983 343 1100 379 Ironia
1118 343 1243 393 plenus

268 408 326 445 vir
343 417 426 453 erat,
446 417 479 445 et
499 407 669 444 adversus
696 419 815 442 omnes
845 402 1019 454 zelotypia
1044 402 1240 439 laborabat.

268 468 391 518 Itaque
409 467 507 518 quasi
534 465 688 504 studeret
715 465 749 500 in
767 464 846 510 hoc,
866 472 904 499 ut
926 475 988 498 nec
1002 475 1047 498 ex
1072 475 1159 510 sese,
1181 475 1245 499 nec

267 529 312 565 ab
333 528 402 565 alio
429 527 619 576 quicquam
645 525 784 560 afferret
804 523 891 559 utile
911 538 919 558 ε
939 521 990 559 5ἰο
1007 521 1053 558 ab
1077 521 1147 559 alio
1166 535 1242 559 me-

266 586 552 638 tempsychosim,
574 599 593 620 a
617 598 653 620 se
671 583 929 634 rempublicam
960 582 996 619 in
1016 581 1172 619 medium
1191 591 1244 620 at-

266 649 358 696 tulit,
375 647 437 684 ubi
452 646 571 683 multae
593 644 827 696 turpitudinis
847 645 941 696 leges
963 645 1124 696 protulit.
1141 646 1246 683 Com-

265 721 398 756 munes,
416 706 541 756 inquit,
561 715 663 742 sunto
689 705 865 753 mulieres,
884 706 989 743 nudae
1004 706 1162 758 virgines
1179 707 1247 744 sub

264 767 376 805 oculis
404 766 600 804 amantium
629 766 819 815 luctantor,
844 781 1046 805 communes
1076 777 1178 805 sunto
1214 778 1247 806 et

265 837 424 879 parentes
442 837 475 866 et
504 828 585 865 filii.
608 828 726 874 Quam
744 829 819 866 haec
850 828 1025 866 insaniam
1052 824 1122 867 no¹n
1141 844 1245 882 supe-

266 890 370 927 rant?
389 890 493 927 Talia
511 898 594 927 sunt
611 903 662 937 ea,
684 904 760 939 quae
785 889 831 927 ad
855 889 959 927 illum
981 900 1153 942 spectant.
1177 891 1243 929 Hic

265 964 371 1001 porro
399 964 469 988 non
501 959 625 987 natura
660 964 862 988 communes
890 960 1008 1002 patres
1035 952 1158 998 efficit,
1179 952 1242 989 sed

266 1011 362 1048 Petri
384 1010 610 1062 philosophia
633 1027 640 1046 :
666 1025 747 1048 nam
768 1011 859 1048 illud
881 1012 1038 1049 Platonis
1052 1012 1112 1049 hic
1127 1022 1245 1051 sustu-

267 1070 319 1109 lit.
347 1071 450 1108 Nihil
468 1071 561 1108 enim
588 1071 687 1108 aliud
719 1071 780 1108 ille
812 1072 1002 1122 efficiebat,
1025 1073 1094 1110 nisi
1112 1082 1150 1109 ut
1183 1073 1245 1123 qui

266 1140 365 1183 pater
384 1140 456 1169 erat
474 1131 707 1182 ignoraretur,
726 1141 755 1169 et
780 1133 841 1182 qui
858 1146 928 1169 non
960 1142 1034 1170 erat
1062 1132 1245 1170 inducere-

267 1203 325 1230 tur
340 1209 347 1229 :
371 1202 475 1243 atque
493 1193 528 1229 in
544 1193 749 1230 ebrietatem
766 1193 961 1243 quamdam
979 1203 1013 1231 et
1034 1194 1068 1230 in
1091 1194 1244 1244 sterqui-

266 1255 396 1292 linium
416 1255 564 1306 conjecit
594 1254 762 1291 animam.
787 1255 933 1304 Omnes,
964 1255 1094 1305 inquit,
1116 1255 1243 1292 mulie-

266 1316 365 1352 ribus
395 1314 562 1352 audacter
585 1324 742 1352 utuntor.
765 1314 848 1352 Ideo
873 1324 1058 1366 poetarum
1079 1315 1246 1366 dogmata

267 1390 337 1413 non
353 1377 512 1428 exploro,
532 1390 573 1413 ne
595 1376 674 1426 quis
689 1375 785 1413 dicat
816 1390 870 1413 me
886 1376 1024 1414 fabulas
1045 1377 1244 1428 explorare,

267 1437 327 1474 sed
350 1437 436 1473 alias
455 1437 564 1473 affero
584 1436 722 1473 fabulas
739 1436 883 1488 poeticis
896 1436 999 1487 longe
1020 1438 1132 1488 magis
1152 1437 1244 1475 ridi-

268 1497 376 1534 culas.
396 1497 552 1534 [binam
572 1496 661 1546 quid
694 1496 742 1533 ita
762 1495 1008 1548 prodigiosum
1035 1497 1246 1534 invenerunt

268 1557 407 1609 poetae?
427 1557 498 1595 Sed
527 1558 568 1604 is,
596 1558 656 1607 qui
676 1557 967 1609 philosophorum
990 1558 1154 1611 princeps
1182 1559 1248 1596 ha-

268 1618 432 1665 bebatur,
451 1633 548 1655 arma
577 1619 786 1655 mulieribus
808 1619 1055 1670 circumponit,
1080 1619 1245 1669 cassides,

269 1692 402 1727 ocreas,
419 1692 481 1715 nec
499 1678 696 1729 quidquam
716 1678 802 1716 dicit
825 1679 1009 1716 bominum
1025 1693 1134 1730 genus
1150 1695 1169 1718 a
1194 1695 1250 1718 ca-

271 1738 375 1775 nibus
389 1738 544 1779 differre,
565 1739 657 1784 Quia
673 1739 778 1786 enim,
800 1739 932 1789 inquit,
956 1740 1051 1777 canis
1068 1741 1196 1778 femina
1218 1751 1252 1779 et

270 1812 344 1836 mas
359 1799 618 1836 communicant
631 1799 665 1836 in
677 1799 789 1847 sactis,
806 1800 1065 1838 communicent
1079 1811 1112 1838 et
1125 1802 1252 1839 mulie-

270 1873 338 1907 res,
354 1868 458 1909 atque
471 1859 586 1896 omnia
600 1874 658 1897 sus
674 1860 786 1910 deque
795 1861 1140 1913 vertanturfiemper
1159 1862 1253 1900 enim

270 1933 333 1970 per
361 1919 442 1957 illas
461 1920 527 1956 hoc
563 1920 633 1970 egit
668 1919 843 1967 diabolus,
867 1930 906 1958 ut
927 1922 1121 1959 ostenderet
1143 1936 1253 1973 genus

270 1988 429 2016 nostrum
442 1993 509 2016 non
524 1980 710 2031 pretiosius
724 1995 796 2018 esse
810 1981 926 2019 brutis
944 1982 1253 2033 :quandoquidem

270 2041 430 2078 nonnulli
441 2041 476 2077 in
490 2050 561 2077 tam
579 2041 770 2079 absurdam
784 2052 816 2079 et
828 2057 958 2080 vanam
979 2054 1152 2081 venerunt
1169 2045 1252 2096 opi-

269 2101 423 2147 nionem,
436 2111 472 2138 ut
481 2101 636 2138 dicerent
644 2103 750 2140 bruta
762 2103 927 2140 animalia
938 2105 1159 2142 rationabilia
1169 2121 1251 2145 esse.

270 2163 316 2200 Et
329 2163 426 2210 vide,
443 2177 549 2212 quam
578 2163 675 2200 varie
697 2164 732 2200 in
754 2164 941 2202 animabus
963 2166 1108 2203 illorum
1125 2166 1253 2205 debac-

271 2223 393 2261 chatus
412 2223 629 2261 sit.Illorum
648 2239 808 2275 proceres
828 2225 997 2262 dixerunt
1015 2227 1169 2264 animam
1188 2242 1254 2265 no—

271 2292 380 2321 stram
399 2283 435 2320 in
451 2297 589 2320 muscas
619 2293 652 2321 ct
672 2298 773 2321 canes
786 2285 932 2322 etbruta
943 2287 1074 2324 mutari
1095 2303 1102 2323 :
1125 2287 1253 2325 horum

272 2360 485 2383 successores
499 2345 583 2382 hinc
594 2346 730 2397 pudore
739 2347 854 2384 affecti
866 2348 900 2384 in
912 2347 1162 2401 aliamdelapsi
1171 2359 1253 2387 sunt

271 2407 546 2459 turpitudinem,
562 2407 810 2445 rationabilem
824 2421 963 2445 omnem
975 2409 1158 2446 scientiam
1168 2410 1252 2447 bru-

271 2467 317 2504 tis
336 2468 645 2516 communicantes,
665 2477 697 2504 et
716 2467 847 2518 ubique
866 2478 1100 2507 monstrantes
1120 2484 1159 2507 ea
1176 2485 1252 2521 quae

271 2537 416 2579 propter
444 2542 506 2565 nos
528 2529 618 2565 facta
651 2537 746 2577 sunt,
772 2528 873 2565 nobis
895 2543 967 2566 esse
994 2530 1250 2580 praestantiora.

271 2589 394 2638 Neque
411 2589 478 2625 hoc
494 2598 645 2637 tantum,
667 2588 727 2626 sed
745 2588 850 2625 etiam
870 2590 1127 2640 prceseientiam
1147 2600 1180 2628 et
1198 2606 1252 2628 re-

271 2649 439 2699 ligionem
451 2650 548 2702 apud
564 2650 643 2687 illos
663 2664 735 2686 esse
745 2648 881 2686 dicunt.
901 2650 1052 2697 Corvus,
1069 2651 1250 2702 inquiunt,

272 2711 370 2747 novit
388 2712 518 2759 Deum,
539 2720 578 2748 ut
607 2719 640 2748 et
669 2711 804 2760 cornix,
826 2725 867 2747 ac
897 2711 1092 2762 prophetiae
1120 2712 1254 2750 donum

273 2771 414 2819 habent,
433 2772 552 2808 futura
567 2771 781 2823 praedicunt:
801 2771 898 2822 apud
916 2771 1157 2823 illosjtlstitia,
1178 2788 1252 2811 res-

275 2833 432 2884 publica,
450 2834 555 2884 leges,
570 2833 815 2883 invidiamque
831 2832 926 2884 apud
946 2834 1025 2871 illos
1041 2835 1135 2873 canis
1147 2836 1255 2874 habet

276 2894 469 2931 secundum
500 2894 693 2932 Platonem.
716 2893 830 2931 Dictis
866 2894 1012 2931 fortasse
1043 2895 1152 2933 fidem
1185 2911 1253 2934 non

275 2954 436 2993 habetis?
456 2955 567 3006 quue
592 2955 731 3005 merito,
762 2963 882 3007 utpote
903 2955 996 2992 sanis
1024 2955 1162 2994 educati
1189 2957 1252 2996 do-

275 3017 466 3065 gmatibus.
485 3017 614 3064 Quivis
641 3016 734 3054 enim
752 3016 819 3053 hoc
839 3015 916 3053 cibo
944 3016 1130 3065 educatus,
1149 3032 1253 3055 num-

275 3090 381 3125 quam
399 3076 516 3114 credet
541 3077 720 3115 hominem
736 3090 820 3125 esse,
843 3076 904 3126 qui
930 3085 1081 3113 stercora
1102 3078 1252 3116 libenter

272 3136 443 3187 degustet.
459 3139 548 3175 Cum
560 3151 641 3190 ergo
657 3137 810 3175 dicimus
827 3137 911 3186 illis,
932 3136 1007 3175 haec
1019 3137 1157 3176 fabulas
1172 3153 1248 3178 esse

1278 2174 1301 2204 C

312 3260 325 3278 ‘¹
349 3260 510 3300 [Πλάτωνι
525 3260 748 3302 suppeditavit
769 3262 809 3293 D.
838 3265 995 3300 Πλάτωνος
1013 3262 1132 3293 crateri.
1153 3262 1201 3293 Ex
1215 3273 1272 3294 eo-

266 3310 342 3342 dem
359 3312 399 3342 D.
418 3322 495 3342 mox
514 3310 705 3344 addidimus
719 3315 753 3351 δή
770 3320 843 3355 post
861 3318 1010 3355 πάθεν,οι
1026 3312 1179 3354 copulam
1195 3321 1270 3346 ante

267 3363 467 3402 ζηλοτύπως]

1339 196 1544 234 menter.
1582 205 1931 235 cousraurtxon

1313 287 1373 322 οὐκ
1393 288 1439 327 εἰς
1465 291 1568 334 μυῖαν
1589 285 1813 334 μετέπιπτεν,
1842 287 1917 324 ἀλλ’
1939 286 2098 325 {migetius
2113 287 2156 336 τῇ
2180 287 2215 323 ἐν
2236 285 2334 323 Inde<

1315 360 1398 382 τωνι
1413 343 1569 396 ᾱοῖκούσῃ
1583 346 1691 397 ψυχῇ.
1706 347 1815 390 Ποίας
1824 350 1979 386 ταῦταού
1993 346 2256 397 ματαιολογίας;
2270 345 2340 383 πό(

1316 409 1370 443 θεν
1388 405 1428 452 δὴ
1439 411 1579 445 τοιαῦτα
1594 408 1713 458 ληρεῖν
1728 407 2131 460 ἐπεὸοίλετο5Εἷριι1νείας
2151 407 2274 458 μεστὸς
2293 401 2334 452 ἦν

1313 469 1331 503 ὁ
1356 466 1465 519 ἀνὴρ,
1499 467 1560 504 καὶ
1587 467 1786 514 ζηλοτύπως
1811 469 1895 519 πρὸς
1922 470 2080 511 ἅπαντας
2108 467 2335 517 διακείμενος.

1313 524 1452 579 Ὥσπερ
1468 522 1525 565 οὖν
1546 529 1760 580 φιλονεικῶν,
1780 528 1868 578 μήτε
1887 528 2035 577 οἴκοθεν,
2060 529 2148 579 μήτε
2168 530 2251 579 παρ’
2267 527 2338 565 ἑτέ-

1317 602 1373 639 ρου
1386 587 1560 639 χρήσιμόν
1575 604 1608 626 τι
1624 590 1822 639 εἰσαγαγεῖν
1833 603 1840 611 ·
1856 588 1945 626 οὕτω
1960 589 2056 641 παρὰ
2067 589 2128 639 μὲν
2143 589 2258 642 ἑτέρου
2274 588 2336 634 τὴν

1317 648 1588 700 μετεμψύχωσιν
1608 648 1763 696 ἐδέξατο,
1783 649 1879 701 παρὰ
1893 649 1929 686 δὲ
1944 651 2065 687 ἑαυτοῦ
2079 648 2140 695 τὴν
2161 649 2338 687 πολιτείαν

1315 709 1514 760 εἰσήγαγεν,
1533 709 1611 747 ἔνθα
1635 709 1678 748 τὰ
1699 711 1830 756 πολλῆς
1851 710 2077 761 αἷσχρότητος
2096 709 2247 760 γέμοντα
2262 711 2339 746 ἐνο-

1317 769 1497 820 μοθέτησε.
1530 770 1674 818 Κοιναὶ,
1695 771 1810 823 φησὶν,
1841 773 1876 808 αἱ
1907 776 2067 821 γυναῖκες
2088 769 2255 817 ἔστωσαν,
2281 769 2340 806 καὶ

1315 831 1580 881 γεγυμνωμέναι
1601 831 1765 883 παρθένοι
1801 833 1853 869 ἐπ’
1876 831 1975 882 ὄψεσι
2001 832 2070 867 τῶν
2094 831 2248 882 ἐραστῶν
2268 846 2339 868 πα-

1316 891 1522 939 λαιέτωσαν,
1542 892 1600 929 καὶ
1620 892 1726 929 κοινοὶ
1745 891 1892 943 πατέρες
1911 891 2081 937 ἔστωσαν,
2104 890 2162 928 καὶ
2177 893 2208 928 οἱ
2229 890 2343 929 τικτό-

1317 968 1411 1002 μενοι
1431 954 1564 995 παῖδες.
1594 953 1705 991 Ποίαν
1725 955 1789 1004 οὐχ
1818 951 2029 1004 ὑπερέοίλλει
2061 957 2170 990 ταῦτα
2204 952 2342 997 ἄνοιαν,

1316 1013 1419 1050 Ἀλλὰ
1438 1013 1481 1051 τὰ
1507 1013 1567 1062 μὲν
1591 1014 1718 1052 ἐκείνου
1740 1018 1893 1050 τοιαῦτα.
1913 1012 2086 1050 Ἐνταῦθα
2106 1011 2141 1049 δὲ
2160 1015 2224 1063 οὐχ
2237 1017 2259 1059 ἧ
2281 1012 2343 1063 φύ-

1315 1089 1368 1116 σις
1389 1080 1479 1111 ποιεῖ
1495 1073 1626 1117 κοινοὺς
1646 1075 1817 1125 πατέρας,
1838 1075 1913 1111 ἀλλ’
1931 1077 1951 1119 ἡ
1978 1073 2116 1126 Πέτρου
2137 1073 2322 1125 φιλοσοφία
2338 1088 2345 1095 ·

1315 1135 1389 1173 ἐπεὶ
1411 1135 1521 1173 ἐκεῖνό
1537 1151 1575 1186 γε
1598 1135 1656 1172 καὶ
1676 1135 1808 1188 ἀνῄρει.
1839 1135 1951 1174 Οὖῗὲν
1975 1135 2042 1186 γὰρ
2072 1133 2188 1186 ἕτερον
2215 1134 2343 1182 ἐποίει,

1315 1196 1391 1232 ἀλλ’
1415 1194 1437 1240 ἢ
1469 1195 1525 1232 τὸν
1557 1195 1638 1233 ὄντα
1672 1197 1868 1246 ἀγνοεῖσθαι
1889 1194 2092 1246 μονονουχὶ,
2116 1195 2175 1232 καὶ
2206 1196 2261 1233 τὸν
2283 1197 2344 1234 οὐκ

1314 1255 1395 1292 ὄντα
1409 1255 1621 1305 εἰσάγεσθαι.
1640 1257 1702 1298 Εἰς
1719 1255 1825 1306 μέθην
1841 1255 1918 1292 τινα
1937 1256 1995 1293 καὶ
2013 1256 2180 1308 συρφετὸν
2201 1255 2343 1294 ἐνέὸαλε

1315 1315 1376 1361 τὴν
1399 1316 1525 1367 ψυχήν.
1558 1315 1717 1363 Πάντες,
1739 1316 1856 1368 φησὶν,
1876 1317 1983 1359 ἀδεῶς
2003 1317 2253 1368 κεχρήσθωσαν
2270 1323 2346 1360 ταῖς

1315 1376 1461 1427 γυναιξί.
1492 1376 1561 1413 Διὰ
1586 1380 1687 1414 τοῦτο
1720 1378 1781 1414 οὐκ
1812 1375 1957 1420 ἐξετάζω
1986 1380 2139 1424 ποιητῶν
2163 1376 2343 1428 δόγματα,

1315 1437 1370 1474 ἵνα
1397 1437 1445 1487 μή
1467 1436 1511 1485 μέ
1529 1453 1579 1479 τις
1617 1437 1705 1474 εἴποι
1739 1436 1863 1486 μύθους
1898 1437 2084 1481 ἐξετάζειν·
2108 1438 2183 1474 ἀλλ’
2205 1436 2342 1488 ἑτέρους

1316 1497 1407 1548 λέγω
1429 1497 1551 1547 μύθους
1571 1497 1708 1535 ἐκείνων
1728 1498 1847 1549 πολλῷ
1870 1497 2241 1548 καταγελαστοτέρους.
2265 1498 2340 1535 Ποῦ

1317 1558 1465 1597 τοιοῦτόν
1488 1574 1521 1595 τι
1552 1557 1817 1609 ἕτερατεύσαντο
1836 1558 1996 1605 ποιηταί,
2013 1558 2102 1596 Ἀλλ’
2122 1560 2140 1595 ὃ
2160 1564 2342 1610 κορυφαῖος

1317 1624 1385 1658 τῶν
1403 1620 1612 1672 φιλοσόφων,
1635 1622 1681 1662 ὡς
1697 1620 1828 1666 ἐδόκει,
1845 1620 1903 1657 καί
1924 1620 2015 1658 ὅπλα
2030 1625 2105 1662 ταῖς
2125 1619 2259 1668 γυναιξὶ
2277 1635 2341 1656 πε-

1321 1680 1470 1734 ριτίθησι
1483 1710 1492 1726 ,
1513 1681 1571 1719 καὶ
1593 1681 1703 1732 κράνη
1716 1711 1725 1728 ,
1746 1681 1806 1718 καὶ
1822 1681 1990 1731 κνημῖδας
2003 1711 2012 1728 ,
2033 1681 2092 1718 καὶ
2121 1683 2230 1718 κυνῶν
2248 1679 2342 1718 οὐδὲν

1321 1740 1492 1792 διαφέρειν
1516 1741 1610 1792 λέγει
1630 1742 1668 1779 τὸ
1686 1740 1897 1794 ἀνθρώπινον
1918 1741 2027 1792 γένος.
2047 1740 2192 1787 Ἐπειδὴ
2221 1740 2288 1792 γὰρ
2321 1744 2346 1786 ἡ

1320 1801 1410 1840 κύων
1431 1805 1452 1848 ἦ
1469 1802 1589 1848 θήλεια
1602 1833 1611 1850 ,
1628 1803 1733 1854 φησί,
1753 1802 1811 1840 καὶ
1831 1806 1848 1840 ὃ
1864 1803 1972 1855 ἄρρην
1987 1807 2202 1840 κοινωνοῦσιν
2221 1804 2255 1839 ἐν
2274 1807 2345 1844 τοῖς

1321 1862 1449 1913 ἔργοις,
1473 1863 1742 1900 κοινωνείτωσαν
1775 1863 1834 1901 καὶ
1865 1866 1900 1900 αἱ
1929 1868 2107 1914 γυναῖκες,
2138 1862 2197 1899 καὶ
2229 1861 2345 1900 πάντα

1323 1924 1580 1976 ἀνατρεπέσθω.
1607 1924 1673 1961 Ἀεὶ
1691 1924 1756 1975 γὰρ
1789 1926 1831 1962 δι’
1857 1927 1967 1962 αὐτῶν
1997 1924 2208 1961 ἐσπούδασεν
2227 1926 2245 1961 ὃ
2270 1923 2345 1961 διά-

1324 1984 1445 2031 Coloe,
1481 1983 1587 2035 μηδὲν
1631 1984 1846 2037 ἐντιμότερον
1874 1988 1942 2023 τῶν
1979 1985 2113 2036 ἀλόγων
2143 1984 2182 2022 τὸ
2214 1984 2346 2034 ἡμέτε-

2237 2044 2304 2058 NV!

1327 2060 1381 2096 ρον
1403 2045 1509 2089 δεῖξαι
1527 2045 1623 2096 γένος
1639 2061 1646 2068 ·
1666 2045 1750 2083 ὅπου
1785 2046 1824 2096 γε’
1846 2062 1934 2089 τινες
1960 2049 2006 2089 εἷς
2025 2050 2125 2085 τοῦτο
2153 2054 2347 2089 κενοοοςιας

1323 2101 1442 2152 ἦλθον,
1464 2108 1509 2147 ὡς
1528 2108 1656 2153 εἰπεῖν,
1691 2105 1743 2143 ὅτι
1769 2107 1827 2144 καὶ
1855 2106 1898 2144 τὰ
1926 2107 2034 2159 ἄλογα
2063 2107 2187 2158 λογικὰ
2215 2106 2347 2158 τυγχά-

1325 2182 1385 2204 νει.
1407 2166 1477 2204 Καὶ
1493 2166 1573 2219 ὅρα,
1596 2168 1669 2208 πῶς
1689 2167 1852 2210 ποικίλως
1872 2167 2084 2218 ἓὲάκχευσεν
2105 2170 2138 2205 ἐν
2160 2173 2236 2211 ταῖς
2254 2167 2344 2205 ἐκεί-

1323 2243 1390 2264 νων
1424 2228 1562 2277 ψυχαῖς.
1585 2228 1631 2265 Οἱ
1666 2226 1725 2277 μὲν
1763 2227 1829 2278 γὰρ
1861 2232 2042 2277 κορυφαῖοι
2072 2230 2184 2265 αὐτῶν
2214 2227 2345 2278 ἔφησαν

1324 2287 1386 2333 τὴν
1407 2287 1580 2338 ἡμετέραν
1596 2286 1710 2338 ψυχὴν
1735 2289 1779 2330 εἰς
1798 2286 1900 2337 μυίας
1912 2318 1921 2334 ,
1937 2287 1996 2324 καὶ
2012 2287 2114 2330 κύνας
2125 2318 2134 2335 ,
2150 2287 2209 2324 καὶ
2237 2287 2346 2338 ἄλογα

1325 2347 1546 2398 μεθίσταθαι·
1564 2351 1595 2385 οἱ
1621 2347 1654 2384 δὲ
1677 2349 1750 2397 μετ’
1786 2348 1934 2391 ἐκείνους
1958 2352 2057 2385 τοῦτο
2087 2348 2346 2399 αἰσχυνθέντες,

1324 2410 1370 2451 εἷς
1398 2408 1516 2459 ἑτέραν
1540 2407 1708 2459 αἰσχύνην
1728 2408 1932 2456 κατέπεσον,
1961 2408 2076 2455 πάσης
2104 2411 2246 2460 λογικῆς
2275 2411 2346 2447 ἐπι-

1324 2469 1458 2518 στήμης
1479 2469 1683 2518 μεταδόντες
1707 2475 1776 2512 τοῖς
1805 2469 1961 2520 ἀλόγοις,
1982 2470 2041 2507 καὶ
2076 2474 2256 2522 πανταχοῦ
2277 2470 2344 2508 δεί-

1324 2529 1440 2573 ξαντες
1471 2532 1570 2578 ’ἡμῶν
1593 2528 1635 2566 τὰ
1666 2529 1707 2566 δι’
1729 2532 1822 2580 ἡμᾶς
1843 2529 2010 2580 γενόμενα
2040 2529 2251 2582 ἐντιμότερα.
2286 2532 2339 2568 Οὐ

1322 2595 1420 2628 τοῦτο
1443 2589 1477 2626 δὲ
1496 2589 1610 2639 μόνον,
1634 2590 1723 2627 ἀλλὰ
1745 2590 1803 2627 καὶ
1834 2590 2046 2642 προγνώσεις
2068 2583 2154 2629 εἶναι
2173 2593 2255 2643 παρ’
2282 2593 2342 2629 αὐ-

1323 2657 1412 2697 τοῖς,
1433 2650 1492 2688 καὶ
1520 2650 1723 2688 θεῦσέέειαν
1739 2651 1909 2703 λέγουσιν.
1930 2652 1974 2691 ‘O
1994 2652 2119 2704 κόραξ,
2139 2655 2256 2704 φησὶν,
2273 2647 2341 2689 οἶδε

1323 2712 1380 2750 τὸν
1403 2712 1492 2751 Θεὸν
1505 2740 1514 2758 ,
1532 2711 1626 2757 καὶὴ
1645 2710 1800 2763 κορώνη,
1821 2713 1877 2750 καὶ
1910 2712 2120 2764 προφητείας
2141 2713 2258 2764 ἔχουσι
2274 2729 2342 2764 χα-

1326 2772 1493 2824 ρίσματα,
1508 2771 1567 2808 καὶ
1582 2771 1624 2809 τὰ
1639 2771 1810 2821 μέλλοντα
1819 2773 2043 2825 προλέγουσι,
2063 2774 2122 2811 καὶ
2143 2773 2340 2820 δικαιοσύνη

1324 2835 1406 2884 παρ’
1430 2835 1562 2879 αὐτοῖς,
1578 2833 1637 2870 καὶ
1654 2833 1812 2870 πολιτεία
1828 2864 1836 2880 ,
1854 2834 1912 2871 καὶ
1927 2834 2045 2884 νόμοι,
2065 2833 2123 2872 καὶ
2147 2835 2244 2879 ζηλοῖ
2259 2838 2342 2887 παρ’

1326 2897 1436 2937 αὐτοῖς
1459 2898 1475 2933 ὁ
1502 2893 1593 2931 κύων
1617 2894 1707 2931 κατὰ
1730 2894 1915 2932 Πλάτωνα.
1936 2895 2043 2946 Τάχα
2070 2898 2247 2933 ἀπιστεῖτε
2273 2902 2344 2940 τοῖς

1323 2954 1538 3006 λεγομένοις,
1551 2955 1705 2997 Εἰκότως
1716 2985 1725 3002 ,
1740 2955 1800 2992 ἅτε
1819 2954 1915 2998 Ι>τοῐς
1932 2955 2062 3006 ὑγιέσιν
2075 2957 2344 3007 ἐντεθραμμένοι

1325 3017 1511 3067 δόγμασιν·
1529 3016 1602 3053 ἐπεὶ
1622 3015 1680 3053 καὶ
1716 3016 1747 3053 εἴ
1773 3032 1825 3058 τις
1843 3016 1989 3068 τραφείη
2018 3016 2128 3067 ταύτῃ
2152 3019 2194 3067 τῇ
2216 3022 2344 3070 τροφῇ,

1324 3076 1547 3122 ἀπιστήσειεν
1573 3075 1611 3112 ἂν
1628 3106 1637 3123 ,
1665 3075 1719 3114 ὅτι
1742 3076 1833 3114 ἔστιν
1853 3077 2029 3127 ἅνθρωπος
2047 3076 2176 3130 κόπρου
2200 3079 2345 3130 γευόμε-

1324 3155 1378 3181 νος
1397 3138 1517 3184 ἦδέως.
1532 3134 1646 3174 (Ὀταν
1661 3131 1717 3173 οὖν
1729 3137 1886 3188 λέγωμεν
1900 3139 2032 3187 αὐτοῖς,
2051 3138 2104 3177 ὅτι
2122 3144 2220 3189 μῦθοι
2236 3144 2344 3178 ταῦτα

1383 3271 1395 3285 ³
1421 3260 1476 3293 Sic
1495 3262 1570 3294 Mss.
1588 3259 1678 3292 Editi
1694 3270 1772 3292 vcro
1790 3268 1861 3303 post
1879 3264 2022 3295 εᾶσέὲειαν
2039 3267 2190 3304 repetunt
2205 3262 2287 3294 εἶναι,

1384 3314 1399 3338 b
1425 3312 1512 3345 Atius
1528 3322 1587 3352 τοῖς
1605 3317 1786 3356 ὑγιαίνουσιν.
