2502 3810
697 226 740 262 1'N
778 232 917 262 EPIST.
957 231 1015 259 AD
1048 230 1157 259 ROM.
1191 229 1345 259 HOMIL.
1386 229 1482 258 xm.

2025 207 2116 268 6¹7

52 315 190 366 ἀγαθὸν,
205 315 281 353 ἀλλ’
302 313 319 352 ὂ
338 314 376 351 οὗ
401 311 490 351 θέλω
505 312 630 360 κακὸν,
650 317 748 351 τοῦτο
768 312 929 363 πράσσω.
957 312 1002 349 Εἰ
1032 309 1068 348 δὲ
1081 330 1129 354 550
1138 322 1217 346 rans
1228 308 1352 346 addit:
1372 308 1434 346 19.
1461 308 1550 345 Non
1577 309 1679 344 enim
1707 306 1809 357 quod
1835 304 1928 341 volo
1944 305 2084 340 bonum
2100 332 2111 349 ,

51 375 70 413 ὃ
88 373 156 424 ἐγὼ
176 376 212 412 οὗ
231 373 318 412 θέλω
332 403 341 420 ,
360 376 462 410 τοῦτο
491 375 597 419 ποιῶ,
619 371 732 410 οὓκέτι
761 371 829 423 ἐγὼ
859 370 1069 422 κατεργάζο-

52 450 117 483 μαι
136 433 238 479 αὐτὸ,
254 434 330 469 ἀλλ’
345 435 366 477 ἦ
384 433 525 469 οἰκοῦσα
544 434 577 469 ἓν
594 431 671 481 ἐμοὶ
687 430 853 482 ἁμαρτία.
879 423 979 471 Εἶδες
997 431 1071 471 πῶς

51 493 110 530 καὶ
125 493 186 538 τὴν
203 491 319 529 οὐσίαν
335 494 397 536 τῆς
417 493 551 542 ψυχῆς,
571 491 630 527 καὶ
649 490 712 535 τὴν
730 489 848 528 οὐσίαν
866 492 928 535 τ’ἧς
945 487 1071 539 σαρκὸς

53 552 254 595 ἀπαλλάξας
268 551 497 602 ἐγκλήματος,
515 551 555 588 τὸ
572 557 640 587 πᾶν
655 550 711 588 ἐπὶ
726 549 788 596 τὴν
808 550 962 600 πονηρὰν
977 554 1071 599 πρᾶ-

54 612 101 655 ξιν
118 612 344 662 μετέστησεν,
368 613 411 649 Εἰ
437 611 504 662 γὰρ
523 612 560 648 οὗ
581 610 670 648 θέλει
688 610 728 647 τὸ
758 610 880 656 κακὸν,
911 608 1074 654 ἀπήλλα-

52 689 133 710 κται
159 676 180 719 ἡ
211 671 327 723 ψυχὴ,
347 672 406 709 καὶ
435 673 465 709 εἷ
495 671 594 713 αὐτὸς
631 671 713 708 αὐτὸ
736 670 784 721 μὴ
807 668 1073 720 κατεργάζεται,

52 733 286 784 ἦλευθέρωται
311 733 370 769 καὶ
399 733 438 770 τὸ
470 735 591 782 σῶμα,
623 731 682 768 καὶ
710 731 816 780 μόνης
833 732 896 775 τ’ἧς
922 735 1074 780 πονηρᾶς

52 791 284 845 προαιρέσεώς
304 795 377 830 ἐστι
395 792 434 829 τὸ
453 798 533 829 πᾶν.
556 793 610 829 Οὐ
626 790 692 842 γὰρ
710 791 834 828 ταύτὸν
850 791 961 840 ψυχῆς
975 791 1074 826 οὐσία

55 854 113 890 καὶ
136 851 295 902 σώματος
326 852 385 888 καὶ
417 850 670 903 προαιρέσεως,
704 848 794 886 ἀλλὰ
821 848 862 885 τὰ
895 847 957 897 μέν
980 849 1071 884 ἐστιν

55 913 138 964 ἔργα
158 913 268 957 Θεοῦ,
289 911 328 948 τὸ
351 910 385 948 δὲ
417 910 452 953 ἐξ
478 913 577 959 ἡμῶν
596 911 708 946 αὐτῶν
728 907 891 958 γινομένη
918 906 1072 952 κίνησις,

55 972 138 1024 πρὸς
154 970 237 1021 ὅπερ
258 970 297 1006 ἂν
321 969 425 1015 αὐτὴν
449 970 673 1018 βουληθῶμεν
693 969 847 1017 ἀγαγεῖν.
865 965 910 1002 ‘H
928 965 988 1014 μὲν
1005 964 1072 1015 γὰρ

57 1031 216 1080 βούλησις
238 1030 390 1080 ἔμφυτον
405 1029 463 1066 καὶ
481 1027 575 1079 παρὰ
590 1028 681 1064 Θεοῦ
694 1041 701 1048 ·
717 1029 738 1071 ἡ
761 1025 796 1062 δὲ
811 1024 926 1062 τοιάδε
949 1024 1072 1074 βούλη-

53 1105 106 1132 σις
124 1089 291 1139 ἡμέτερον
304 1088 362 1124 καὶ
377 1090 439 1132 τῆς
452 1086 593 1136 γνώμης
612 1087 723 1134 ἡμῶν.
745 1084 906 1136 Εὑρίσκω
926 1084 994 1135 ἄρα
1014 1083 1072 1121 τὸν

53 1149 156 1199 νόμον
175 1151 224 1199 τῷ
244 1147 376 1185 θέλοντι
397 1146 474 1195 ἐμοὶ
492 1150 601 1184 ποιεῖν
635 1146 674 1183 τὸ
703 1144 828 1192 καλὸν,
850 1143 903 1181 ὅτι
929 1143 1006 1194 ἐμοὶ
1034 1144 1074 1181 τὸ

55 1210 161 1248 κακὸν
179 1207 400 1258 παράκειται.
419 1205 564 1257 Ἀσαφὲς
583 1205 623 1243 τὸ
643 1204 823 1256 εἰρημένον
838 1219 846 1228 ·
863 1204 897 1241 τί
923 1199 980 1242 οὖν
1000 1205 1073 1241 ἐστι

54 1270 93 1307 τὸ
105 1268 308 1319 λεγόμενον;
325 1266 481 1304 Ἐπαινῶ
500 1265 557 1302 τὸν
573 1264 691 1315 νόμον,
711 1265 809 1316 φησὶ,
829 1263 919 1302 κατὰ
936 1264 974 1302 τὸ
993 1279 1075 1302 συν-

56 1330 163 1376 ειδὸς,
189 1328 248 1365 καὶ
270 1327 370 1364 αὐτὸν
407 1325 442 1362 δὲ
471 1325 619 1376 εὑρίσκω
639 1326 715 1375 ἐμοὶ
746 1327 795 1376 τῷ
822 1325 1018 1376 βουλομένῳ
1036 1325 1076 1363 τὸ

56 1388 162 1426 καλὸν
181 1392 290 1425 ποιεῖν
312 1385 510 1437 συνήγορον,
532 1385 592 1422 καὶ
618 1385 832 1423 ἐπιτείνοντα
853 1400 911 1435 μοι
931 1385 970 1422 τὸ
992 1384 1075 1435 βού-

56 1449 172 1496 λημα·
201 1446 318 1497 ὥσπερ
338 1445 404 1496 γὰρ
436 1444 504 1496 ἐγὼ
543 1447 636 1497 αὐτῷ
657 1445 866 1495 συνήδομαι,
898 1445 989 1482 οὕτω
1017 1445 1076 1482 καὶ

59 1507 159 1550 αὐτὸς
190 1508 322 1544 ἐπαινεῖ
368 1504 431 1551 τὴν
463 1503 605 1555 γνώμην
638 1505 701 1550 τὴν
731 1504 830 1554 ἐμήν.
867 1504 976 1555 εΟρᾷς
1003 1508 1076 1547 πῶς

60 1567 213 1604 δείκνυσι
241 1565 303 1612 τὴν
342 1564 405 1615 μὲν
435 1567 503 1601 τῶν
524 1565 642 1602 καλῶν
664 1565 724 1601 καὶ
752 1568 819 1602 τῶν
849 1564 897 1615 μὴ
918 1565 1078 1603 τοιούτων

58 1630 182 1677 γνῶσιν
220 1626 252 1669 ἐξ
293 1627 403 1677 ἀρχῆς
441 1628 524 1674 ἡμῖν
567 1624 901 1674 καταὲεὲλημένην,
944 1625 1002 1662 τὸν
1042 1625 1078 1662 δὲ

59 1686 162 1736 νόμον
204 1685 380 1728 Μωϋσέως
425 1685 628 1722 ἐπαινοῦντα
661 1684 781 1732 αὐτὴν,
821 1685 880 1722 καὶ
916 1684 1078 1722 ἐπαινού-

61 1761 161 1795 μενον
182 1747 264 1798 παρ’
287 1748 412 1791 muz-223
428 1743 520 1782 Οὐδὲ
547 1743 615 1796 γὰρ
636 1745 797 1796 ἀνωτέρω
817 1738 922 1792 εἶπεν,
943 1744 995 1781 ὅτι
1023 1745 1079 1782 δι-

61 1806 230 1856 δάσκομαι
252 1805 347 1857 παρὰ
362 1809 420 1843 τοῦ
439 1804 543 1854 νόμου
556 1835 565 1851 ,
582 1805 688 1850 ἀλλὰ,
709 1804 882 1856 Σύμφημι
901 1808 949 1857 τῷ
961 1806 1056 1858 νόμῳ
1070 1822 1078 1829 ·

17 1898 23 1901 ,
37 1861 46 1873 “
62 1871 76 1887 ³
87 1865 163 1903 οὔτε
179 1871 354 1916 προεῖπεν,
373 1864 425 1901 ὅτι
446 1864 653 1915 παιδεύομαι
669 1867 752 1915 παρ’
768 1867 888 1911 αὐτοῦ,
913 1868 988 1903 ἀλλ’
1001 1896 1010 1913 ,
1027 1866 1079 1904 ὅτι

64 1925 265 1975 Συνῆδομαι
288 1927 392 1976 αὐτῷ.
413 1924 460 1961 Τί
480 1924 516 1961 δέ
534 1926 628 1972 ἐστι,
645 1925 868 1975 Συνήόομαι,
894 1925 1078 1976 εΟμολογίῖι

62 1988 108 2027 ὡς
129 1987 243 2027 καλῶς
266 1986 399 2036 ἔχοντι,
421 1984 539 2036 ὥσπερ
559 1980 614 2022 οῧν
633 1985 692 2022 καὶ
715 1985 813 2028 αὐτὸς
843 1986 920 2035 ἐμοὶ
947 1989 997 2039 τῷ
1023 1986 1080 2024 θέ-

62 2047 155 2082 λοντι
183 2050 293 2081 ποιεῖν
320 2046 359 2082 τὸ
380 2044 496 2082 καλόν.
512 2044 620 2082 εΏστε
645 2045 684 2082 τὸ
703 2045 812 2083 θέλειν
830 2045 868 2083 τὸ
887 2046 1005 2093 καλὸν,
1020 2047 1079 2084 καὶ

64 2106 102 2142 τὸ
121 2105 169 2155 μὴ
200 2106 308 2142 θέλειν
333 2105 371 2142 τὸ
399 2105 548 2156 πονηρὸν
562 2134 572 2152 ,
590 2105 716 2142 ἄνωθεν
737 2099 778 2151 ἦν
793 2107 1080 2158 προκαταὸεέλη-

65 2165 184 2214 μένον·
207 2169 224 2202 ὃ
242 2166 277 2202 δὲ
293 2165 395 2215 νόμος
416 2165 537 2212 ἐλθὼν,
561 2165 620 2202 καὶ
638 2167 672 2202 ἐν
694 2172 763 2209 τοῖς
794 2172 912 2210 κακοῖς
931 2167 1080 2219 κατήγο-

67 2240 121 2275 ρος
158 2224 291 2274 ἐγένετο
315 2224 493 2272 πλειόνων,
520 2225 578 2262 καὶ
599 2226 633 2262 ἐν
652 2231 722 2268 τοῖς
742 2227 882 2276 ἀγαθοῖς
900 2226 1082 2273 ἐπαινέτης

64 2284 239 2334 μειζόνων.
257 2284 365 2336 ίΟρξίς
388 2289 568 2336 πανταχοῦ
588 2284 744 2323 ἐπίτασίν
763 2300 840 2322 τινα
855 2285 914 2323 καὶ
926 2287 1083 2338 προσθή-

64 2360 129 2390 κην
148 2346 240 2396 αὐτῷ
268 2349 507 2397 μαρτυροῦντα
538 2345 661 2395 μόνον,
676 2347 793 2384 πλεῖον
822 2345 857 2383 δὲ
877 2346 988 2394 οὐδέν,
1012 2348 1083 2385 Καὶ

64 2404 132 2456 γὰρ
151 2407 367 2447 ἐπαινοῦντος
383 2406 487 2442 αὐτοῦ
498 2435 508 2452 ,
524 2405 585 2442 καὶ
601 2407 684 2456 ἐμοῦ
700 2406 930 2456 συνηδομένου
951 2408 1009 2445 καὶ
1029 2408 1083 2447 θέ-

65 2465 183 2506 λοντος
201 2465 240 2500 τὸ
258 2464 379 2511 καλὸν,
398 2464 436 2501 τὸ
455 2464 560 2502 κακον
582 2464 632 2502 ἔτι
647 2465 947 2516 παράκειται,κα“ι
960 2470 982 2513 ἡ
998 2473 1085 2518 πρᾶ-

69 2523 116 2566 ξις
131 2527 232 2561 αὐτοῦ
248 2525 309 2562 οὐκ
325 2524 507 2576 ἀνῄρηται.
519 2524 632 2562 εΏστε
647 2528 664 2562 ὁ
679 2525 780 2575 νόμος
790 2529 839 2578 τῷ
853 2521 1085 2580 προῃρημένῳ

68 2583 171 2620 καλόν
188 2598 222 2619 τι
238 2586 383 2629 ποιῆσαι
401 2583 492 2620 κατὰ
507 2589 607 2622 τοῦτο
622 2584 808 2637 σύμμαχος
822 2586 954 2637 γίνεται
971 2587 1085 2637 μόνον,

69 2642 155 2680 καθὸ
173 2643 232 2680 καὶ
251 2643 350 2685 αὐτὸς
367 2643 411 2680 τὰ
441 2643 527 2681 αὐτὰ
548 2646 641 2695 αὐτῷ
666 2645 836 2695 βούλεται.
856 2641 946 2684 Εἶτα
965 2649 1084 2695 ἐπειδὴ

70 2705 210 2754 ἀσαφῶς
235 2702 317 2740 αὐτὸ
344 2703 491 2751 τέθεικε,
510 2703 640 2755 προϊὼν
657 2705 836 2755 ἑρμηνεύει
852 2707 934 2745 αὐτὸ
953 2708 1011 2745 καὶ
1025 2724 1088 2746 σα-

69 2762 232 2814 φέστερον
254 2768 366 2810 ποιεῖ,
394 2763 525 2807 δεικνὺς
558 2766 632 2807 πῶς
663 2764 702 2802 τὸ
732 2766 837 2803 κακὸν
857 2767 1087 2818 παράκειται,

70 2822 129 2860 καὶ
155 2825 228 2865 πῶς
260 2825 306 2873 τῷ
334 2822 464 2861 θέλοντι
493 2830 602 2861 ποιεῖν
619 2822 682 2861 1’τὸ
710 2826 814 2864 καλὸν
836 2828 921 2876 ὁμοῦ
942 2829 959 2864 ὃ
986 2827 1088 2876 νόμος

72 2881 156 2919 ἐστί.
177 2881 378 2932 Συνῆδομαι
395 2883 481 2934 γὰρ,
493 2883 596 2935 φησὶ,
612 2885 661 2934 τῷ
677 2883 771 2936 νόμῳ
787 2890 845 2923 τοῦ
865 2887 956 2924 Θεοῦ
968 2915 977 2931 ,
995 2887 1086 2924 κατὰ

72 2941 129 2979 τὸν
151 2941 219 2979 ἔσω
242 2942 433 2993 ἄνθρωπον.
455 2942 574 2997 ’ῌδειν
596 2943 657 2993 μὲν
683 2944 748 2995 γὰρ
775 2945 833 2982 καὶ
855 2946 923 2998 πρὸ
948 2946 1088 2993 τούτου,

75 3001 178 3052 φησὶ,
196 3002 235 3038 τὸ
263 3001 380 3048 καλὸν,
402 3003 508 3054 εὑρὼν
527 3003 562 3042 δὲ
582 3004 664 3041 αὐτὸ
683 3005 742 3042 καὶ
763 3006 796 3042 ἐν
818 3005 1003 3056 γράμμασι
1021 3006 1090 3043 κεί-

75 3076 188 3108 μενον,
207 3063 348 3098 ἐπαινῶ.
368 3062 494 3099 Βλέπω
510 3062 546 3100 δὲ
567 3063 681 3115 ἕτερον
697 3063 798 3114 νόμον
831 3067 864 3102 ἐν
884 3071 955 3108 τοῖς
970 3064 1090 3114 με’λεσί

77 3135 157 3168 μου,
185 3121 529 3171 ἀντιστρατευόμενον
548 3126 598 3174 τῷ
619 3123 714 3175 νόμῳ
733 3129 792 3162 τοῦ
812 3125 886 3168 νοός
907 3141 987 3174 μου.

132 3186 246 3236 Χόμον
263 3189 407 3225 ἐνταῦθα
416 3189 524 3226 πάλιν
538 3192 886 3242 ἀντιστρατευόμενον
902 3193 964 3238 τὴν
982 3194 1093 3243 ἁμαρ-

124 3299 135 3312 ²
162 3290 250 3330 [οέτε
264 3298 372 3333 προϊών
392 3291 429 3322 A.
452 3299 484 3323 et
499 3304 602 3336 marg.
620 3294 738 3335 Savil.‚
753 3306 821 3327 non
838 3295 950 3337 male.j

126 3342 142 3364 b
167 3341 223 3379 [τὲ
242 3345 331 3374 ›exii-2
346 3349 426 3383 μένῳ
443 3350 529 3384 νόμος
545 3349 619 3378 ἐστὶν
645 3350 659 3379 ὸ
683 3353 770 3388 visto,-
796 3345 908 3378 iidem.
927 3348 969 3378 Et
996 3346 1081 3378 infra

1094 366 1120 395 Α
1144 369 1217 406 hoc
1226 369 1336 420 facio
1349 384 1365 413 ,-
1383 368 1452 406 sed
1469 368 1573 419 quod
1599 367 1688 404 nolo
1714 366 1881 411 malum,
1900 365 1973 402 Izoc
1987 365 2116 416 facio.

1139 431 1201 467 90.
1217 429 1256 467 Si
1284 442 1371 480 ergo
1401 429 1504 479 quod
1533 440 1600 479 ego
1629 427 1717 464 nolo
1731 456 1743 472 ,
1779 427 1851 463 hoc
1877 427 2005 477 facio,
2040 437 2119 461 mm

1132 491 1220 540 jam
1245 502 1312 541 ego
1329 502 1464 540 operor
1488 488 1613 537 illud,
1635 488 1703 525 sed
1726 487 1830 538 quod
1856 487 2051 523 inhabitat
2078 486 2121 520 in

1141 561 1201 584 me
1210 556 1424 599 peccatum.
1443 547 1576 586 Viden'
1595 546 1773 596 quomodo
1800 555 1833 583 et
1849 554 2012 582 naturam
2036 543 2118 581 ani-

1140 621 1205 644 mae
1224 616 1258 644 et
1268 616 1428 644 naturam
1448 606 1562 644 carnis
1584 621 1603 643 a
1623 606 1770 643 crimine
1792 605 1947 642 liberans
1967 634 1979 654 ,
2006 613 2120 641 totum

1142 667 1178 703 in
1192 667 1320 704 malam
1339 667 1576 718 operationem
1592 666 1781 703 transfert?
1795 667 1833 704 Si
1847 665 1942 702 enim
1960 678 2028 702 non
2043 663 2123 702 vult

1141 727 1297 770 malum,
1318 726 1492 763 liberatur
1515 725 1657 775 anima3
1685 725 1714 762 si
1736 725 1811 776 ipse
1829 739 1899 762 non
1922 725 2015 762 illud
2038 738 2122 775 ope-

1138 795 1260 833 ratur,
1292 786 1464 823 liberatur
1491 794 1525 822 et
1543 799 1694 835 eorpus,
1727 794 1760 822 ct
1784 786 1893 822 solius
1919 785 2003 822 mali
2033 798 2121 835 pro—

1140 846 1247 897 positi
1266 854 1378 882 totum
1399 854 1462 882 est.
1481 846 1561 881 Non
1582 844 1676 880 enim
1705 844 1863 895 idipsum
1890 855 2013 882 natura
2040 853 2124 881 sunt

1139 905 1257 942 anima
1272 933 1284 953 ‚
1306 918 1438 955 corpus
1458 912 1491 941 et
1519 904 1742 954 propositum
1759 920 1770 953 ;
1807 905 1868 942 sed
1889 905 1950 941 illa
1976 905 2123 954 quidem

1139 973 1221 1002 sunt
1235 978 1341 1015 opera
1354 964 1445 1013 Dei,
1474 964 1542 1000 hoc
1566 972 1683 1000 autem
1702 965 1924 1015 propositum
1951 978 1995 1001 ex
2023 964 2124 1001 nobis

1140 1023 1228 1075 ipsis
1258 1032 1292 1060 et
1324 1032 1442 1060 motus
1472 1023 1650 1074 quispiam
1673 1033 1746 1072 est,
1775 1037 1996 1073 quocumque
2023 1024 2126 1060 illum

1141 1083 1270 1120 ducere
1282 1082 1514 1121 voluerimus.
1532 1083 1626 1120 Nam
1641 1083 1806 1120 voluntas
1825 1082 1970 1132 quidem
1983 1092 2126 1120 natura-

1141 1143 1186 1181 lis
1205 1152 1256 1180 est
1274 1151 1309 1180 et
1323 1157 1343 1179 a
1356 1144 1453 1191 Deo3
1475 1142 1556 1180 talis
1570 1156 1655 1181 vero
1668 1143 1832 1181 voluntas
1846 1157 1865 1181 3
1877 1143 1978 1181 nobis
1997 1152 2030 1180 et
2044 1157 2127 1194 pro-

1143 1202 1250 1254 positi
1269 1202 1379 1240 nostri
1399 1211 1464 1240 est.
1492 1204 1556 1241 21.
1581 1204 1743 1240 Invenio
1767 1206 1884 1254 igitur
1911 1204 2032 1255 legem
2051 1217 2128 1240 vo-

1145 1266 1240 1303 lenti
1261 1265 1357 1301 mihi
1385 1265 1520 1316 facere
1548 1267 1704 1311 bonum,
1737 1268 1830 1316 quia
1858 1267 2005 1303 malum
2035 1267 2131 1303 mihi

1145 1327 1311 1377 adjacet.
1323 1325 1527 1362 Obscurum
1541 1333 1592 1362 est
1605 1325 1673 1362 hoc
1688 1324 1826 1362 dictum
1839 1341 1846 1361 z
1859 1326 1948 1376 quid
1963 1340 2044 1377 crgo
2061 1325 2131 1363 sibi

1144 1385 1251 1423 vult?
1270 1385 1394 1422 Laudo
1420 1385 1550 1435 legem,
1577 1385 1708 1434 inquit,
1733 1385 1930 1423 secundum
1946 1386 2131 1423 conscien-

1143 1445 1245 1491 tiam,
1260 1454 1293 1482 et
1305 1444 1405 1482 illam
1418 1444 1509 1482 mihi
1523 1445 1658 1483 volenti
1672 1445 1784 1482 facere
1796 1446 1931 1483 bonum
1944 1455 2132 1497 patronam

1146 1505 1303 1553 invenio,
1338 1518 1416 1553 quae
1444 1504 1666 1542 voluntatem
1699 1519 1814 1542 meam
1845 1505 2001 1543 intendat
2019 1521 2025 1540 :
2041 1506 2133 1542 sicut

1147 1564 1241 1602 enim
1261 1563 1297 1601 in
1316 1564 1394 1615 ipsa
1414 1564 1503 1601 mihi
1536 1565 1750 1615 complaceo,
1771 1565 1821 1603 sic
1843 1575 1877 1603 et
1904 1566 1967 1602 illa
1989 1574 2132 1603 senten—

1150 1623 1238 1660 tiam
1268 1637 1383 1661 meam
1415 1623 1551 1661 laudat.
1585 1623 1716 1663 Viden’
1750 1624 1926 1674 quomodo
1957 1625 2132 1661 bonorum

1103 1691 1127 1721 C
1148 1683 1393 1733 malorumque
1422 1683 1658 1733 cognitionem
1677 1698 1698 1720 a
1717 1684 1894 1735 principio
1914 1684 2017 1721 nobis
2039 1684 2133 1720 indi-

1130 1737 1134 1741 *
1149 1752 1223 1781 tam
1238 1744 1401 1788 ostendit,
1425 1743 1610 1794 legemque
1624 1744 1762 1795 Moysis
1781 1744 1927 1781 laudare
1945 1744 2047 1781 illam
2071 1744 2133 1780 di-

1150 1804 1209 1853 cit,
1229 1813 1262 1841 et
1280 1803 1419 1841 laudari
1437 1803 1482 1840 ab
1501 1803 1588 1842 illa?
1609 1805 1731 1854 Neque
1761 1805 1854 1842 enim
1883 1819 1988 1856 supra
2021 1804 2131 1852 dixit,

1149 1865 1288 1901 Doceor
1303 1878 1324 1900 a
1340 1864 1439 1915 lege5
1460 1863 1534 1913 sed,
1551 1865 1758 1902 Consentio
1773 1865 1870 1916 legi‚·
1891 1878 2003 1914 neque
2021 1863 2131 1911 dixit,

1147 1924 1306 1962 Erudior
1335 1924 1380 1961 ab
1408 1924 1483 1972 illa,
1513 1924 1592 1972 sed,
1608 1927 1710 1962 Milli
1735 1926 1955 1976 complaceo
1979 1928 2022 1961 in
2044 1925 2131 1961 illa.

1150 1984 1248 2032 Quid
1263 1984 1334 2022 sibi
1348 1984 1427 2022 vult
1444 1984 1551 2034 illud,
1573 1985 1801 2035 Complaceo
1821 1986 1917 2021 milzi
1929 1989 1944 2020 Ρ
1959 1985 2052 2021 Bene
2072 1985 2136 2021 ha-

1132 2042 1231 2081 ''bere
1246 2044 1425 2092 confiteor,
1439 2043 1531 2081 sicut
1544 2052 1577 2080 et
1591 2044 1652 2081 illa
1678 2058 1734 2081 me
1752 2045 1927 2081 volentem
1941 2045 2054 2082 facere
2071 2045 2137 2082 bo·

1149 2117 1247 2142 num.
1262 2105 1386 2154 Itaque
1403 2103 1497 2141 illud
1512 2112 1544 2140 et
1563 2104 1654 2142 velle
1666 2104 1800 2141 bonum
1820 2113 1853 2141 et
1872 2105 1965 2141 nolle
1986 2105 2135 2152 malum,

1146 2164 1221 2216 jam
1249 2164 1294 2200 ab
1324 2163 1424 2200 initio
1450 2162 1639 2200 fundatum
1664 2173 1716 2201 est
1735 2164 1815 2201 :lex
1843 2173 1959 2201 autem
1981 2165 2137 2211 veniens,

1151 2232 1184 2261 et
1197 2223 1234 2260 in
1250 2223 1354 2260 malis
1373 2223 1573 2261 accusatrix
1585 2223 1654 2260 suit
1668 2224 1924 2274 plurimorum,
1937 2224 2018 2261 etin
2036 2225 2139 2261 bonis

1151 2282 1334 2320 laudatrix
1361 2284 1548 2334 majorum.
1578 2282 1712 2322 Viden'
1738 2283 1871 2333 ubique
1899 2284 2141 2321 extensionem

1105 2350 1131 2379 D
1153 2343 1346 2394 quamdam
1365 2352 1398 2381 et
1416 2351 1645 2394 augmentum
1663 2343 1775 2395 ipsius
1792 2343 2040 2381 testificantem
2058 2353 2138 2381 tan-

1152 2415 1245 2453 tum,
1262 2415 1297 2444 et
1312 2416 1479 2458 praeterea
1498 2405 1616 2443 nihil?
1633 2405 1700 2443 Illa
1717 2406 1810 2444 enim
1830 2406 2012 2456 laudante,
2031 2415 2064 2444 et
2085 2420 2141 2443 me

1155 2470 1395 2521 complacente
1408 2477 1442 2506 et
1460 2468 1600 2507 volente
1617 2467 1764 2514 bonum,
1787 2469 1922 2506 malum
1943 2468 2062 2506 adhuc
2077 2469 2141 2506 ad-

1151 2531 1259 2582 jacet,
1277 2538 1310 2567 et
1320 2529 1411 2567 actio
1434 2529 1508 2579 ejus
1526 2541 1596 2565 non
1611 2528 1749 2565 sublata
1769 2538 1831 2567 est.
1846 2531 1967 2579 Itaque
1979 2530 2040 2567 lex
2058 2544 2140 2580 pro-

1156 2589 1299 2641 ponenti
1313 2589 1449 2625 bonum
1468 2586 1554 2637 quid
1570 2587 1695 2634 facere,
1714 2587 1751 2624 in
1775 2587 1844 2625 hoc
1872 2597 2009 2625 tantum
2030 2588 2140 2625 auxi-

1156 2648 1280 2686 liatrix
1293 2655 1358 2694 est,
1375 2655 1548 2696 quatenus
1560 2645 1682 2682 eadem
1699 2660 1777 2695 quae
1797 2646 1874 2697 ipsa
1893 2647 1984 2684 vult.
2003 2647 2144 2684 Deinde

1157 2708 1243 2758 quia
1262 2706 1356 2744 illud
1374 2706 1522 2743 obscure
1540 2714 1719 2756 posuerat,
1742 2720 1948 2757 progressus
1968 2706 2004 2743 id
2024 2707 2144 2758 expli-

1161 2777 1216 2806 cat
1236 2776 1269 2804 et
1291 2767 1427 2803 clarum
1446 2764 1579 2814 reddit,
1608 2765 1790 2803 ostendens
1813 2767 1989 2816 quomodo
2008 2768 2144 2804 malum

1161 2829 1329 2880 adjaceat,
1351 2836 1385 2864 et
1413 2825 1591 2876 quomodo
1628 2826 1761 2864 volenti
1788 2827 1902 2864 facere
1923 2828 2057 2866 bonum
2085 2829 2144 2867 lex

1161 2888 1264 2926 adsit.
1282 2890 1343 2925 Ἣ.
1361 2886 1614 2924 condelector
1631 2889 1732 2923 enim
1751 2887 1826 2938 legi
1843 2888 1919 2924 Dei
1936 2889 2146 2926 secundum

1163 2951 1382 2986 interiorem
1401 2948 1608 2984 hominem.
1632 2947 1769 2984 Bonum
1789 2947 1898 2996 enim,
1920 2948 2053 2998 inquit,
2069 2949 2146 3000 jam

1163 3018 1243 3046 ante
1263 3021 1443 3055 noveram,
1474 3006 1590 3057 ipsum
1613 3015 1731 3043 autem
1758 3006 1794 3043 in
1824 3007 1936 3044 literis
1967 3017 2146 3059 repertum

1163 3068 1284 3107 laudo.
1298 3069 1361 3106 95.
1376 3067 1494 3104 Video
1509 3075 1637 3104 autem
1655 3065 1821 3103 alteram
1837 3067 1957 3118 legem
1976 3069 2016 3103 in
2029 3081 2145 3105 mem-

1168 3134 1244 3169 bris
1261 3133 1368 3175 meis,
1387 3136 1664 3180 repugnantem
1686 3128 1760 3179 legi
1779 3131 1916 3166 mentis
1935 3142 2038 3166 meoe.

1220 3193 1255 3229 5.
1277 3192 1408 3242 Legem
1437 3190 1497 3227 hic
1526 3203 1648 3227 rursus
1683 3199 1934 3240 repugnantem
1963 3199 2147 3242 peccatum

1113 3018 1138 3048 E

1149 3303 1176 3330 ἐν
1190 3302 1349 3342 γράμματι
1366 3300 1521 3336 κείμενοι]

1928 3391 1952 3424 μ

1956 3390 1991 3426 51¹
