2502 3810
955 279 1013 308 DE
1046 279 1284 310 CARITATE.

89 378 146 400 στ-
135 362 344 414 ,φανηφόρον
387 362 537 429 εἰσάγει,
577 377 636 399 και
666 359 745 403 τους
777 361 810 397 ἐν
851 360 966 410 σεμνῶ
1000 358 1102 424 γάμῳ

90 418 247 464 βιοῦντας
267 416 428 452 εἰσελθεῖν
447 416 484 452 οὗ
510 412 662 452 κωλύει·
684 411 802 462 ἀγάπη
829 410 893 456 τὴν
913 410 1103 460 ἐλεημοσύ-

89 481 149 510 νην
170 468 281 517 φιλεῖ,
305 482 363 504 και
390 468 439 517 τῷ
458 467 564 511 αὐτῆς
582 467 736 529 γεωργῷ
749 462 935 529 στεφάνους
953 477 1104 515 χρυσαυ-

88 523 158 567 γεῖς
183 518 380 567 ἑτοιμάζει·
402 517 521 568 ἀγάπη
541 515 778 581 ὑπερηφανίαν
793 516 855 552 οὒκ
870 508 961 563 οἶδε,
977 530 1104 552 ταπει-

88 585 164 612 νους
183 570 218 607 δὲ
239 569 392 613 δοξάζει·
410 569 527 619 ἀγάπη
548 567 756 618 κακολογίαν
775 565 908 618 φεύγει,
925 566 984 604 καὶ
1003 567 1104 604 εὔλο-

89 622 166 671 γίαν
186 620 222 659 δὲ
231 620 402 685 στέργει·
423 620 542 671 ἀγάπη
573 620 704 685 ἄνδρας
730 619 790 657 καὶ
820 624 984 668 γυναῖκας
1001 618 1106 669 γάμῳ

90 671 322 722 συναφθέντας
337 676 492 723 ὁμονοεῖν
511 671 749 738 συμὸουλεύει,
761 669 972 736 χωρίζεσθαι
990 669 1063 706 δὲ’
1044 670 1104 707 απ’

90 724 250 770 ἀλλήλων
267 724 304 762 οὔ
315 739 399 762 ποτε
413 724 526 762 θέλει·
543 723 660 788 ἀγάπη
677 722 754 765 τους
771 722 937 788 πατέρας
939 723 1048 773 φιλεῖν
1062 720 1106 758 τὰ

90 775 192 813 τέκνα
207 776 456 829 προτρέπεται,
477 792 537 814 και
549 775 594 813 τὰ
611 774 716 813 τέκνα
732 773 937 813 δουλεύειν
920 789 966 816 ως
981 773 1104 811 δεσπό-

89 842 164 870 ταις
186 835 256 872 τοῖς
281 832 459 879 γονεῦσιν·
465 826 601 893 ἀγάπη
622 843 699 870 τους
727 825 895 868 δεσπότας
915 825 1106 875 ἐλεήμονας

89 883 177 917 εἰναι
195 881 393 932 παρακαλεῖ
416 878 506 944 πρὸς
518 878 597 923 τους
616 878 772 926 οἰκέτας,
790 878 850 916 καὶ
868 876 947 920 τους
971 877 1106 922 οἰκέτας

88 935 270 993 ὑπουργεῖν
298 938 369 975 τοῖς
399 930 583 974 δεσπόταις
612 930 744 973 ἀδόλως
774 934 962 995 παραινεῖ·
984 930 1104 980 ἀγάπη

88 982 146 1021 τὸν
165 984 269 1035 φόοον
285 983 350 1028 ἔξω
365 983 513 1029 τίθεται,
530 983 590 1022 καὶ
605 983 668 1030 την
682 983 768 1048 πρὸς
783 982 840 1020 τὸν
860 982 950 1022 Θεὸν
970 985 1106 1047 παρρη-

89 1050 167 1072 σιαν
182 1036 452 1100 ενστερνίζεται·
467 1034 514 1074 H
518 1035 600 1101 γὰρ
618 1034 732 1073 τελεία
748 1034 890 1101 ἀγάπη,
907 1034 1023 1086 φησὶν,
1042 1033 1106 1078 ἔξω

92 1087 212 1136 βάλλει
232 1088 290 1126 τὸν
310 1087 438 1165 φόὲον·
460 1087 579 1138 ἀγάπη
609 1087 666 1125 τὸν
698 1086 863 1151 στέφανον
893 1091 1012 1125 τοῦτον
1038 1089 1107 1124 τῶν

88 1139 248 1189 πατέρων
267 1139 405 1182 ἔπλεξεν
426 1142 532 1202 ἡμῖν,
551 1139 610 1176 καὶ
635 1138 674 1175 τὸ
693 1138 856 1189 στέλεχος
879 1153 942 1184 της
971 1137 1108 1180 ἐλπίδος

87 1191 195 1240 γλυκυ
213 1191 271 1228 καὶ
298 1190 517 1257 καρποφόρον
532 1189 669 1254 ιδρυσεν
689 1193 799 1239 ἡμῖν·
816 1189 936 1239 ἀγάπη
964 1189 1003 1227 τὸ
1032 1190 1108 1228 ποί-

90 1256 186 1290 μνιον
206 1243 254 1285 εἷς
270 1241 334 1288 τὴν
355 1242 510 1293 μάνδραν
539 1257 602 1288 της
621 1240 836 1288 Ἐκκλησίας
863 1241 1017 1292 εἰσάγει,
1048 1242 1108 1280 καὶ

88 1292 150 1339 τὴν
185 1294 378 1361 χλοηφόρον
417 1308 476 1331 του
519 1293 730 1360 παραδείσου
773 1293 915 1358 νέμεται
947 1293 1106 1358 τρυφήν·

90 1344 208 1394 ἀγάπη
228 1345 290 1392 τὴν
307 1345 448 1384 πάντων
474 1346 576 1395 ἡμῶν
595 1344 703 1391 ἀκοην
734 1346 781 1387 εἰς
810 1343 893 1394 μίαν
923 1343 1106 1396 φιληκοιαν

90 1396 256 1446 δεξαμένη
295 1396 516 1463 ἐρῥύθμισε,
534 1396 594 1434 καὶ
632 1395 696 1443 τὴν
738 1395 908 1462 ὑμετέραν
923 1398 1106 1461 γλῶσσαν

88 1449 301 1487 ἐπλάτυνεν·
332 1449 452 1500 ἀγάπη
483 1448 524 1486 τὸ
554 1449 658 1499 σῶμα
693 1447 869 1496 παιδεύει,
901 1448 940 1487 τὸ
970 1464 1107 1499 πνευμα

90 1501 286 1551 θερμαίνει,
315 1501 379 1547 τὴν
413 1499 528 1566 ψυχὴν
564 1499 760 1539 λευκαίνει·
780 1499 899 1551 ἀγάπη
931 1517 1009 1544 τους
1037 1504 1106 1540 τῶν

89 1554 252 1598 ἀσκητῶν
269 1553 393 1596 πόνους
411 1551 592 1603 σεμνύνει,
609 1552 668 1591 καὶ
685 1551 763 1595 τους
783 1556 843 1590 τοῧ
856 1553 942 1591 Υἱοῧ
961 1553 1106 1597 κόλπους

89 1604 222 1648 τούτοις
238 1606 446 1655 γελῶντας’
427 1604 579 1656 ανοίγει·
598 1607 645 1649 εἷς
663 1604 720 1648 ους
737 1604 796 1642 καὶ
812 1606 906 1656 ἡμᾶς
924 1608 943 1643 ὃ
966 1605 1105 1644 πάντων

91 1658 278 1704 Δεσπότης
306 1656 482 1706 ἀξιώσειε,
518 1658 565 1701 εἰς
602 1656 678 1702 τους
706 1658 832 1701 αἰῶνας
861 1673 928 1695 των
961 1658 1106 1697 αἰώνων.

90 1707 208 1758 Ἀμήν.

2056 259 2148 323 967

1176 369 1377 397 coronatam
1407 358 1561 408 inducit,
1590 370 1652 395 nec
1670 355 1837 414 prohibet
1855 355 1942 406 quin
1975 355 2017 405 ii,
2036 355 2096 406 qui
2115 355 2152 393 in

1175 411 1376 450 honorabili
1405 410 1571 462 conjugio
1600 409 1784 456 vixerunt,
1814 408 2009 445 introeant:
2027 407 2153 445 caritas

1174 464 1433 516 eleemosynam
1451 471 1557 511 amat,
1573 470 1607 499 et
1621 462 1666 499 iis
1677 460 1739 511 qui
1757 437 1856 498 illam
1871 460 1991 498 colunt
2008 473 2153 498 coronas

1176 529 1262 553 amo
1296 515 1517 568 splendentes
1544 522 1667 566 parat:
1680 512 1807 550 caritas
1840 512 2048 571 superbiam
2083 525 2153 550 non

1176 567 1297 616 novit,
1323 568 1477 605 humiles
1496 576 1613 604 autem
1631 565 1742 616 gloria
1754 564 1889 602 afficit:
1903 563 2029 602 caritas
2043 564 2155 602 male-

1175 618 1271 656 dicta
1297 619 1404 671 fugit,
1422 628 1457 658 et
1484 618 1746 656 benedictiones
1772 616 2017 676 amplectitur:
2028 617 2154 654 caritas

1176 671 1232 708 vir
1234 685 1272 709 os
1284 680 1318 709 et
1331 671 1495 709 mulieres
1510 669 1735 708 matrimonio
1749 669 1953 727 conjunctos
1965 668 2153 707 concordes

1176 736 1250 760 esse
1268 723 1409 771 suadet,
1438 736 1593 774 separari
1607 734 1690 759 vero
1719 720 1792 758 ab
1782 734 1935 759 mvlcem
1961 734 2154 771 numquam

1129 782 1153 812 C
1172 774 1358 813 concedit:
1375 775 1504 813 caritas
1514 773 1677 832 praecipit
1691 782 1728 810 ut
1740 781 1857 824 patres
1870 772 1963 809 filios
1976 781 2107 820 ament,
2123 782 2156 810 et

1175 826 1243 864 filii
1283 826 1419 865 atribus
1436 826 1591 864 serviant
1611 833 1652 862 ut
1669 824 1824 862 dominis
1843 824 1937 862 suis:
1949 825 2075 862 caritas
2091 825 2156 861 he-

1176 892 1235 917 ros
1258 842 1428 917 lliortatur
1444 887 1483 916 ut
1502 876 1745 916 misericordes
1774 877 1845 914 sint
1862 889 1946 927 erga
1966 889 2020 914 sel
2023 889 2097 924 VOS,
2124 886 2157 914 et

1177 944 1297 970 servos
1329 941 1369 969 ut
1401 931 1476 970 sine
1496 930 1578 969 dolo
1598 929 1752 968 serviant
1773 928 1895 967 heris:
1918 928 2046 966 caritas
2064 929 2157 966 foras

1177 983 1287 1022 mittit
1306 983 1486 1034 timorem,
1506 992 1541 1021 et
1565 981 1736 1020 fiduciam
1751 995 1834 1033 erga
1855 981 2000 1019 Deum
1990 994 2028 1019 1n
2054 980 2159 1019 corde

1179 1036 1377 1075 constituit:
1392 1050 1475 1074 nam
1493 1036 1678 1093 Perfecta
1706 1037 1867 1081 caritas,
1888 1033 2019 1084 inquit,
2042 1035 2158 1086 foras

1179 1091 1300 1126 mittit
1319 1091 1516 1127 timorem:
1529 1087 1655 1125 caritas
1672 1086 1764 1124 hanc
1781 1086 1884 1124 nobis
1900 1094 2042 1137 patrum
2063 1099 2158 1124 coro-

1179 1153 1261 1177 nam
1275 1140 1414 1199 nexuit,
1433 1149 1467 1177 et
1478 1139 1626 1198 stirpem
1637 1138 1713 1190 spei
1729 1152 1877 1177 suavem
1894 1147 1927 1176 et
1941 1138 2161 1177 fructuosam

1178 1190 1365 1231 firmavit
1355 1205 1391 1230 1n
1413 1192 1537 1230 nohis:
1528 1191 1676 1228 ·caritas
1694 1203 1838 1241 gregem
1867 1190 1904 1228 in
1929 1190 2067 1228 caulam
2087 1190 2160 1228 Ec—

1179 1243 1294 1282 clesiae
1325 1243 1464 1282 inducit
1471 1243 1738 1302 ,viridemque
1753 1243 1854 1281 illam
1880 1242 2041 1294 paradisi
2057 1244 2160 1281 volu-

1179 1304 1311 1346 ptatem
1333 1296 1485 1334 tribuit:
1497 1295 1625 1333 caritas
1642 1295 1803 1333 omnium
1820 1303 1980 1333 nostrum
1996 1294 2161 1333 auditum

1179 1359 1291 1384 unum
1304 1356 1338 1385 et
1355 1347 1608 1387 benevolentiae
1621 1347 1768 1398 plenum
1779 1346 1952 1396 reddidit,
1967 1355 2002 1385 et
2020 1347 2162 1386 concin-

1178 1398 1277 1437 navit
1286 1400 1477 1451 ,linguam
1505 1408 1661 1438 nostram
1685 1398 1872 1458 dilatavit.
1886 1399 2014 1438 caritas
2033 1413 2160 1451 corpus

1178 1449 1320 1499 educat,
1337 1452 1504 1504 spiritum
1519 1452 1629 1502 fovet,
1641 1451 1796 1490 animam
1814 1451 2006 1490 candidam
2022 1451 2159 1490 reddit.

1178 1503 1307 1542 caritas
1337 1513 1534 1543 ascetarum
1560 1504 1698 1542 laboles
1716 1503 1941 1542 honorabiles
1969 1503 2107 1554 reddit,
2127 1514 2160 1542 et

1177 1555 1263 1593 Filii
1279 1556 1378 1595 sinus
1390 1557 1446 1595 his
1463 1556 1634 1608 gratiosos
1644 1557 1779 1616 aperit:
1792 1556 1827 1594 in
1839 1570 1927 1608 quos
1942 1571 2005 1596 nos
2022 1570 2161 1608 quoque

1177 1617 1217 1646 ut
1238 1609 1455 1662 recipiamur
1472 1609 1640 1662 dignetur
1657 1623 1816 1649 omnium
1832 1610 2006 1648 Dominus
2034 1610 2070 1647 in
2093 1623 2159 1647 sae-

1177 1660 1256 1699 cula
1278 1662 1498 1701 saeculorum.
1532 1665 1654 1700 Amen.

1019 2393 1055 2441 F
1058 2392 1196 2444 INIS.

266 3470 357 3494 TOM.
389 3471 440 3495 lx.

2177 1049 2202 1070 Ι.
2219 1043 2306 1071 Jorm.
2357 1064 2364 1072 .

2177 1083 2223 1114 18.
