2502 3810
124 388 215 416 Joun.
240 392 284 421 17.

125 427 172 455 25.
193 433 218 453 ct
241 424 286 463 [ᾖ.

129 476 175 503 ¹7·

142 1221 219 1247 Jl¹irl.
238 1217 283 1256 Is.-

146 1262 192 1287 15'».
223 1267 248 1286 et
280 1259 325 1287 ¹5.

146 1310 192 1328 io.

146 1899 257 1929 matth,
288 1896 332 1925 if».

151 1952 165 1969 2
180 1953 200 1977 g.

163 2728 276 2757 Manli.
299 2725 349 2754 13.

168 2778 217 2798 αα.

325 276 418 336 938

321 387 442 425 capere
469 369 679 408 declarabat.
708 369 801 406 Nam
818 367 868 404 ait
885 381 893 402 :
912 367 1032 403 Pater
1041 366 1163 416 juste,
1197 376 1306 399 mun-

321 429 392 464 das
413 434 449 461 te
469 436 546 459 non
567 424 675 459 novit
684 436 699 464 ;
723 430 768 466 et,
790 420 951 469 Spiritus
973 418 1166 462 veritatis,
1196 427 1309 466 quem

323 477 486 515 mundus
517 488 593 511 non
620 481 743 523 potest
771 474 954 521 accipere.
991 469 1105 506 Illum
1134 480 1217 517 ergo
1248 465 1310 515 qui

322 543 403 567 vere
424 531 537 565 Deum
551 526 632 563 vult
648 524 759 575 sequi,
779 524 935 561 solutum
951 535 1024 558 csse
1040 527 1177 571 oportet
1196 533 1214 555 a
1233 519 1312 556 vin-

324 581 413 619 culis
433 580 580 618 affectus
604 591 686 627 erga
706 577 817 614 vitam
834 591 841 611 ε
859 575 927 611 hoc
952 587 1034 611 vero
1058 586 1120 623 per
1139 570 1313 608 omnimo-

324 633 412 670 dum
431 644 605 669 secessum
618 638 651 666 et
670 628 888 666 oblivionem
903 634 1064 663 veterum
1082 637 1222 660 morum
1237 637 1315 673 per-

326 685 459 722 ficitur.
490 685 572 730 Quo
598 682 689 719 facto
718 680 812 717 omni
835 677 996 716 custodia
1016 691 1076 714 cor
1101 675 1316 714 servandum

329 747 394 781 est,
427 749 540 785 neque
563 732 730 784 cogitatio
759 731 825 769 Dei
845 728 1070 773 removenda,
1104 741 1217 777 neque
1238 741 1316 764 me—

330 789 442 827 moria
475 787 696 824 mirabilium
722 785 797 836 ejus
824 782 927 821 vanis
956 780 1229 832 cogitationibus
1256 780 1318 816 soe-

330 841 448 879 danda
462 849 527 885 est,
549 838 609 876 sed
626 852 687 890 per
701 837 880 874 assiduam
899 844 932 871 ct
949 847 1074 885 puram
1110 832 1319 869 memoriam

331 902 487 931 sanctam
513 891 580 928 Dei
605 890 855 940 cogitationem
881 886 1068 923 animabus
1098 884 1227 922 nostris
1256 898 1319 921 ceu

332 946 492 997 sigillum
512 942 700 981 indelebile
719 942 925 993 impressam
945 947 1082 990 oportet
1099 937 1241 974 habere.
1261 936 1321 974 Sic

333 999 427 1036 enim
448 996 559 1034 vineit
583 997 619 1032 in
649 994 750 1032 nobis
768 993 894 1030 caritas
915 1005 997 1042 erga
1016 992 1148 1038 Deum,
1178 1003 1256 1038 quae
1274 988 1317 1025 si—

335 1051 409 1088 mul
441 1063 503 1086 nos
532 1047 664 1086 excitat
686 1046 736 1083 ad
763 1044 1044 1082 observationem
1074 1040 1323 1079 mandatorum

336 1102 505 1145 Domini;
538 1109 571 1137 et
590 1099 674 1136 hinc
702 1099 763 1135 illa
783 1098 858 1149 ipsa
878 1105 1038 1134 sei-vatur
1058 1094 1092 1131 in
1113 1103 1323 1144 perpetuum

338 1155 458 1192 illaesa.
475 1153 523 1191 Et
538 1153 604 1189 boe
617 1151 771 1188 declarat
789 1149 962 1187 Dominus
976 1146 1168 1197 aliquando
1183 1145 1321 1183 dicens:

338 1208 378 1245 Si
389 1208 550 1257 diligitis
565 1219 636 1250 me,
655 1203 937 1240 mandatamea
948 1208 1117 1243 servate;
1130 1197 1323 1247 aliquando

341 1274 438 1304 vero,
460 1260 499 1296 Si
515 1257 703 1294 mandata
720 1268 805 1292 mea
824 1254 1081 1295 servaveritis,
1102 1252 1322 1293 manebitis,

341 1315 382 1349 in
405 1311 610 1347 dilectione
630 1321 732 1349 ntea,-
755 1315 788 1342 et
809 1314 846 1342 ut
860 1304 1014 1341 validius
1034 1303 1199 1345 inflectat,
1219 1302 1324 1338 Sicut

341 1378 408 1415 ego
425 1363 615 1399 mandata
639 1361 772 1396 Patris
788 1360 861 1393 mei
877 1358 1043 1399 servaci,
1070 1364 1107 1391 et
1128 1367 1265 1390 maneo
1285 1356 1325 1388 in

341 1419 422 1466 ejus
432 1415 649 1451 dilectione.
666 1410 737 1455 Qui
751 1423 832 1446 vero
846 1407 1001 1444 mandati
1015 1406 1276 1443 accurationem
1291 1404 1325 1441 in

341 1466 516 1518 operando
535 1462 742 1513 corrumpit,
771 1461 846 1498 sine
864 1460 976 1496 dubio
997 1459 1088 1495 circa
1109 1458 1174 1494 Dei
1194 1471 1327 1493 memo-

341 1521 431 1556 riam
448 1518 663 1555 infirmatur.
687 1514 830 1551 Confert
846 1522 964 1549 autem
980 1525 1047 1547 non
1063 1510 1196 1547 elatum
1212 1509 1328 1546 animo

343 1585 428 1619 esse,
458 1579 491 1607 ct
510 1568 698 1620 separatim
723 1566 823 1603 domi
841 1565 1002 1601 habitare.
1021 1579 1027 1599 :
1049 1577 1129 1600 nam
1149 1576 1229 1598 eum
1250 1560 1331 1597 aliis

341 1624 378 1661 in
408 1623 482 1660 vita
511 1635 585 1659 sese
607 1619 843 1665 commiscere,
873 1616 1022 1653 noxium
1056 1624 1116 1652 est.
1142 1615 1269 1663 Itaque
1292 1621 1332 1649 ut

344 1691 386 1713 ne
417 1690 477 1726 per
509 1688 612 1711 aures
631 1685 693 1709 nec
714 1685 777 1723 per
796 1670 915 1707 oculos
945 1668 1148 1711 incitemur,
1174 1676 1208 1703 et
1235 1674 1273 1702 ut
1296 1665 1332 1702 in

344 1729 500 1765 oratione
519 1738 744 1778 perseverare
769 1722 960 1774 possimus,
986 1720 1100 1771 primo
1117 1718 1214 1756 domi
1232 1732 1331 1755 seor-

346 1795 424 1818 sum
455 1780 622 1817 vix-amus
641 1793 647 1812 :
666 1777 714 1813 ita
745 1777 838 1812 enim
867 1774 1020 1825 priscam
1045 1771 1334 1809 consuetudinem

347 1846 568 1884 superamus,
605 1844 674 1880 qua
698 1828 809 1866 vitam
829 1841 848 1864 a
881 1826 945 1863 Dei
969 1825 1154 1876 praeceptis
1183 1824 1335 1861 alienam

347 1885 575 1922 ducebamus.
598 1885 645 1921 Et
664 1880 770 1930 illud,
797 1881 838 1919 Si
862 1882 949 1929 quis
969 1880 1078 1915 venit
1098 1878 1152 1914 ad
1170 1891 1242 1922 me,
1270 1877 1337 1912 al)-

350 1947 459 1989 negec
487 1938 740 1986 semetipsum,
774 1931 1001 1983 quandonam
1024 1930 1105 1980 quis
1130 1943 1252 1966 eorum
1280 1928 1339 1965 vel

351 2005 462 2027 unum
482 2003 621 2026 servare
640 1986 777 2039 possit?
798 1987 948 2036 Oportet
967 1983 1060 2020 enim
1081 1996 1141 2019 nos
1161 1982 1339 2031 abnegan-

350 2053 401 2080 tes
423 2041 663 2092 nosmetipsos,
686 2048 718 2076 ct
742 2037 898 2075 tollentes
917 2050 1058 2073 crucem
1076 2044 1247 2082 nostram,
1290 2032 1342 2069 sic

351 2096 454 2132 illum
474 2093 585 2143 sequi.
611 2090 806 2142 Abnegatio
825 2098 943 2126 autem
965 2089 1017 2126 sui
1044 2097 1109 2133 est,
1141 2085 1339 2138 praeterito-

353 2162 432 2185 rum
450 2147 609 2184 omnium
629 2143 777 2189 oblivio,
803 2151 836 2178 et
855 2141 1030 2179 voluntati
1054 2140 1208 2191 propriae
1234 2138 1340 2174 abre-

354 2199 541 2237 nuntiatio.
569 2198 608 2236 Si
625 2210 709 2234 vero
727 2194 911 2245 quidpiam
942 2202 1119 2230 terrenum
1147 2192 1182 2228 iu
1210 2204 1343 2227 memo-

354 2253 406 2289 ria
428 2251 642 2288 retineamus
663 2250 698 2285 in
717 2247 911 2284 substantia
932 2253 1108 2295 corrupta,
1131 2245 1206 2293 jam
1228 2251 1343 2279 mente

355 2304 456 2353 quasi
489 2305 523 2339 in
553 2301 709 2352 quodam
741 2313 839 2336 coeno
872 2298 1042 2341 demersa,
1068 2296 1185 2332 anima
1218 2309 1237 2331 a
1269 2297 1344 2331 Deo

356 2370 425 2393 non
458 2355 658 2405 respicitur,
691 2360 796 2401 atque
826 2349 871 2387 ad
896 2349 1215 2400 concupiscentiam
1246 2347 1345 2383 caele-

357 2408 465 2444 stium
484 2416 517 2443 et
541 2406 587 2443 ad
606 2405 841 2456 repositorum
866 2402 1043 2438 bonorum
1074 2399 1344 2450 promissionem

357 2458 551 2496 immobilis
573 2467 635 2495 est.
655 2458 695 2493 In
724 2468 861 2492 summa
885 2468 927 2490 ne
953 2468 1006 2490 res
1025 2452 1169 2503 quidem
1190 2464 1345 2488 necessa-

359 2513 429 2550 rias
451 2525 573 2548 curare
589 2509 655 2561 ipsi
676 2507 891 2551 conceditur,
912 2506 1011 2542 verbi
1033 2505 1145 2555 gratia
1165 2504 1345 2547 alimenta,

359 2573 493 2602 vestem
509 2579 516 2598 :
532 2577 573 2600 ne
590 2576 653 2599 ceu
669 2560 779 2611 spinis
791 2558 1014 2596 detineamur
1029 2557 1131 2594 malis
1144 2555 1268 2593 mundi
1289 2569 1347 2592 co-

362 2615 605 2668 gitationibus,
629 2627 707 2663 quae
727 2625 843 2649 semen
865 2611 910 2647 ab
927 2610 1127 2647 animarum
1146 2617 1346 2645 nostrarum

362 2668 514 2720 agricola
524 2668 659 2718 jactum
670 2680 688 2702 a
701 2665 817 2701 fructu
827 2662 968 2700 ferendo
980 2660 1347 2714 prohibent3Domino

365 2731 483 2759 nostro
500 2722 583 2759 Jesu
600 2718 742 2755 Christo
758 2716 895 2753 dicente
913 2731 919 2750 :
938 2715 985 2752 Hi
1002 2723 1082 2751 sunt
1100 2714 1158 2763 qni
1177 2713 1211 2750 in
1230 2713 1347 2764 spinas

366 2773 578 2819 inciderunt,
592 2770 652 2820 qui
667 2784 687 2806 a
700 2767 1002 2806 sollicitudinilnis
1016 2776 1046 2803 et
1058 2766 1196 2802 divitiis
1213 2774 1245 2802 et
1260 2778 1348 2802 avo-

366 2825 565 2878 luptatibus
586 2823 666 2861 vitae
690 2822 921 2864 suffocantur,
956 2833 1017 2855 nec
1038 2820 1193 2855 fructum
1216 2818 1344 2853 serunt.

368 2881 490 2928 Neque
509 2876 603 2913 enim
619 2873 768 2926 peccatis
784 2882 922 2923 tempus
942 2871 1121 2916 dabimus,
1148 2884 1258 2919 neque
1278 2869 1347 2906 ini-

368 2931 459 2968 mico
472 2930 589 2966 locum
605 2928 637 2964 in
653 2926 820 2963 cordibus
838 2924 963 2961 nostris
980 2923 1232 2972 relinquemus,
1246 2922 1273 2958 si
1289 2936 1347 2971 per

367 2985 583 3032 frequentem
598 2978 803 3016 memoriam
818 2978 934 3014 Deum
950 2975 1205 3013 inhabitantem
1216 2974 1349 3011 habea-

369 3050 458 3073 mus.
477 3032 631 3070 Attentio
647 3040 761 3068 autem
776 3029 904 3066 mentis
918 3037 950 3065 et
963 3026 1178 3065 consuetudo
1192 3040 1264 3063 sese
1281 3040 1349 3063 non

369 3085 563 3125 extollendi
587 3083 708 3136 pueris
738 3096 802 3133 per
825 3091 954 3118 rectam
976 3080 1218 3117 educationem
1249 3078 1351 3115 facile

368 3137 562 3184 aderunt,si
569 3151 587 3173 a
596 3134 890 3186 gubernatoribus
900 3134 1098 3182 frequenter
1105 3133 1352 3178 observentur,

370 3205 441 3242 quo
459 3191 592 3227 scilicet
608 3196 761 3225 mentem
775 3194 925 3230 vertant,
939 3185 1071 3234 etquid
1088 3193 1226 3223 versent
1242 3183 1277 3219 in
1294 3197 1351 3220 co*

371 3242 612 3294 gitationibus.
635 3241 726 3277 Nam
753 3238 865 3275 aetatis
888 3237 1095 3288 simplicitas
1119 3238 1193 3274 sine
1215 3235 1297 3272 dolo
1316 3244 1349 3273 et

372 3294 554 3333 mendacio
575 3292 678 3330 facile
702 3290 828 3328 mentis
847 3303 973 3326 arcana
992 3289 1134 3327 revelat.
1160 3290 1213 3326 Ne
1232 3297 1349 3326 autem

416 3420 432 3443 b
457 3416 580 3459 [Savil.
600 3422 636 3450 ἵσ.
652 3426 709 3450 τῶν
726 3417 899 3457 &movim-a]

1352 1411 1375 1436 Α

1366 2196 1389 2224 Β

1269 276 1440 306 SPt'RtA.

1381 360 1605 412 ἀναχωρήσει
1623 361 1692 398 τῶν
1716 361 1890 411 μεριμνῶν
1914 364 1972 397 τοῦ
1992 360 2140 409 κόσμου,
2162 358 2220 396 καὶ
2239 360 2282 409 τῇ
2307 373 2398 395 παν·

1382 415 1473 451 τελεὶ
1503 412 1731 464 ἀλλοτριώσει
1761 413 1775 431 ”
1788 415 1856 449 τῶν
1877 411 2032 456 ἀνοήτων
2056 414 2308 462 περισπασμῶν
2342 427 2402 448 κα-

1383 470 1576 517 τορθοῦται.
1601 464 1706 502 Οὕτω
1727 464 1785 501 καὶ
1817 469 1887 505 τοῖς
1920 468 2091 513 μαθηταῖς
2108 467 2125 499 ὁ
2145 462 2286 514 Κύριος,
2316 463 2404 513 μετὰ

1383 518 1446 563 τὴν
1470 519 1636 569 εἰλικρινῆ
1659 518 1717 555 καὶ
1749 515 2003 566 ἀμετεώριστον
2033 515 2197 561 διάθεσιν,
2218 516 2403 567 ἐμαρτύρει

1384 571 1494 621 λέγων
1508 585 1515 591 ·
1536 570 1658 619 (Υμεῖς
1674 570 1736 606 οὐκ
1764 568 1841 606 ἐστὲ
1871 569 1910 604 ἐκ
1942 571 2001 604 τοῦ
2021 566 2152 616 κόσμου
2184 566 2316 604 τούτου.
2336 567 2406 604 Καὶ

1388 623 1456 660 ἀπὸ
1472 627 1530 660 τοῦ
1550 621 1703 676 ἐναντίου
1719 621 1781 667 τὴν
1811 624 1868 658 τοῦ
1886 621 1977 657 Θεοῦ
1997 619 2184 669 ἐπίγνωσιν
2202 618 2259 655 τὸν
2276 618 2406 668 κόσμον

1389 674 1555 712 ἀδύνατον
1593 678 1680 711 εἰναι
1712 674 1892 717 δέξασθαι,
1925 672 2013 721 μηδὲ
2043 671 2081 709 τὸ
2117 671 2212 719 ἅγιον
2245 674 2407 721 γωρῆσαι

1390 728 1535 776 Πνεῦμα
1555 725 1822 779 διεμαρτύρατο.
1839 725 1960 775 Πάτερ
1974 724 2059 774 γὰρ,
2076 723 2160 775 φησὶ
2172 752 2181 768 ,
2201 715 2310 760 δίκαιε
2323 753 2331 769 ,
2347 723 2407 760 καὶ

1390 782 1407 816 ὁ
1427 779 1554 828 κόσμος
1575 794 1613 815 σε
1633 781 1695 815 οὐκ
1715 778 1821 829 ἔγνω·
1840 777 1919 824 καὶ,
1943 777 1995 814 Τὸ
2015 778 2161 824 Πνεῦμα
2181 775 2215 814 δὲ
2231 777 2294 819 τῆς
2320 777 2406 822 ἀλη-

1393 831 1504 877 θείας,
1521 831 1537 868 ὃ
1557 833 1574 867 ὁ
1596 830 1725 880 κόσμος
1745 832 1781 867 οὐ
1801 829 2087 867 δύναταιλαῧεῖν.
2104 831 2260 873 Λυθῆναι
2275 822 2331 864 οῦν
2360 828 2409 864 δεῖ

1392 887 1459 920 τῶν
1478 885 1613 931 δεσμῶν
1633 886 1695 927 τῆς
1711 881 1947 932 προσπαθείας
1964 885 2022 919 τοῦ
2045 881 2119 931 βίου
2138 879 2195 918 τόν
2222 895 2260 930 γε
2291 881 2410 925 ἀληθι-

1392 938 1458 978 νῶς
1487 938 1536 985 τῷ
1573 937 1654 985 Θεῷ
1675 936 1908 979 ἀκολουθῆσαι
1940 934 2126 983 μέλλοντα·
2158 937 2257 969 τοῦτο
2287 931 2322 968 δὲ
2355 930 2410 968 διὰ

1393 989 1580 1030 παντελοῦς
1595 987 1852 1038 ἀναχωρήσεως
1871 985 1930 1023 καὶ
1946 986 2054 1032 λήθης
2071 988 2139 1022 τῶν
2153 986 2312 1022 παλαιῶν
2326 985 2410 1021 ἐθῶν

1394 1043 1635 1091 κατορθοῦται.
1658 1041 1770 1076 Τοῦτο
1789 1039 1824 1076 δὲ
1844 1038 2056 1084 ποιήσαντας
2074 1037 2170 1088 πάσῃ
2191 1038 2328 1088 φυλακῇ
2352 1052 2413 1082 τη-

1396 1099 1465 1144 ρεῖν
1486 1092 1656 1144 προσήκει
1678 1091 1739 1136 τὴν
1761 1094 1893 1129 ἑαυτῶν
1920 1091 2076 1143 καρδίαν,
2098 1090 2232 1139 μήποτε
2250 1088 2313 1135 τὴν
2335 1087 2415 1140 περὶ

1395 1147 1486 1183 Θεοῦ
1505 1145 1633 1181 ἔννοιαν
1653 1143 1824 1189 ἐκὲαλεῖν,
1844 1143 1866 1188 ἢ
1885 1144 1946 1190 τὴν
1967 1143 2108 1192 μνήμην
2130 1146 2198 1179 τῶν
2215 1141 2414 1190 θαυμασίων

1397 1199 1500 1234 αὐτοῦ
1515 1195 1718 1247 φαντασίαις
1732 1198 1799 1232 τῶν
1822 1197 1978 1245 ματαίων
1996 1193 2304 1245 καταρρυπαίνειν·
2327 1192 2416 1230 ἀλλὰ

1398 1248 1454 1286 διὰ
1467 1252 1528 1294 τῆς
1541 1250 1714 1294 διηνεκοῦς
1729 1248 1787 1285 καὶ
1803 1252 1956 1299 καθαρᾶς
1974 1248 2113 1297 μνήμης
2131 1245 2415 1296 ἐντετυπωμένην

1398 1301 1488 1351 ἔχειν
1509 1307 1583 1361 ταῖς
1614 1302 1741 1363 ψυχαῖς
1760 1303 1873 1348 ἡμῶν,
1895 1300 2013 1350 ὥσπερ
2042 1300 2214 1349 σφραγῖδα
2245 1298 2419 1341 ἀνεξάλει-

1340 1373 1385 1397 330
1400 1368 1498 1395 πτον,
1516 1368 1578 1396 την
1600 1355 1696 1388 ὃσιαν
1713 1354 1772 1387 τοῦ
1794 1353 1885 1388 Θεοῦ
1902 1352 2044 1388 ἔννοιαν.
2062 1348 2165 1386 Οὕτω
2184 1350 2252 1400 γὰρ
2281 1350 2417 1401 περιγί-

2209 1403 2224 1413 Ν
2304 1401 2311 1414 Ι

1399 1419 1494 1440 νεται
1509 1407 1592 1452 ἡμῖν
1615 1407 1636 1448 ἡ
1657 1403 1741 1451 πρὸς
1764 1403 1854 1439 Θεὸν
1883 1404 2024 1452 ἀγάπη,
2043 1403 2117 1451 ἅμα
2143 1417 2180 1438 τε
2206 1416 2420 1453 οιεγειρουσα

1400 1456 1485 1506 πρὸς
1499 1456 1560 1501 τὴν
1585 1455 1747 1506 ἐργασίαν
1765 1458 1831 1491 τῶν
1853 1457 1998 1493 ἐντολῶν
2026 1459 2098 1491 τοῦ
2115 1453 2244 1504 Κυρίου
2256 1482 2266 1498 ,
2282 1454 2341 1491 καὶ
2360 1456 2418 1490 ὑπ’

1403 1511 1515 1545 αὐτῶν
1532 1508 1637 1545 πάλιν
1656 1506 1742 1553 αὐτὴ
1764 1522 1868 1553 συντη
1876 1506 2022 1560 ρουμένη
2043 1506 2127 1557 πρὸς
2143 1507 2182 1544 τὸ
2210 1505 2346 1558 διαρκὲς
2361 1506 2420 1544 καὶ

1403 1560 1634 1597 ἀδιάπτιιπον.
1657 1559 1725 1596 Καὶ
1741 1562 1842 1596 τοῦτο
1858 1559 2025 1597 δείκνυσιν
2049 1562 2066 1596 ὃ
2085 1559 2227 1609 Κύριος,
2255 1558 2339 1596 ποτὲ
2360 1558 2421 1608 μὲν

1403 1612 1526 1662 λέγων,
1543 1612 1629 1649 Ἐὰν
1649 1611 1808 1661 ἀγαπᾶτέ
1825 1627 1867 1661 με
1879 1641 1887 1656 ,
1908 1611 1970 1653 τὰς
1985 1611 2124 1652 ἐντολάς
2141 1627 2204 1660 μου
2224 1610 2401 1663 τηρήσατε
2414 1626 2421 1633 ·

1477 1664 1543 1679 lxx

1405 1680 1489 1702 ποτε
1513 1680 1547 1702 οε
1562 1692 1571 1708 ,
1592 1663 1676 1701 Ἰῖὰν
1698 1663 1759 1705 τὰς
1787 1664 1926 1706 ἐντολὰς
1953 1663 2014 1705 τὰς
2035 1663 2122 1713 ἐμὰς
2141 1663 2338 1714 τηρήσητε,
2358 1679 2424 1713 με·-

1406 1722 1495 1754 νεῖτε
1510 1719 1542 1754 ἐν
1560 1720 1601 1767 τῇ
1616 1716 1735 1767 ἀγάπῃ
1754 1731 1818 1765 μου
1831 1732 1838 1739 ·
1856 1717 1915 1754 καὶ
1932 1716 1982 1753 ἔτι
1995 1716 2338 1767 δυσωπητικώτερον,
2355 1718 2424 1753 Κα-

1408 1769 1474 1812 θὼς
1494 1770 1562 1819 ἐγὼ
1581 1769 1642 1810 τὰς
1663 1769 1801 1810 ἐντολὰς
1817 1773 1876 1805 τοῦ
1902 1767 2042 1819 Πατρός
2070 1783 2134 1817 μου
2154 1768 2346 1819 τετήρηκα,
2366 1767 2426 1805 καὶ

1410 1825 1502 1871 μενῶ
1527 1824 1630 1858 αὐτοῦ
1657 1823 1691 1857 ἐν
1713 1824 1754 1871 τῇ
1786 1821 1918 1872 ἀγάπῃ.
1939 1820 1983 1857 ‘O
2011 1820 2046 1857 δὲ
2065 1820 2310 1872 παραφθείρων
2330 1823 2364 1857 ἐν
2383 1823 2425 1864 τῆ

1410 1874 1555 1926 ἐργασίᾳ
1574 1873 1635 1920 τὴν
1666 1873 1845 1924 ἀκρίὸειαν
1866 1877 1927 1919 τ’ἧς
1947 1874 2105 1918 ἐντολῆς,
2128 1872 2228 1918 δῆλός
2253 1874 2326 1910 ἐστι
2347 1862 2428 1922 περὶ

1410 1928 1472 1973 τὴν
1505 1927 1645 1976 μνήμην
1666 1930 1724 1963 τοῦ
1755 1928 1847 1964 Θεοῦ
1877 1928 2040 1963 ἀσθενῶν.
2057 1926 2221 1962 Συντελεῖ
2242 1924 2278 1961 δὲ
2304 1924 2364 1962 καὶ
2390 1923 2430 1960 τὸ

1412 1979 1667 2030 ἀμετεώριστον
1699 1980 1741 2027 τῇ
1775 1979 1891 2029 ψυχῇ,
1916 1977 1975 2015 καὶ
2006 1976 2044 2013 τὸ
2074 1977 2215 2020 ἰδιάζειν
2248 1976 2338 2014 κατὰ
2367 1974 2430 2021 τὴν

1412 2032 1545 2077 οἴκησιν
1558 2046 1565 2053 ·
1584 2031 1622 2068 τὸ
1641 2029 1707 2081 γὰρ
1723 2030 2009 2081 ἀναμεμιγμένην
2030 2029 2121 2081 ἔχειν
2141 2028 2202 2075 τὴν
2222 2027 2326 2075 ζωὴν,
2349 2029 2431 2078 ΙΒλα-

1413 2084 1525 2137 ὅερόν.
1547 2085 1680 2120 Οὐκοῦν
1702 2082 1759 2119 ἵνα
1779 2082 1826 2132 μὴ
1855 2083 1899 2119 δι’
1918 2082 2015 2119 ὤτων
2039 2083 2061 2126 ἢ
2084 2083 2126 2118 δι’
2154 2083 2339 2133 ὀφθαλμῶν
2360 2083 2434 2131 ἐρε-
2453 2124 2456 2126 ¹

1415 2135 1556 2186 θισμοὺς
1578 2135 1778 2186 δεχώμεθα,
1797 2136 1856 2172 καὶ
1872 2135 1928 2172 ἵνα
1961 2135 2160 2183 δυνηθῶμεν
2193 2133 2368 2183 ἐπιμένειν
2389 2134 2432 2177 τῆ

1414 2191 1611 2240 προσευχῇ,
1628 2187 1868 2237 ἀπιδιοίσωμεν
1883 2189 2020 2238 πρῶτον
2035 2185 2124 2223 κατὰ
2135 2189 2196 2232 τὴν
2212 2186 2345 2232 οἴκησιν
2359 2200 2366 2208 ·
2379 2175 2435 2222 οὕ.-

1415 2257 1463 2278 τω
1479 2240 1616 2291 γὰρκαὶ
1637 2244 1695 2277 τοῦ
1714 2240 1945 2291 προλαέόντος
1965 2239 2059 2282 ἔθους
2068 2238 2328 2291 περιγενώμεθα
2339 2268 2348 2284 ,
2361 2238 2395 2274 ἐν
2407 2230 2435 2287 ᾧ

1417 2292 1606 2343 ἀλλοτρίως
1633 2292 1803 2340 ἐζ’ήσαμεν
1833 2296 1900 2329 τῶν
1921 2293 2065 2329 ἐντολῶν
2086 2296 2144 2328 τοῦ
2161 2293 2263 2329 Θεοῦ.
2284 2289 2354 2327 Καὶ
2378 2288 2437 2333 τὸ,

1421 2346 1463 2383 Εἴ
1483 2361 1534 2387 τις
1553 2345 1692 2395 ἔρχεται
1713 2344 1797 2393 πρός
1824 2360 1886 2392 με,
1908 2343 2169 2394 ἀπαρνησάσθω
2198 2342 2331 2387 ἑαυτὸν,
2350 2339 2434 2378 πότε

1419 2398 1459 2435 ἅν
1477 2413 1528 2439 τις
1547 2396 1580 2432 ἓν
1610 2395 1738 2432 τούτων
1758 2397 1943 2447 πληρῶσαι
1965 2395 2123 2440 δυνηθείη
2137 2411 2145 2441 3
2160 2394 2238 2444 Χρὴ
2257 2393 2326 2444 γὰρ
2343 2396 2437 2441 ἡμᾶς

1419 2447 1728 2500 ἀπαρνησαμένους
1751 2447 1912 2492 ἑαυτοὺς,
1932 2447 1991 2483 καὶ
2020 2447 2169 2498 ἄραντας
2201 2446 2258 2482 τὸν
2290 2444 2435 2494 σταυρὸν

1418 2506 1477 2539 τοῦ
1508 2503 1684 2552 Χριστοῦ,
1719 2499 1825 2541 οὕτως
1857 2500 2052 2536 ἀκολουθεῖν
2088 2496 2371 2549 αὖτῶ.Ἄρνησις
2401 2496 2438 2533 δέ

1420 2557 1511 2592 ἐστιν
1535 2556 1677 2597 ἑαυτοῦ,
1699 2555 1720 2597 ἡ
1749 2551 1922 2597 παντελὴς
1953 2554 2020 2588 τῶν
2055 2550 2296 2602 παρελθόντων
2329 2550 2439 2594 λήθη,

1420 2607 1479 2644 καὶ
1497 2609 1518 2651 ἡ
1538 2607 1606 2642 τῶν
1628 2604 1832 2653 θελημάτων
1849 2606 1951 2641 αὐτοῦ
1967 2602 2200 2655 ἀναχώρησις.
2225 2602 2311 2640 Ἐὰν
2340 2601 2376 2639 δέ
2403 2616 2438 2637 τι

1419 2657 1669 2706 ὑπολιπώμεθα
1703 2659 1836 2698 ἑαυτοῖς
1868 2656 2006 2706 μνήμης
2034 2655 2150 2705 γήϊνον
2181 2656 2215 2691 ἐν
2244 2654 2343 2705 οὐσίᾳ
2372 2652 2440 2690 τινὶ

1421 2714 1576 2763 φθαρτῇ,
1597 2712 1744 2747 ἐνταῦθα
1762 2712 1822 2745 τοῦ
1847 2713 1903 2746 νοῦ
1923 2704 1991 2746 οἷον
2009 2708 2042 2744 ἔν
2071 2724 2138 2744 τινι
2159 2706 2316 2761 βρρὸόρῳ
2334 2720 2438 2743 κατο-

1424 2763 1580 2817 ρυγέντος
1594 2792 1602 2805 ,
1622 2762 1755 2811 ἀνάγκη
1773 2760 1834 2806 τὴν
1853 2762 1967 2812 ψυχὴν
1989 2760 2130 2797 ἀθέατον
2152 2763 2239 2797 εἰναι
2259 2761 2362 2809 Θεῷ,
2381 2756 2440 2795 καὶ

1420 2817 1505 2867 πρὸς
1517 2814 1699 2864 ἐπιθυμίαν
1715 2815 1782 2850 τῶν
1795 2814 1962 2864 οὐρανίων
1983 2815 2111 2859 καλῶν,
2127 2812 2186 2850 καὶ
2201 2814 2269 2849 τῶν
2293 2813 2440 2848 ἀποκειτ

1424 2869 1535 2918 μένων
1554 2871 1637 2916 ἡμῖν
1655 2869 1791 2916 ἀγαθῶν
1815 2867 1849 2902 ἐν
1866 2865 2105 2916 ἐπαγγελίαις,
2127 2863 2304 2908 ἀκίνητον.
2319 2861 2440 2903 σΟλως

1423 2921 1472 2963 δὲ,
1489 2919 1576 2970 μηδὲ
1592 2918 1673 2974 περὶ
1692 2922 1759 2955 τῶν
1780 2918 1977 2966 ἀναγκαίων
1997 2919 2108 2953 αὐτῶν
2131 2921 2300 2965 μεριμνᾷν
2319 2929 2440 2961 συγκε-

1422 2972 1603 3024 χώρηται,
1632 2975 1714 3015 οἷον,
1743 2973 1872 3021 τροφῆς
1903 2969 1960 3006 καὶ
1993 2968 2199 3016 ἐνδύματος,
2229 2959 2439 3012 wisorem&

1425 3025 1608 3069 ἀκάνθαις,
1630 3022 1834 3072 συνέχεσθαι
1852 3025 2019 3071 πονηραῖς
2039 3025 2113 3061 ταῖς
2133 3018 2278 3061 ἐννοίαις
2305 3023 2364 3056 τοῦ
2383 3017 2440 3055 κό-

1426 3092 1531 3127 σμου,
1549 3079 1611 3121 τῆς
1631 3075 1726 3126 παρὰ
1749 3078 1807 3110 τοῦ
1826 3076 1977 3123 γεωργοῦ
1994 3075 2062 3109 τῶν
2080 3073 2200 3122 ψυχῶν
2220 3074 2320 3120 ἡμῶν
2339 3073 2441 3120 ἐγκα-

1424 3126 1688 3177 ταέαλλομένης
1720 3131 1850 3174 σπορᾶς
1880 3124 1943 3170 τὴν
1969 3124 2205 3176 καρποφορίαν
2236 3121 2442 3173 {ammob-

1425 3197 1521 3235 ogig·
1554 3183 1612 3217 τοῦ
1643 3178 1771 3228 Κυρίου
1802 3180 1902 3226 ἡμῶν
1933 3176 2048 3222 Ἰησοῦ
2076 3177 2227 3228 Χριστοῦ
2263 3175 2442 3215 εἰπόντος·

1424 3237 1516 3270 οὗτοι
1535 3231 1571 3269 δέ
1602 3233 1685 3268 εἰσιν
1721 3232 1752 3266 οἱ
1775 3231 1820 3271 εἷς
1842 3229 1903 3270 τὰς
1933 3229 2084 3270 ἀκάνθας
2103 3228 2264 3270 πεσόντες
2279 3257 2290 3274 ,
2316 3226 2348 3264 οἳ
2376 3224 2443 3264 ὑπὸ

1424 3287 1599 3337 μεριμνῶν
1621 3282 1679 3320 καὶ
1697 3281 1844 3320 πλούτου
1872 3281 1931 3318 καὶ
1950 3282 2080 3326 ἡδονῶν
2109 3284 2169 3319 τοῦ
2198 3280 2272 3330 βίου
2291 3278 2441 3329 συμπνί-

1484 3422 1496 3435 ³
1523 3408 1644 3452 [Satil.
1664 3414 1700 3441 2‘7.
1720 3412 1793 3441 :53:73
1810 3413 1864 3449 μὴ,
1885 3406 1971 3446 οἴσω]
