2502 3810
292 234 385 280 630
746 241 783 270 s.
822 234 1005 268 JOANMS
1042 230 1283 261 cnm'sos‘r.
1323 229 1530 258 Ancum).
1567 229 1919 259 consummor.

122 346 188 373 Non
203 345 275 371 vivit
288 338 350 376 est,
370 325 462 364 nihil
481 323 675 360 humanum
694 318 782 370 pati,
804 329 917 366 neque
936 310 1181 363 voluptatibus
1200 323 1270 346 ser-

88 388 139 423 ‘³¹¹³
197 386 274 411 Μῦς
290 389 377 427 vire.
401 386 491 422 Nam
513 381 574 432 qui
593 394 629 417 se
649 379 721 416 illis
740 374 916 420 subdidit,
934 387 976 410 ne
988 372 1110 410 vivere
1127 368 1272 420 quidem

1344 309 1445 359 μόνον
1463 308 1595 356 Cui->bro
1613 308 1719 358 μηδὲν
1738 306 1949 360 ἀνθρώπινον
1963 304 2159 356 ὑπομένειν,
2171 304 2257 354 μηδὲ
2280 302 2358 348 ἡδο·

1343 375 1418 412 ναῖς
1455 369 1638 406 δουλεύειν.
1667 368 1710 406 ‘O
1743 368 1811 420 γὰρ
1842 368 1984 409 ταύταις
2013 365 2132 403 ἑαυτὸν
2161 362 2356 408 ὑποτάξας,

87 425 235 464 subjectus

89 472 143 493 est.

289 447 381 484 ultra
401 451 513 496 potest
536 442 581 479 ob
604 451 784 485 moerores,
803 435 959 482 timores,
986 446 1026 469 ac
1051 429 1208 483 pericula
1227 442 1273 465 ex

288 506 359 544 illis
375 512 488 556 parta,
510 513 643 538 necnon
661 512 707 535 ex
725 496 865 534 infinito
885 494 1078 531 affectuum
1097 489 1271 528 examine.

288 567 379 604 Nam
391 563 420 601 si
434 575 526 599 mors
539 566 774 611 exspectetur7
788 564 868 593 ante
884 553 1022 592 obitum
1035 565 1079 589 ex
1090 559 1186 588 metu
1198 563 1274 587 mo-

288 625 380 662 ritur
401 638 408 658 :
432 622 462 659 si
486 620 666 666 morbum,
688 617 718 654 si
744 613 1009 661 contumeliam,
1035 611 1064 648 si
1083 617 1272 662 pauperta-

289 695 357 722 tem
362 713 372 733 ,
389 683 419 720 si
434 680 532 719 aliud
545 679 633 730 quid
648 679 927 728 inexspectatum
945 672 1143 723 suspicatus
1155 669 1275 718 fuerit,

289 744 394 797 periit
410 753 442 781 et
458 742 643 779 absumtus
655 747 718 776 est.
732 736 831 783 Quid
848 748 929 785 ergo
942 734 1010 770 hac
1024 732 1099 769 vita
1114 730 1277 768 miserius

290 803 427 841 fuerit?
449 805 495 839 At
510 815 579 839 non
597 798 743 851 perinde
764 811 799 834 se
817 796 922 833 habet
942 794 983 842 i53
1004 792 1066 843 qui
1085 791 1121 828 in
1141 789 1278 841 Spiritu

292 865 384 903 vivit
398 880 409 914 3
437 862 498 901 sed
523 870 631 908 metu,
655 859 789 906 dolore,
821 855 1002 908 periculis,
1028 861 1062 890 et
1087 850 1280 889 mutatione

295 925 391 963 omni
413 922 572 974 superior
592 929 656 968 est,
673 932 742 956 non
770 916 868 968 quod
889 915 980 952 nihil
1003 912 1159 965 patiatur
1174 927 1184 960 3
1206 910 1279 956 sed,

297 984 391 1035 quod
411 984 515 1033 longe
536 981 652 1032 majus
671 988 735 1027 est,
756 976 852 1028 quod
875 975 992 1013 onmia
1013 987 1089 1023 quae
1112 972 1282 1022 ingruunt

298 1044 482 1096 despiciat.
499 1039 690 1088 Quomodo
709 1047 825 1076 autem
845 1035 936 1074 illud
956 1034 1050 1072 erit?
1070 1033 1109 1070 Si
1127 1031 1282 1082 Spiritus

299 1119 434 1156 semper
449 1104 586 1140 habitet
605 1102 641 1138 in
656 1099 759 1138 nobis
776 1113 784 1134 :
802 1111 912 1148 neque
925 1095 1019 1133 enim
1033 1093 1125 1130 dixit
1143 1092 1189 1129 ad
1204 1092 1284 1129 bre-

299 1180 344 1203 ve
370 1173 509 1215 tempus
536 1161 709 1207 habitare,
740 1158 800 1196 sed
825 1164 1003 1208 perpetuo.
1033 1154 1188 1201 Ideoque
1215 1164 1283 1188 non

298 1225 406 1273 dixit,
420 1222 576 1274 Spiritus
589 1217 847 1271 quihabitavit3
860 1215 934 1261 sed,
945 1216 1018 1264 Qui
1029 1215 1194 1260 habitat,
1208 1225 1285 1262 per-

299 1295 442 1337 petuam
454 1282 671 1320 mansionem
688 1278 903 1330 significans.
920 1275 1034 1326 Igitur
1050 1274 1110 1310 ille
1129 1272 1285 1309 maxime

301 1344 405 1392 vivit,
427 1342 489 1393 qui
515 1341 600 1378 huic
627 1339 710 1377 vitce
737 1346 897 1375 mortuus
924 1344 986 1372 est.
1009 1333 1093 1370 Ideo
1115 1331 1280 1368 dicebat:

302 1404 465 1455 Spiritus
482 1404 568 1439 ‘vita
586 1398 1027 1451 estpropterjustitiam.
1042 1393 1090 1430 Et
1103 1391 1285 1429 utdictum

301 1462 393 1500 illud
420 1461 548 1499 clarius
575 1459 713 1507 evadat,
738 1457 827 1494 duos
854 1453 1092 1506 producamus
1113 1449 1286 1496 homines,

302 1523 414 1560 alium
436 1520 554 1569 luxui,
581 1517 826 1569 voluptatibus
855 1523 887 1551 et
908 1512 1058 1550 fallaciae
1077 1511 1160 1549 vitae
1184 1509 1289 1546 dedi—

304 1592 395 1632 tum,
415 1582 525 1619 alium
541 1580 596 1617 his
610 1587 792 1616 mortuum
807 1591 817 1625 3
837 1583 870 1611 et
887 1573 1074 1610 videamus
1091 1579 1168 1607 uter
1186 1583 1231 1606 ex
1245 1568 1287 1605 il-

303 1643 348 1680 lis
364 1642 519 1679 maxime
540 1640 649 1677 vivat.
673 1637 731 1674 Ex
745 1635 802 1672 his
823 1633 964 1670 duobus
986 1631 1073 1668 alter
1092 1629 1138 1667 sit
1159 1628 1285 1665 admo-

304 1702 393 1739 dum
410 1700 525 1748 dives,
543 1696 706 1741 illustris,
721 1693 895 1746 parasitos
915 1700 947 1729 et
963 1690 1162 1728 adulatores
1176 1687 1291 1724 nutri-

304 1778 383 1813 ens,
407 1762 469 1813 qui
490 1770 601 1800 totam
620 1759 677 1796 his
698 1758 733 1795 in
752 1757 859 1794 rebus
885 1754 981 1792 diem
1001 1754 1174 1801 absumat,
1199 1751 1290 1802 gulae

305 1834 337 1863 et
353 1823 505 1875 crapulae
523 1821 665 1859 deditus
681 1835 691 1869 3
708 1819 794 1856 alter
813 1818 851 1854 in
870 1823 1076 1868 paupertate
1089 1813 1232 1863 degens,
1255 1812 1292 1849 in

301 1884 451 1937 jejunio,
470 1892 503 1920 et
516 1882 653 1931 reliqua
667 1879 749 1918 vitae
769 1877 900 1915 duritie
917 1885 1022 1925 atque
1040 1873 1268 1925 philosophia
1281 1888 1291 1922 3

305 1958 451 1996 vespere
478 1940 712 1980 necessarium
742 1935 987 1976 tantummodo
1016 1935 1136 1972 cibum
1165 1933 1293 1985 capiat,

307 2014 370 2042 aut
386 2005 415 2041 si
429 2003 555 2051 mavis7
571 2001 660 2038 duos
674 2009 788 2037 tresve
805 1997 880 2035 dies
891 1996 1034 2048 jejunus
1047 2003 1204 2032 maneat:
1219 2002 1294 2031 uter

309 2079 355 2103 ex
368 2065 425 2102 his
437 2064 577 2101 duobus
596 2061 753 2099 maxime
767 2059 887 2099 vivere
902 2056 1072 2094 dicatur?
1087 2055 1210 2101 Multi,
1227 2055 1296 2093 hoc

310 2127 399 2164 bene
415 2124 511 2172 novi,
532 2121 789 2160 existimabunt
804 2119 910 2156 illum
928 2118 1165 2155 exsultantem
1184 2125 1217 2153 et
1233 2129 1296 2153 sua

312 2194 535 2238 spargentem
555 2198 562 2219 :
583 2196 646 2220 nos
667 2195 753 2219 vero
774 2180 893 2228 illum,
917 2179 977 2229 qui
997 2177 1177 2215 moderate
1194 2177 1296 2215 bonis

313 2246 455 2283 fruitur.
475 2246 599 2293 ltaque
623 2255 705 2279 cum
727 2240 810 2277 inde
833 2238 1073 2276 controversia
1094 2238 1240 2286 oriatur,
1260 2237 1297 2274 in

315 2306 501 2354 utriusque
532 2302 624 2340 aedes
655 2299 914 2351 ingrediamur,
942 2308 975 2335 et
1000 2307 1085 2334 tunc
1114 2298 1297 2345 intremus,

316 2378 398 2403 cum
415 2364 514 2401 dives
530 2362 590 2398 ille
606 2360 761 2397 maxime
780 2358 902 2396 vivere
915 2357 982 2394 tibi
999 2356 1155 2403 videtur,
1172 2356 1208 2393 in
1223 2356 1299 2407 ipso

317 2424 512 2476 voluptatis
526 2431 685 2473 tempore
699 2436 708 2467 3
723 2429 757 2457 et
774 2418 924 2470 ingressi
940 2416 1218 2467 contemplemur
1232 2430 1300 2466 quo

319 2487 355 2524 in
370 2495 462 2524 statu
478 2492 624 2532 uterque
641 2482 685 2519 sit
707 2497 715 2518 z
738 2494 820 2517 nam
835 2493 880 2516 ex
899 2477 1005 2529 gestis
1025 2476 1302 2528 deprehenditur

319 2557 397 2585 uter
409 2546 519 2592 vivat,
533 2553 610 2580 uter
623 2551 784 2580 mortuus
797 2541 855 2578 sit.
870 2540 1032 2577 Alterum
1048 2548 1138 2576 certe
1149 2538 1302 2576 invenie-

320 2621 398 2645 mus
419 2606 508 2643 inter
525 2603 651 2649 libros,
667 2602 703 2638 in
720 2600 888 2649 oratione,
910 2599 944 2636 in
957 2599 1108 2651 jejunio7
1125 2607 1186 2636 aut
1201 2598 1302 2635 alteri

321 2669 475 2720 cuipiam
494 2667 544 2704 rei
563 2665 771 2716 vigilantem
789 2676 830 2700 ac
856 2662 1033 2711 deditum,
1057 2675 1138 2699 cum
1156 2663 1232 2698 Deo
1250 2661 1304 2697 lo—

322 2737 483 2779 quentem
505 2742 513 2762 :
534 2726 685 2763 alterum
709 2722 875 2760 ebrietate
895 2722 1064 2759 obrutum
1077 2751 1086 2766 ,
1106 2734 1146 2757 ac
1165 2729 1304 2757 mortuo

322 2790 434 2827 nihilo
454 2788 581 2826 melius
596 2786 765 2823 affectum
780 2782 994 2821 videbimus.
1006 2783 1045 2821 Si
1064 2781 1110 2819 ad
1123 2796 1306 2833 vesperam

322 2864 436 2900 usque
457 2860 682 2894 maneamus,
703 2854 853 2882 mortem
873 2843 985 2893 magis
1007 2843 1110 2880 illum
1129 2842 1307 2880 invaden—

325 2920 397 2948 tem
422 2908 635 2955 videbimus⁷
659 2915 692 2943 et
714 2914 833 2956 postea
853 2904 1096 2942 succedentem
1114 2917 1279 2941 somnum
1299 2918 1307 2938 z

1345 428 1420 467 οὐδὲ
1443 431 1503 475 ζῇν
1525 428 1668 465 δύναται
1689 428 1808 466 λοιπὸν
1835 427 1891 466 διὰ
1915 427 1976 470 τὰς
2001 426 2034 470 ἐξ
2055 429 2165 464 αὐτῶν
2188 423 2356 473 ἀθυμίας,

1345 489 1405 527 καὶ
1443 488 1520 531 τοὺς
1558 487 1701 540 φὸὅους,
1739 488 1799 526 καὶ
1838 487 1917 531 τοὺς
1949 486 2134 531 κινδύνους,
2165 486 2182 501 *
2195 484 2255 522 καὶ
2292 485 2360 521 τῶν

1348 549 1479 601 μυρίων
1510 552 1629 586 παθῶν
1672 548 1790 599 ἑσμόν.
1822 547 1881 587 Ἄν
1921 564 1959 585 τε
1996 547 2063 598 γὰρ
2090 546 2235 588 Θάνατος
2255 559 2361 595 προσ·

1349 611 1476 660 δοκηθῇ
1493 639 1503 657 ,
1535 609 1677 655 τέθνηκε
1728 608 1796 661 πρὸ
1832 613 1891 647 τοῦ
1919 608 2064 646 θανᾶτου
2101 609 2150 658 τῷ
2192 606 2282 644 δέει·
2321 603 2362 641 ἄν

1347 687 1386 708 τε
1405 671 1502 708 νόσον
1521 670 1722 721 ὑποπτεύσῃ
1737 699 1746 715 ,
1767 671 1806 707 ἂν
1824 669 1922 722 ῧὸριν
1935 698 1945 716 ,
1967 668 2006 705 ἂν
2022 666 2156 714 πενίαν,
2173 665 2212 703 ἂν
2231 666 2315 703 ἄλλο
2330 680 2364 701 τι

1349 730 1418 768 τῶν
1448 730 1640 777 ἀδοκήτων,
1665 729 1826 767 ἀπόλωλε
1847 729 1906 766 καὶ
1935 727 2148 779 διέφθαρται.
2179 725 2227 764 Τί
2253 725 2368 762 τοίνυν

1350 795 1412 837 ’ἧς
1434 793 1522 836 ζωῆς
1545 789 1675 836 ταύτης
1693 789 1817 841 γένοιτ’
1839 790 1878 827 ἂν
1902 787 2128 840 ἀθλιώτερον5
2155 787 2247 824 Ἀλλ’
2268 788 2332 836 οὐχ
2349 788 2367 822 ὁ

1352 855 1401 903 τῷ
1422 851 1604 900 Πνεύματι
1625 851 1690 893 ζῶν
1711 854 1862 892 τοιοῦτος
1876 878 1885 895 ,
1908 847 1998 886 ἀλλὰ
2015 847 2075 885 καὶ
2094 847 2208 899 φόὸων
2227 846 2287 884 καὶ
2306 844 2367 883 λύ-

1352 927 1422 957 πης
1434 911 1492 948 καὶ
1508 909 1670 948 κινδύνων
1686 911 1744 947 καὶ
1761 909 1955 960 μεταὸολῆς
1971 908 2109 953 ἁπάσης
2123 907 2266 953 ἕστηκεν
2281 904 2367 944 ἀνώ-

1354 987 1469 1025 τερος,
1493 972 1530 1008 οὗ
1549 973 1598 1022 τῷ
1620 969 1725 1019 μηδὲν
1746 969 1942 1019 ὑπομένειν,
1962 969 2054 1014 ἀλλ’,
2079 967 2096 1004 ὃ
2117 968 2234 1018 πολλῷ
2255 965 2368 1016 μεῖζόν

1355 1034 1451 1079 ἐστι,
1483 1034 1533 1083 τῷ
1560 1031 1619 1068 καὶ
1642 1029 1808 1068 ἐπιόντων
1830 1032 1940 1067 αὐτῶν
1958 1033 2196 1079 καταφρονεῖν.
2231 1027 2314 1068 Πῶς
2335 1024 2370 1063 δὲ

1354 1096 1453 1130 τοῦτο
1469 1091 1566 1129 ἔσται
1582 1108 1591 1138 5
1611 1091 1696 1128 Ἐὰν
1712 1091 1750 1129 τὸ
1765 1093 1912 1140 Πνεῦμα
1929 1089 2040 1127 διόλου
2056 1090 2202 1138 κατοικῇ
2224 1089 2257 1124 ἐν
2272 1089 2368 1136 ἡμῖν·

1355 1153 1431 1191 οὐδὲ
1461 1152 1528 1204 γὰρ
1551 1153 1669 1194 ἁπλῶς
1705 1150 1787 1188 αὐτὸ
1808 1144 1900 1188 εἶπεν
1919 1152 2022 1187 οἰκεῖν
2043 1149 2126 1201 πρὸς
2148 1147 2272 1199 βραχὺ,
2293 1148 2368 1185 ἀλλ’

1357 1214 1499 1250 ἐνοικεῖν
1525 1213 1700 1258 διηνεκῶς.
1733 1211 1801 1248 Διὰ
1822 1214 1923 1248 τοῦτο
1949 1212 2010 1247 οὐκ
2027 1204 2114 1256 εἶπε,
2134 1208 2173 1246 τὸ
2189 1210 2371 1252 ἐνοικῆσαν

1357 1274 1515 1322 Πνεῦμα,
1537 1272 1638 1317 ἀλλὰ,
1659 1272 1710 1309 Τὸ
1727 1273 1892 1316 ἐνοικοῦν,
1912 1271 1973 1317 τὴν
1995 1270 2107 1307 διόλου
2136 1266 2241 1318 μονὴν
2263 1268 2371 1305 ἐνδει-

1357 1332 1535 1382 κνύμενος.
1566 1334 1698 1369 Οὐκοῦν
1719 1333 1783 1374 ζῶν
1809 1326 1904 1373 οἶτος
1926 1329 2079 1380 μάλιστά
2098 1330 2190 1365 ἐστιν
2211 1330 2228 1365 ὁ
2243 1342 2373 1378 νεκρω-

1358 1391 1426 1433 θεὶς
1445 1394 1494 1441 τῷ
1515 1390 1590 1442 βίῳ.
1609 1391 1672 1428 Διὸ
1688 1391 1748 1428 καὶ
1763 1391 1860 1440 ἔλεγε
1875 1422 1883 1436 ,
1905 1390 1958 1426 Τὸ
1977 1390 2122 1438 Πνεῦμα
2148 1387 2218 1434 ζωὴ
2243 1387 2299 1424 διὰ
2320 1387 2374 1423 δι-

1359 1450 1556 1496 καιοσύνην.
1589 1450 1658 1488 Καὶ
1687 1450 1742 1487 ἵνα
1773 1449 1980 1502 σαφέστερον
2006 1448 2044 1485 τὸ
2065 1448 2250 1499 λεγόμενον
2275 1446 2375 1496 γένη-

1359 1526 1438 1558 ται,
1467 1510 1528 1547 δύο
1554 1510 1768 1561 παράγωμεν
1790 1509 1989 1562 ἀνθρώπους
2004 1539 2015 1557 ,
2036 1510 2094 1547 τὸν
2116 1507 2177 1558 μὲν
2196 1508 2376 1557 ἐκδεδομέ-

1361 1587 1415 1608 νον
1437 1570 1602 1614 ἀσωτίαις
1619 1571 1678 1608 καὶ
1694 1571 1833 1616 ἡδοναῖς
1853 1570 1912 1607 καὶ
1930 1573 1972 1620 τῇ
1994 1568 2112 1619 ἀπάτῃ
2129 1572 2187 1606 τοῦ
2205 1568 2279 1618 βίου
2291 1584 2298 1591 ·
2319 1568 2376 1605 τὸν

1363 1631 1398 1669 δὲ
1416 1630 1668 1681 νενεκρωμένον
1690 1630 1838 1673 τούτοις*
1861 1631 1919 1667 καὶ
1938 1630 2065 1680 ἴδωμεν
2084 1630 2135 1672 τίς
2155 1633 2228 1668 ἐστι
2246 1630 2376 1679 μᾶλλον

1363 1695 1380 1729 ὃ
1407 1694 1486 1735 ζῶν.
1516 1690 1637 1728 Ἔστω
1666 1691 1734 1743 γὰρ
1761 1696 1832 1728 τοῖν
1863 1692 1952 1728 δυοῖν
1976 1690 2109 1729 τούτοιν
2130 1694 2147 1728 ὃ
2165 1689 2226 1740 μὲν
2248 1689 2379 1741 σφόδρα

1362 1751 1524 1794 πλούσιος
1541 1751 1601 1788 καὶ
1616 1751 1797 1801 ἐπίσημος,
1824 1751 2033 1803 παρασίτους
2048 1750 2182 1802 τρέφων
2197 1750 2256 1788 καὶ
2272 1750 2379 1788 κόλα-

1363 1827 1425 1854 κας
1439 1841 1448 1857 ,
1464 1811 1522 1849 καὶ
1539 1817 1653 1849 πᾶσαν
1670 1813 1716 1854 εἷς
1729 1815 1830 1849 τοῦτο
1844 1811 2059 1849 ἀναλισκέτω
2073 1810 2134 1857 τὴν
2150 1810 2298 1861 ἡμέραν,
2313 1825 2379 1847 κω-

1366 1873 1483 1923 μάζων
1513 1872 1571 1910 καὶ
1585 1874 1786 1923 κραιπαλῶν
1804 1887 1811 1895 ·
1838 1875 1854 1910 ὃ
1874 1871 1908 1910 δὲ
1925 1872 2058 1924 ἕτερος,
2074 1871 2176 1923 πενία
2192 1873 2301 1914 συζῶν
2320 1870 2380 1908 καὶ

1364 1933 1507 1985 νηστείᾳ
1527 1933 1586 1970 καὶ
1605 1936 1647 1983 τῇ
1662 1934 1767 1984 λοιπῇ
1790 1934 1878 1979 cim,
1886 1933 2039 1985 ραγωγίᾳ
2057 1949 2094 1970 τε
2109 1933 2167 1970 καὶ
2184 1930 2379 1983 φιλοσοφίᾳ,

1366 1997 1400 2033 ἐν
1417 1994 1547 2047 ἑσπέρᾳ
1569 1996 1630 2046 τ’ἦς
1650 1993 1839 2043 ἀναγκαίας
1856 1993 2154 2043 μεταλαμέανέτω
2168 1995 2295 2043 τροφῆς
2315 1991 2379 2041 μό-

1367 2071 1436 2101 νον,
1454 2054 1476 2100 ἢ
1497 2057 1525 2092 εἷ
1542 2054 1673 2105 βούλει,
1698 2053 1757 2091 καὶ
1775 2053 1833 2092 δύο
1849 2054 1908 2091 καὶ
1923 2060 2013 2105 τρεῖς
2030 2054 2147 2096 ἄσιτος
2162 2052 2295 2104 ἡμέρας
2319 2067 2382 2102 με-

1368 2116 1455 2153 νέτω
1471 2131 1478 2138 ·
1495 2115 1546 2157 τίς
1560 2108 1617 2152 οἶν
1632 2118 1715 2164 ἡμῖν
1730 2114 1827 2152 ἔσται
1843 2116 1881 2151 ἐκ
1896 2117 1965 2152 τῶν
1981 2114 2038 2153 δύο
2053 2114 2181 2152 τούτων
2199 2117 2216 2152 ὃ
2232 2112 2383 2162 μάλιστα

1370 2180 1455 2224 ζῶν5
1475 2179 1520 2214 Οἱ
1542 2175 1603 2225 μὲν
1620 2175 1742 2212 πολλοὶ
1762 2169 1798 2212 εὖ
1820 2169 1881 2212 οἷδ’
1897 2174 1949 2213 ὅτι
1965 2176 2093 2213 ἐκεῖνον
2108 2174 2310 2225 ἡγήσονται,
2326 2174 2383 2211 τὸν

1369 2238 1600 2288 ὃσκιρτῶν-ιη,
1618 2235 1678 2273 καὶ
1692 2235 1921 2286 σκορπίζοντα
1936 2234 1980 2272 τὰ
1998 2237 2101 2272 αὑτοῦ
2112 2250 2120 2258 ·
2136 2238 2235 2284 ἡμεῖς
2252 2234 2287 2271 δὲ
2302 2237 2386 2272 ἐκεῖ·

1371 2312 1426 2334 νον
1443 2297 1500 2334 τὸν
1514 2295 1729 2347 συμμετρίας
1745 2295 1974 2332 ἀπολαύοντα.
1996 2296 2131 2332 Οὐκοῦν
2149 2293 2268 2338 ἐπειδὴ
2287 2292 2384 2343 μάχη

1372 2357 1431 2394 καί
1454 2355 1644 2407 φιλονεικία
1665 2355 1750 2398 τέως
1765 2355 1873 2401 ἐστὶν,
1893 2357 1939 2398 εἷς
1954 2353 2015 2397 τὰς
2032 2354 2203 2405 ἑκατέρων
2221 2337 2386 2391 εἰσέλθω-

1477 2419 1487 2429 9
1518 2416 1526 2429 Ι
1620 2414 1636 2436 b

1376 2433 1436 2468 μεν
1458 2433 1589 2463 οικιας,

1649 2416 1707 2453 καὶ
1731 2415 1828 2460 τότε,
1855 2414 1911 2452 ὅτε
1939 2430 1993 2453 σοι
2011 2414 2164 2465 μάλιστα
2182 2415 2274 2451 δοκεῖ
2290 2416 2350 2465 ζῇν
2370 2416 2386 2450 ὁ

1373 2477 1536 2520 πλούσιος
1553 2506 1562 2523 ,
1590 2479 1622 2514 ἐν
1642 2478 1733 2527 αὐτῷ
1748 2478 1797 2526 τῷ
1815 2478 1924 2526 καιρῷ
1944 2478 2005 2521 τῆς
2024 2478 2154 2526 τρυφῆς
2168 2503 2178 2521 ,
2199 2474 2258 2512 καὶ
2278 2476 2386 2512 εἰσελ-

1372 2539 1484 2581 θόντες
1499 2537 1696 2586 κατίδωμεν
1717 2538 1750 2573 ἐν
1767 2535 1855 2573 τίσιν
1872 2535 1961 2573 ἐστὶν
1977 2535 2135 2588 ἑκάτερος
2149 2535 2278 2572 τούτων
2294 2550 2302 2557 ·
2319 2535 2387 2572 ἀπὸ
2413 2523 2418 2528 .

1374 2599 1441 2651 γὰρ
1460 2601 1526 2635 τῶν
1546 2596 1703 2648 πράξεων
1723 2595 1782 2633 καὶ
1800 2598 1817 2632 ὃ
1840 2597 1905 2638 ζῶν
1921 2595 1980 2632 καὶ
1994 2598 2010 2632 ὃ
2026 2594 2198 2641 τεθνηκὼς
2215 2594 2386 2646 φαίνεται.

1377 2663 1509 2698 Οὐκοῦν
1527 2658 1584 2695 τον
1607 2656 1668 2707 μὲν
1684 2659 1716 2694 ἐν
1736 2655 1865 2706 βίὸλοις
1880 2655 2070 2706 εὑρήσομεν
2085 2655 2167 2692 ὄντα
2181 2683 2190 2701 ,
2211 2654 2232 2700 ἢ
2249 2657 2282 2693 ἐν
2303 2657 2387 2706 εὒγῆ

1377 2720 1436 2759 καὶ
1461 2717 1601 2769 νηστεία
1615 2746 1624 2763 ,
1644 2716 1666 2762 ἢ
1687 2718 1720 2753 ἐν
1741 2717 1837 2768 ἄλλῳ
1855 2716 1922 2753 τινὶ
1940 2717 2007 2752 τῶν
2031 2714 2226 2766 ἀναγκαίων
2247 2699 2391 2766 ἐγρηγο-

1381 2782 1487 2833 ρότα,
1520 2780 1579 2816 καὶ
1609 2778 1761 2829 νήφοντα
1788 2776 1847 2814 καὶ
1878 2778 1960 2827 Θεῷ
1981 2776 2240 2826 διαλεγόμενον*
2272 2777 2329 2814 τὸν
2356 2777 2392 2814 δὲ

1379 2839 1445 2877 ὑπὸ
1458 2841 1518 2884 τῆς
1534 2838 1640 2887 με’θης
1657 2836 1889 2887 βαπτισθέντα
1903 2865 1912 2882 ,
1932 2835 1991 2872 καὶ
2006 2840 2126 2885 νεκροῦ
2141 2836 2237 2873 οὐδὲν
2255 2835 2392 2884 ἄμεινον

1381 2898 1594 2949 διακείμενον
1621 2897 1793 2947 ὀψόμεθα·
1815 2895 1878 2933 κᾶν
1900 2894 2005 2946 μέχρι
2023 2898 2084 2940 τ’ἧς
2104 2895 2253 2947 ἑσπέρας
2272 2894 2396 2945 μείνω-

327 2972 478 3008 alterum
496 2982 579 3007 vero
596 2967 701 3004 etiam
718 2973 824 3003 noctu
842 2964 1064 3015 vigilantem.
1080 2966 1212 3002 Utrum
1227 2977 1309 3014 ergo
1322 2992 1369 3017 572
1384 2976 1459 3010 μεν,
1478 2957 1619 2996 πλείονα
1635 2957 1692 2994 τὸν
1710 2956 1853 2993 θάνατον
1869 2960 1985 2992 τοῦτον
2002 2954 2142 2993 ἐπιόντα
2159 2957 2250 3005 αὐτῷ
2269 2956 2394 2993 θεασό-

327 3032 486 3070 dicemus
501 3029 618 3081 potius
632 3027 768 3075 vivere,
785 3039 912 3063 eumne
927 3025 988 3074 qui
1002 3025 1076 3062 sine
1090 3038 1192 3062 sensu
1203 3025 1308 3075 jacet,
1333 3029 1358 3057 A
1385 3024 1472 3071 μεθα
1484 3049 1493 3065 ,
1513 3019 1668 3055 κάκεῖθεν
1684 3016 1787 3053 πάλιν
1803 3015 1907 3053 ὕπνον
1924 3014 2165 3066 διαδεχόμενον
2182 3031 2189 3037 ·
2211 3015 2268 3052 τὸν
2285 3015 2321 3052 δὲ
2338 3016 2396 3053 καὶ

330 3092 375 3129 ad
391 3091 503 3129 risum
521 3087 686 3126 omnihus
703 3085 907 3137 expositum
929 3099 940 3133 3
962 3097 1006 3121 an
1026 3097 1119 3128 eum,
1142 3097 1205 3133 qu1
1223 3097 1309 3135 ope-

331 3162 430 3190 ratur
447 3160 481 3188 et
499 3163 580 3187 cum
598 3149 674 3185 Deo
693 3145 852 3196 loquitur
871 3146 885 3182 ?
905 3144 1013 3182 Illum
1032 3143 1127 3182 enim
1144 3143 1173 3181 si
1193 3143 1310 3194 adeas,

377 3282 392 3298 ⁸
417 3283 429 3322 [
446 3283 481 3312 A.
499 3285 546 3314 καὶ
562 3285 611 3313 τὸν
627 3283 732 3323 μυρίον
748 3286 805 3311 τῶν
821 3282 922 3311 παθῶν
939 3277 980 3317 ἐ.]

379 3344 390 3357 ³
414 3334 594 3376 [τρυφῶντα
609 3331 642 3361 Α.
660 3337 692 3362 et
707 3339 810 3371 marg.
829 3327 946 3368 Savil.]

1383 3083 1416 3119 ἓν
1432 3079 1529 3118 νυκτὶ
1544 3077 1695 3128 νήφοντα
1715 3075 1772 3112 καὶ
1788 3075 2014 3126 ἐγρηγορότα.
2044 3074 2135 3112 Τίνα
2159 3068 2215 3112 οἶν
2236 3074 2275 3112 ἂν
2290 3074 2398 3112 εἴποι-

1385 3157 1446 3192 μεν
1467 3139 1598 3190 μᾶλλον
1617 3139 1676 3187 ζῇν
1691 3165 1700 3182 ,
1721 3136 1777 3173 τὸν
1795 3136 2008 3182 ἀναισθήτως
2036 3135 2205 3186 κείμενον,
2229 3136 2288 3174 καὶ
2315 3151 2398 3187 προ-

1440 3273 1455 3296 1¹
1487 3268 1599 3302 Nerei,
1619 3266 1704 3300 male
1721 3271 1769 3301 καὶ
1786 3273 1853 3301 τότε
1869 3270 2014 3309 μάλιστα,
2031 3270 2081 3300 ὅτε
2096 3280 2137 3300 σοι
2153 3269 2298 3308 μάλιστα.
