2502 3810
790 264 832 293 IN
870 262 1010 293 EPIST.

125 347 263 399 δελφίας
296 348 333 384 οὐ
356 346 475 397 χρείαν
495 345 619 398 ἔχομεν
647 344 788 397 γράφειν
816 348 895 395 ὑμῖν
914 359 922 368 ·
945 343 1041 382 αὐτοὶ
1072 342 1138 394 γὰρ

123 411 220 458 ὑμεῖς
239 406 450 444 θεοδίδακτοί
473 408 550 445 ἕστε
572 408 618 448 εἷς
645 406 684 444 τὸ
705 407 842 457 ἀγαπᾷν
868 404 1058 451 ἀλλήλους·
1080 403 1139 441 καὶ

123 469 190 521 γὰρ
217 474 345 507 ποιεῖτε
365 467 448 505 αὐτὸ
465 466 478 488 ¹
488 468 573 519 πρὸς
590 466 722 509 πάντας
754 466 831 510 τοὺς
851 464 1015 517 ἀδελφούς
1031 480 1039 488 ·
1061 465 1139 502 τότε

123 529 316 581 Κορινθίοις
334 529 529 568 ἐπέστελλε.
550 529 619 567 Καὶ
647 531 746 566 τοῦτο
768 527 850 565 αὐτὸ
881 528 978 572 δηλοῖ
1006 525 1116 577 λέγων
1130 540 1137 548 ·

1052 261 1110 290 ΑΙ)
1147 261 1238 290 ROM
1247 280 1255 289 .

2100 241 2192 301 463

1217 342 1452 380 Macedones
1464 358 1479 387 ;
1494 344 1678 394 quoniam
1693 350 1729 381 et
1744 341 1904 380 Achaia
1914 347 2057 392 parata
2074 347 2129 376 est
2144 341 2194 375 ab

1216 416 1320 439 anno
1345 405 1539 455 proeterito
1556 419 1567 439 .-
1582 412 1619 440 et
1639 411 1772 441 vestra
1799 401 1995 440 oenzulazio
2011 411 2196 451 provoca-

1218 464 1269 498 vit
1284 463 1484 513 plurimos.
1509 463 1649 509 Quibus
1666 470 1916 501 commonstrat
1929 474 1964 498 se
1979 460 2137 512 primum
2152 458 2196 495 il-

1215 522 1259 560 lis
1278 523 1345 561 hac
1361 523 1406 562 de
1424 538 1460 562 re
1478 525 1665 575 loquutum
1687 538 1771 563 esse.
1789 523 1876 561 Haec
1901 522 2010 574 igitur
2031 520 2194 573 epistola,

1295 260 1450 290 IIOMIL.
1490 262 1520 291 1.

123 585 215 629 Οἶδα
245 590 310 642 γὰρ
337 589 405 641 ἐγὼ
434 589 496 637 τὴν
515 587 708 642 προθυμίαν
728 589 838 638 ὑμῶν,
859 587 900 633 ἣν
922 585 1008 637 ὑπὲρ
1039 588 1136 636 ὑμῶν
1153 618 1201 645 427
1215 597 1293 633 quae
1322 583 1436 635 prima
1463 593 1514 622 est
1533 599 1668 635 earum,
1690 599 1776 636 quas
1793 586 1913 623 Romae
1943 581 2098 634 scripsit,
2125 580 2197 618 illis

124 654 314 703 καυχῶμαι
332 650 544 698 Μακεδόσιν,
565 649 617 687 ὅτι
637 646 761 700 Ἀχαία
776 646 1138 699 παρεσκεύασταιάπὸ
1166 655 1191 684 Α
1215 643 1372 695 epistolis
1405 645 1578 696 posterior
1612 655 1677 684 est.
1717 645 1884 684 Nondum
1921 643 2016 682 enim
2045 643 2197 680 Romam

124 713 271 765 πέρυσι·
291 711 350 749 καὶ
369 714 386 749 ὁ
413 710 446 756 ἐξ
465 713 560 762 ὑμῶν
585 712 686 757 ζῆλος
703 708 842 760 ἠρέθισε
862 708 940 751 τοὺς
966 706 1138 749 πλείονας.

124 774 185 818 Ἐξ
204 768 252 811 ὧν
274 772 396 817 ἔδειξεν
410 803 420 820 ,
440 772 492 810 ὅτι
508 771 657 822 πρώτοις
680 770 819 812 ἐκείνοις
833 768 912 820 περὶ
929 767 1050 806 τούτου
1071 768 1138 804 διε-

121 835 241 886 λέχθη.
261 834 402 872 Τούτων
424 832 486 885 μὲν
510 827 567 870 οὖν
591 830 716 883 ὑστέρα
736 832 804 867 τῶν
827 829 1018 890 ἐπιστολῶν
1039 827 1138 873 αὕτη,

121 896 189 930 τῶν
207 893 242 931 δὲ
263 892 331 930 ἀπὸ
349 892 492 943 Ῥώμης
510 891 633 943 πρώτη
650 906 657 913 ·
675 888 809 927 οὐδέπω
824 887 892 938 γὰρ
908 892 950 934 ἠν
968 889 1030 932 τῆς
1049 885 1140 923 Ῥω-

125 951 236 999 μαίων
252 950 384 993 πόλεως
403 949 536 995 ἓπιέὰς,
556 949 660 995 ἡνίκα
681 947 809 993 ταύτην
827 946 955 997 ἔγραφε
971 944 1035 990 τὴν
1055 945 1136 981 ἐπι-

123 1010 249 1055 στολήν
268 1026 275 1033 ·
295 1010 354 1047 καὶ
373 1013 472 1047 τοῦτο
498 1010 595 1055 δηλοῖ
614 1007 723 1058 λέγων
738 1022 746 1030 ·
764 1006 947 1044 Ἐπιποθῶ
968 1004 1034 1056 γὰρ
1054 1005 1136 1041 ἰδεῖν

121 1073 224 1119 ὑμᾶς,
243 1070 299 1107 ἵνα
317 1086 351 1107 τι
367 1071 506 1119 μεταδῶ
521 1069 681 1121 χάρισμα
700 1070 779 1117 ὑμῖν
796 1065 1040 1116 πνευματικόν.
1057 1065 1138 1103 Ἀπὸ

120 1129 264 1179 Ἱ)ώμης
297 1129 332 1167 δὲ
374 1128 629 1174 Φιλιππησίοις
671 1127 857 1165 ἐπέστελλε
885 1142 892 1149 ·
926 1125 979 1163 διό
1010 1141 1134 1177 φησιν,

118 1189 344 1234 Ἀσπάζονται
363 1192 452 1239 ὑμᾶς
472 1190 502 1227 οἱ
525 1189 615 1239 ἅγιοι
633 1187 778 1235 πάντες,
800 1186 953 1237 μάλιστα
973 1189 1003 1224 οἱ
1019 1188 1057 1224 ἐκ
1075 1188 1138 1232 τ’ῆς

117 1250 293 1302 Καίσαρος
319 1250 440 1293 οἰκίας.
467 1249 537 1287 Καὶ
554 1248 732 1300 Ὲὸραίοις
764 1248 799 1285 δὲ
827 1249 955 1286 ἐκεῖθεν
984 1247 1110 1298 ὁμοίως
1127 1263 1134 1270 ·

117 1310 169 1349 διό
189 1327 274 1363 φησι
287 1339 296 1356 ,
317 1311 408 1354 Τοὺς
427 1311 496 1349 ἀπὸ
511 1313 572 1356 τῆς
595 1309 748 1354 Ἰταλίας
765 1309 982 1353 ἀσπάζεσθαι
1002 1308 1136 1351 πάντας
1163 1325 1186 1354 Β

118 1370 249 1414 αὐτούς.
278 1371 347 1408 Καὶ
375 1370 436 1418 τὴν
467 1371 552 1423 πρὸς
582 1370 753 1419 Τιμόθεον
790 1369 825 1408 δὲ
855 1368 1039 1416 ἐπιστολὴν
1075 1368 1135 1407 καὶ

120 1430 225 1478 αὐτὴν
249 1432 317 1470 ἀπὸ
333 1431 475 1482 Ῥώμης
496 1431 675 1481 δεδεμένος
695 1431 846 1483 ἔπεμψεν
862 1446 869 1454 ·
884 1431 906 1477 ἢ
923 1430 983 1468 καὶ
1002 1430 1134 1482 ἐσχάτη

119 1507 178 1541 μοι
207 1493 298 1529 δοκεῖ
327 1496 448 1531 πασῶν
482 1486 568 1530 εἶναι
593 1495 662 1530 τῶν
690 1493 883 1530 ἐπιστολῶν
904 1507 912 1515 ·
941 1491 1000 1529 καὶ
1031 1493 1134 1537 δῆλον

119 1553 188 1590 ἀπὸ
212 1558 270 1590 τοῦ
289 1553 425 1597 τέλους·
444 1553 539 1604 Ἐγὼ
557 1553 624 1606 γὰρ
644 1553 710 1600 ἤδη
732 1552 941 1603 σπένδομαι,
961 1553 1058 1604 φησὶ,
1077 1552 1136 1590 καὶ

119 1616 136 1650 ὃ
155 1613 272 1666 καιρὸς
290 1616 351 1659 τῆς
369 1616 454 1663 ἐμῆς
475 1613 668 1657 ἀναλύσεως
690 1613 891 1665 ἐφέστηκεν.
909 1612 995 1651 ςὈτι
1019 1612 1052 1651 δὲ
1077 1613 1136 1651 τὸν

121 1674 192 1724 βίον
224 1677 293 1712 ἐκεῖ
321 1675 506 1722 κατέλυσε,
537 1674 642 1712 παντί
670 1690 736 1712 που
765 1674 867 1720 δῆλόν
899 1676 1004 1713 ἐστιν.
1029 1673 1075 1712 ἹΙ
1099 1673 1135 1712 δὲ

120 1735 204 1787 πρὸς
233 1735 422 1785 Φιλήμονα
454 1735 585 1787 ἐσχάτη
619 1735 680 1785 μὲν
709 1734 770 1772 καὶ
806 1734 894 1782 αὕτη
913 1750 920 1757 ·
947 1735 1032 1787 πρὸς
1068 1734 1135 1786 γὰρ

118 1795 255 1847 ἐσχάτῳ
287 1796 379 1847 γήρᾳ
409 1795 516 1842 αὐτὴν
548 1795 677 1848 ἔγραψε
695 1810 703 1818 ·
738 1796 789 1834 διὸ
820 1796 879 1834 καὶ
909 1796 1047 1847 ἔλεγεν·
1074 1795 1135 1839 Ὡς

117 1858 257 1905 Παῦλος
279 1857 493 1908 πρεσδύτης,
513 1857 586 1894 νυνὶ
607 1856 642 1895 δὲ
671 1856 729 1894 καὶ
761 1855 899 1908 δέσμιος
927 1860 961 1896 ἐν
992 1858 1135 1910 Χριστῷ

116 1916 231 1963 Ἰησοῦ
249 1933 256 1940 ·
276 1921 337 1964 τῆς
368 1919 485 1968 μέντοι
512 1918 597 1970 προς
626 1920 854 1960 Κολοσσαεῖςψ.
870 1917 1024 1969 προτέρα
1041 1933 1048 1940 ·
1076 1918 1135 1955 καὶ
1162 1928 1186 1959 C

117 1981 218 2016 τοῦτο
239 1980 307 2016 ἀπὸ
326 1983 384 2016 τοῦ
406 1979 523 2023 τέλους
545 1981 645 2025 δῆλον
665 1979 782 2018 πάλιν.
803 1981 1041 2017 Κολοσσαεῧσι
1068 1978 1134 2029 γὰρ

117 2039 258 2091 γράφων
279 2040 400 2092 φησὶν,
419 2040 472 2078 ὅτι
491 2041 644 2092 Τυχικὸς
666 2040 781 2078 πάντα
800 2040 960 2092 γνωρίσει
980 2044 1078 2091 ὑμῖν,
1099 2040 1134 2079 ἓν

117 2102 257 2151 ἔπεμψα
277 2100 336 2139 σὺν
355 2101 538 2153 Ὀνησίμῳ
556 2105 603 2154 τῷ
623 2104 736 2153 πιστῷ
752 2101 810 2139 καὶ
835 2104 1008 2154 ἀγαπητῷ
1039 2102 1135 2139 ἀδελ-

117 2165 181 2214 φῷ.
199 2161 388 2213 Ὀνησιμος
415 2161 449 2199 δὲ
477 2158 574 2205 οὗτος
591 2157 651 2210 ἦν,
671 2162 758 2215 ὑπὲρ
773 2157 810 2201 οὗ
829 2162 891 2209 τὴν
910 2163 994 2214 πρὸς
1012 2162 1133 2209 Φιλή-

117 2238 206 2272 μονα
225 2223 412 2269 ἐπιστολὴν
432 2223 610 2269 συνέθηκε.
628 2223 697 2261 Καὶ
716 2223 769 2262 ὅτι
785 2224 845 2261 οὐκ
859 2217 900 2269 ἦν
921 2223 1023 2266 ἄλλος
1038 2217 1134 2266 οἶτος

115 2283 297 2334 ὁμώνυμος
316 2283 436 2336 ἐκείνῳ
450 2313 460 2331 ,
486 2285 588 2330 δῆλον
608 2284 666 2322 καὶ
687 2284 755 2322 ἀπὸ
781 2288 840 2322 τοῦ
860 2283 1054 2335 Ἀρχίππου
1070 2299 1077 2306 ·
1096 2284 1132 2321 ὃν

114 2344 180 2395 γὰρ
198 2344 301 2382 ἔλαθε
323 2345 482 2397 συνεργὸν
506 2347 540 2383 ἓν
567 2348 609 2396 τῇ
640 2345 723 2395 πρὸς
747 2343 938 2395 Φιλήμονα
967 2346 1132 2395 ἐπιστολῇ

113 2406 175 2450 τῆς
203 2405 457 2457 παρακλήσεως
474 2408 535 2451 τῆς
554 2405 641 2458 ὑπὲρ
670 2404 883 2456 Ὀνησίμου,
912 2409 1031 2443 τοῦτον
1066 2407 1134 2442 Κο-

115 2466 319 2504 λοσσαεῦσιν
352 2466 564 2505 ἐπιστέλλων
604 2466 783 2519 διεγείρει,
818 2465 928 2518 λέγων
956 2482 964 2489 ·
996 2466 1133 2504 Εἴπατε

116 2525 319 2578 Ἀρχίππῳ,
342 2527 448 2578 βλέπε
465 2527 528 2574 τὴν
556 2527 752 2575 διακονίαν,
778 2527 820 2574 ἣν
840 2527 1056 2579 παρέλαὸες,
1077 2526 1134 2565 ἵνα

118 2586 225 2632 αὐτὴν
256 2589 412 2638 πληροῖς.
447 2589 550 2625 Δοκεῖ
583 2587 620 2625 δέ
643 2604 701 2638 μοι
724 2587 823 2635 καὶὴ
854 2588 939 2640 πρὸς
971 2587 1134 2630 Γαλάτας
1159 2603 1184 2632 1)

118 2646 267 2699 προτέρα
288 2651 374 2685 εἰναι
389 2650 450 2693 τ’ῆς
468 2648 552 2701 πρὸς
571 2647 777 2697 εΡωμαίους.
794 2650 840 2687 Εἰ
869 2648 904 2687 δὲ
931 2651 965 2687 ἐν
983 2654 1060 2691 ταῖς
1078 2648 1132 2699 βί-

119 2706 213 2750 ὃλοις
229 2707 348 2759 ἑτέραν
364 2707 482 2760 ἔχουσι
498 2709 610 2757 τάξιν,
626 2710 822 2760 θαυμαστὸν
845 2709 939 2748 οὐδέν
953 2727 960 2733 ·
979 2709 1055 2749 ἐπεὶ
1073 2709 1132 2747 καὶ

118 2771 148 2806 οἱ
163 2772 338 2821 προφῆται
353 2772 384 2807 οἱ
398 2769 531 2808 δώδεκα
545 2771 607 2809 οὐκ
622 2770 740 2822 ἐφεξῆς
758 2771 919 2818 ἀλλήλοις
933 2772 1026 2815 ὄντες
1043 2770 1133 2809 κατὰ

116 2828 192 2872 τοὺς
210 2830 365 2881 χρόνους,
383 2830 472 2869 ἀλλὰ
492 2830 579 2869 πολὺ
599 2832 815 2878 διεστηκότες
835 2832 994 2878 ἀλλήλων
1006 2863 1015 2881 ,
1035 2834 1069 2870 ἐν
1089 2835 1131 2884 τῇ

118 2893 184 2928 τῶν
210 2891 352 2940 βιὲλίων
371 2891 465 2936 τάξει
484 2891 604 2945 ἐφεξῆς
630 2894 697 2931 εἰσι
715 2893 879 2944 κείμενοι.
898 2892 943 2932 <O
962 2898 1043 2945 γοῦν
1064 2893 1135 2946 Ἀγ-

118 2957 212 3001 γαῖος
226 2951 283 2988 καὶ
299 2952 479 3004 Ζαχαρίας
494 2957 506 2972 ³
517 2953 576 2991 καὶ
597 2954 695 2992 ἄλλοι
712 2954 799 3004 μετὰ
817 2954 875 2992 τὸν
887 2954 1057 3001 Ἰεζεκιὴλ
1076 2954 1135 2993 καὶ

121 3010 255 3056 Δανιὴλ
277 3013 557 3065 προεφήτευσαν,
577 3015 636 3052 καὶ
665 3015 788 3053 πολλοὶ
820 3014 908 3066 μετὰ
929 3015 988 3054 τὸν
1014 3015 1136 3054 Ἰωνᾶν

122 3071 180 3108 καὶ
205 3072 260 3109 τὀν
285 3073 452 3125 Σορονίαν
480 3075 540 3113 καὶ
566 3074 644 3119 τοὺς
671 3075 792 3120 ἄλλους
819 3076 854 3115 δὲ
880 3076 1036 3121 πάντας·
1060 3078 1136 3115 ἀλλ’

123 3132 216 3181 ὅμως
245 3134 457 3184 συνημμένοι
484 3135 589 3174 πᾶσίν
610 3139 695 3175 εἰσιν
722 3137 882 3185 ἐκείνοις,
905 3132 950 3176 ῷν
976 3142 1139 3177 τοσοῦτον

125 3194 173 3243 τῷ
193 3192 307 3244 χρόνῳ
327 3194 542 3241 διεστήκασι.

179 3253 309 3299 ΜΤιόῑῖς
338 3254 372 3293 δὲ
402 3256 570 3309 πάρεργον
610 3262 725 3297 τοῦτον
751 3259 901 3312 ἡγείσθω
937 3262 992 3300 τὸν
1028 3262 1144 3311 πόνον,

169 3383 181 3407 Γ
208 3381 267 3414 Alii
284 3387 321 3421 st„-
339 3389 461 3422 πάντας.

1214 714 1357 742 venerat
1375 735 1384 753 ‚
1410 719 1490 742 cum
1514 706 1606 743 hanc
1634 706 1774 758 scripsit
1806 705 2010 758 epistolam,
2040 703 2077 742 id
2099 702 2198 754 quod

1214 765 1272 803 his
1302 766 1422 804 verbis
1461 767 1595 804 indicat
1626 783 1634 803 t
1669 769 1858 805 Desidero
1909 769 2010 804 enim
2062 767 2198 804 videre
2213 779 2393 808 Rom.1.11.

1214 839 1302 875 vos,
1337 835 1378 864 ut
1402 828 1555 878 aliquid
1572 830 1789 878 impertiam
1813 830 1924 865 vobis
1953 829 2089 878 gratioe
2116 829 2196 878 spi-

1214 888 1383 924 ritualis.
1405 888 1518 925 Roma
1546 896 1666 925 autem
1688 888 1733 925 ad
1753 887 1998 939 Philippenses
2027 888 2168 939 scripsit
2186 903 2193 923 ε

1214 945 1294 982 ideo
1321 946 1591 984 ait:Salutant
1619 961 1691 985 vos
1722 961 1851 984 omnes
1876 950 2394 1000 sancti,ina2·imepJJ1>11-J‚p‚4‚

1214 1008 1282 1057 qui
1310 1007 1357 1043 de
1387 1008 1552 1045 Coesaris
1586 1009 1698 1045 domo
1735 1016 1838 1045 sunt.
1870 1007 2030 1044 Hebraeis
2061 1021 2200 1058 quoque
2215 1012 2294 1071 ἵξῃ
2328 1042 2361 1070 ¹3

1218 1066 1350 1104 isthinc
1370 1067 1524 1119 scripsit,
1543 1068 1662 1118 aitque
1674 1067 1820 1105 salutari
1836 1067 1930 1119 ipsos
1940 1067 1985 1103 ab
2003 1067 2062 1117 iis,
2082 1067 2143 1117 qui
2164 1067 2198 1104 in
2215 1083 2263 1123 24·
2298 1064 2302 1070 ’
2368 1064 2374 1070 ’

1213 1126 1318 1164 Italia
1334 1137 1445 1165 erant.
1466 1128 1668 1180 Epistolam
1691 1129 1777 1166 item
1807 1127 1851 1165 ad
1873 1127 2105 1165 Timotheum
2130 1128 2201 1164 Ro-

1213 1201 1271 1225 ma
1300 1187 1442 1226 vinctus
1476 1189 1588 1239 misit,
1620 1203 1697 1240 quae
1729 1197 1906 1241 postrema
1937 1188 2027 1225 mihi
2061 1186 2202 1226 videtur

1213 1248 1374 1286 omnium
1393 1250 1495 1287 Pauli
1512 1250 1757 1302 epistolarum,
1773 1259 1810 1287 ut
1827 1264 1871 1287 ex
1886 1250 1960 1301 ejus
1979 1249 2049 1286 fine
2067 1248 2198 1298 liquet:

1212 1311 1297 1361 Ego
1319 1313 1420 1348 enim
1431 1313 1518 1364 jam
1533 1312 1725 1358 immolor,
1744 1311 1873 1362 inquit,
1886 1319 1922 1348 et
1938 1319 2083 1361 tempus
2100 1323 2202 1347 reso·
2215 1329 2244 1349 2.
2274 1323 2350 1350 Tim.
2367 1322 2398 1359 4.

1214 1371 1374 1409 lutionis
1397 1386 1490 1409 mete
1509 1375 1644 1411 instat.
1670 1372 1777 1420 Quod
1798 1381 1915 1409 autem
1943 1371 2074 1409 isthinc
2092 1370 2200 1408 finem
2213 1363 2244 1392 δ’

1211 1431 1360 1471 vivendi
1393 1433 1530 1483 fecerit,
1550 1434 1683 1472 nemini
1716 1448 1785 1472 non
1815 1443 1938 1472 notum
1957 1443 2018 1471 est.
2039 1433 2198 1485 Epistola

1212 1508 1352 1545 quoque
1370 1494 1416 1532 ad
1443 1495 1689 1533 Philemonem
1723 1495 1816 1533 inter
1843 1504 2037 1547 postremas
2067 1503 2116 1531 est
2131 1510 2142 1543 3
2163 1494 2199 1531 in

1212 1563 1368 1592 extrema
1387 1555 1480 1593 enim
1506 1565 1681 1594 senectute
1700 1555 1842 1608 scripsit
1870 1555 1969 1593 illam
1982 1571 1988 1591 :
2001 1554 2078 1592 ideo
2097 1554 2198 1592 dice-

1211 1613 1273 1651 bat
1302 1630 1310 1651 :
1344 1617 1393 1653 Ut
1416 1617 1570 1654 Paulus
1585 1631 1715 1662 senex,
1749 1630 1851 1654 nunc
1885 1625 2016 1654 autem
2042 1618 2198 1653 vinctus
2214 1631 2341 1659 Philem.
2367 1640 2397 1670 9,

1213 1679 1254 1714 ιή
1284 1678 1440 1715 Christo
1477 1679 1585 1719 Jesu.
1617 1679 1702 1716 Haec
1728 1693 1835 1731 porro
1863 1677 2040 1730 praecessit
2071 1677 2198 1729 episto-

1210 1737 1283 1774 lam
1302 1737 1347 1775 ad
1365 1738 1599 1786 Colossenses‚
1616 1749 1655 1777 ut
1675 1754 1720 1777 ex
1741 1741 1817 1791 ejus
1846 1740 1917 1777 fine
1941 1739 2117 1790 arguitur,
2137 1739 2199 1776 ubi

1212 1798 1262 1836 sic
1280 1798 1440 1849 loquitur
1456 1815 1464 1836 ε
1482 1801 1675 1849 Tychicus
1694 1804 1830 1838 omnia
1861 1803 1973 1838 vobis
2005 1803 2196 1850 narrabit,
2218 1814 2283 1842 cot.
2298 1815 2328 1851 4.
2346 1822 2375 1851 7.

1212 1874 1324 1912 quem
1345 1863 1433 1898 misi
1449 1875 1535 1898 cum
1559 1863 1737 1899 Onesimo
1753 1862 1868 1914 fideli
1892 1870 1928 1899 et
1951 1858 2199 1914 dilecto-fra—

1213 1930 1278 1958 tre.
1297 1922 1486 1960 Onesimus
1502 1931 1621 1960 autem
1636 1932 1724 1971 erat,
1747 1924 1849 1975 cujus
1867 1923 1980 1975 gratia
1999 1922 2042 1960 ad
2069 1923 2196 1961 Phile-

1212 1995 1352 2020 monem
1376 1982 1517 2034 scripsit
1537 1983 1735 2035 epistolam.
1757 1984 1865 2030 Quod
1892 1998 1975 2022 vero
2008 1998 2077 2021 non
2108 1983 2201 2022 alius

1211 2052 1298 2080 esset
1327 2042 1398 2094 ipsi
1426 2043 1660 2095 cognominiS,
1682 2053 1779 2096 patet
1799 2059 1844 2082 ex
1872 2045 2077 2096 Archippo:
2095 2058 2201 2094 quem

1211 2102 1306 2140 enim
1325 2103 1361 2141 in
1378 2103 1525 2155 epistola
1545 2104 1591 2142 ad
1610 2105 1857 2143 Philemonem
1877 2105 2077 2157 adjutorem
2096 2118 2199 2142 acce—

1209 2163 1262 2215 pit
1277 2163 1319 2200 ad
1335 2178 1410 2201 rem
1426 2179 1491 2216 pro
1511 2165 1679 2202 Onesimo
1703 2165 1979 2218 impetrandam,
2000 2166 2095 2202 hunc
2114 2179 2201 2215 quo-

1210 2237 1279 2273 que
1300 2223 1335 2261 in
1354 2224 1501 2276 epistola
1523 2225 1570 2262 ad
1593 2225 1818 2263 Colossenses
1837 2225 1969 2264 excitat
1984 2225 2041 2262 his
2059 2225 2197 2264 verbis:

1210 2286 1341 2322 Dicite
1359 2285 1561 2337 Archippo
1579 2301 1589 2321 :
1609 2287 1704 2324 Vide
1720 2289 1989 2332 ministerium,
2010 2288 2115 2338 quod
2130 2300 2198 2324 ac-
2219 2296 2283 2324 Col.
2298 2298 2328 2334 4.
2351 2303 2397 2332 ¹7·

1210 2348 1356 2397 cepisti,
1390 2355 1431 2384 ut
1451 2347 1553 2384 illud
1578 2348 1753 2399 impleas.
1778 2347 1933 2388 Videtur
1964 2357 2081 2385 autem
2109 2348 2199 2386 mihi

1210 2406 1396 2458 epistolam
1417 2406 1465 2445 ad
1485 2408 1632 2446 Galatas
1650 2423 1739 2456 eam,
1760 2422 1837 2459 quae
1864 2408 1909 2446 ad
1934 2411 2111 2448 Romanos
2132 2419 2197 2457 est,

1212 2467 1447 2518 praecessisse.
1468 2468 1505 2505 Si
1525 2478 1644 2506 autem
1663 2468 1699 2506 in
1725 2468 1827 2506 libris
1853 2470 1966 2507 alium
1986 2470 2118 2508 habent
2138 2484 2198 2507 or-

1210 2527 1345 2578 dinem,
1369 2528 1461 2566 nihil
1479 2529 1612 2567 mirum
1629 2546 1636 2566 :
1652 2529 1939 2582 quandoquidem
1959 2541 1991 2569 et
2009 2531 2200 2569 duodecim

1210 2590 1391 2641 prophetae
1416 2604 1486 2628 non
1517 2591 1714 2628 secundum
1741 2592 1910 2643 temporis
1929 2593 2113 2639 ordinem,
2138 2592 2199 2630 sed

1210 2649 1313 2700 longe
1327 2659 1427 2688 aetate
1442 2650 1624 2700 distantes,
1639 2651 1674 2688 in
1690 2652 1818 2689 Bibliis
1837 2653 1998 2690 collocati
2016 2662 2109 2690 sunt.
2128 2655 2198 2703 Ag-

1210 2724 1317 2761 gaeus,
1335 2710 1526 2748 Zacharias
1546 2721 1580 2748 et
1596 2711 1657 2749 alii
1677 2721 1756 2763 post
1773 2712 1992 2750 Ezechielem
2013 2723 2046 2751 et
2066 2714 2197 2751 Danie-

1208 2772 1278 2808 lem
1303 2771 1625 2823 p1·ophetaverunt;
1650 2782 1682 2810 et
1704 2774 1807 2811 multi
1832 2784 1910 2826 post
1928 2776 2054 2813 Jonam
2075 2784 2107 2812 et
2124 2776 2196 2813 So-

1209 2832 1378 2884 phoniam
1398 2842 1608 2884 caeterosque
1634 2848 1768 2882 omncs,
1791 2844 1824 2872 et
1842 2844 1957 2873 tamen
1978 2836 2049 2872 illis
2078 2836 2194 2873 omni-

1210 2894 1277 2931 bus
1292 2893 1470 2945 conjuncti
1492 2903 1584 2945 sunt,
1600 2909 1619 2933 a
1637 2895 1766 2946 quibus
1780 2905 1876 2934 tanto
1896 2896 2064 2948 temporis
2080 2897 2194 2949 spatio

1212 2963 1294 2992 sunt
1310 2953 1441 2993 dissiti.

1270 3264 1304 3299 2.
1328 3261 1437 3299 Nemo
1460 3261 1555 3298 hunc
1580 3261 1738 3300 laborem
1762 3270 1860 3300 extra
1888 3276 1961 3300 rem
1980 3276 2062 3311 esse,
2083 3276 2196 3314 neque

1236 3398 1249 3415 δ
1275 3389 1346 3421 Duo
1363 3388 1439 3421 Mss.
1455 3393 1501 3422 καὶ
1521 3393 1545 3423 οἱ
1560 3392 1656 3423 ahoe.
