2466 3805
348 256 376 300 9
386 257 406 284 2
812 259 831 287 S
841 279 849 288 .

348 337 500 385 diamus,
518 345 555 374 ut
571 337 754 389 praesentia
771 347 804 376 et
818 339 936 376 futura
949 351 1206 388 consequamur
1218 339 1324 387 bona,

351 400 463 450 gratia
480 409 514 438 et
530 400 746 450 benignitate
775 401 919 438 Domini
939 400 1047 438 nostri
1073 402 1158 439 Jesu
1179 401 1324 450 Christi,

886 258 1067 288 JOANMS
1102 258 1344 288 CHRYSOST.
1385 258 1587 289 ARCfflEP.
1628 255 1984 291 CONSTANTINOP.

1396 340 1458 377 οὗκ
1473 339 1613 389 ὄμνυμι.
1640 341 1753 379 Τοῦτο
1771 341 1886 381 ἱκανὸν
1917 349 2030 381 πᾶσαν
2051 345 2245 394 εἰσαγαγεῖν
2273 346 2409 395 ἀρετην.

1396 399 1499 451 Θύρα
1516 400 1568 444 τίς
1584 402 1675 439 ἐστιν
1698 401 1896 450 εὖσεὸείας,
1921 403 1996 447 ὁδὸς
2020 404 2076 442 ἐπὶ
2093 405 2317 456 θφιλοσοφίαν
2338 406 2411 455 [εὖ-

348 460 493 509 quicum
513 461 609 498 Patri
625 470 658 498 et
674 461 824 512 Spiritui
844 470 962 498 sancto
978 461 1103 512 gloria,
1117 461 1320 514 imperium,
1347 476 1372 504 Λ
1394 460 1563 510 λαὸείας]
1585 461 1769 511 εἰσάγουσα
1783 492 1793 509 ,
1813 464 2012 516 παλαίστρα
2031 464 2080 508 τίς
2097 467 2182 504 ἐστι.
2202 468 2324 504 Ταῦτα
2349 481 2409 517 φυ-

347 519 470 564 honor,
504 533 597 557 nunc
611 529 643 558 et
665 534 814 572 semper,
839 529 871 558 et
891 521 926 558 in
946 522 1075 559 saccula
1096 522 1318 563 saeculorum.

348 584 470 617 Amen.

385 896 398 912 e
422 887 535 919 Morel.
559 892 728 934 φιλοσοφίαν
749 895 914 932 εἰσάγουσα.
935 887 996 922 Alii
1019 890 1133 923 melius
1159 898 1235 932 post
1256 896 1340 934 φιλο-

343 944 442 983 σοφίαν
467 938 597 971 addunt
621 942 780 979 εὐλαίέιάς.
810 940 903 985 [Nos
929 941 1119 975 inclusimus
1136 942 1199 975 fide
1231 941 1337 975 Editt.

1394 519 1588 571 λάττωμεν,
1608 520 1665 559 ἵνα
1683 521 1742 559 καὶ
1761 525 1829 560 τῶν
1848 524 2027 576 παρόντων
2045 526 2103 563 καὶ
2121 529 2190 563 τῶν
2216 527 2410 577 μελλόντων

1394 581 1613 633 ἐπιτύχωμεν
1631 584 1782 632 ἀγαθῶν,
1799 583 1918 636 χάριτι
1934 585 1993 622 καὶ
2011 586 2252 639 φιλανθρωπίᾳ
2267 591 2325 625 τοῦ
2340 589 2411 625 Κυ-

1395 642 1466 689 ρίου
1489 644 1589 692 ἡμῶν
1614 642 1731 689 Ἰησοῦ
1752 644 1923 694 Χριστοῦ,
1959 647 2032 694 μεθ’
2053 639 2091 683 οῧ
2108 647 2157 696 τῷ
2185 647 2303 698 Πατρὶ
2336 647 2411 696 ἅμα

1394 704 1443 754 τῷ
1462 701 1549 754 ἁγίῳ
1569 702 1751 753 Πνεύματι
1771 702 1850 747 δόξα
1862 734 1871 751 ,
1889 704 2014 756 κράτος
2027 734 2037 751 ,
2059 704 2164 755 τιμὴ,
2180 709 2238 744 νῦν
2257 708 2315 745 καὶ
2333 708 2385 745 ἀεὶ
2400 736 2408 755 ,

1374 812 1381 819 „
1394 763 1453 801 καὶ
1468 765 1516 807 εἷς
1535 763 1612 807 τοὺς
1629 766 1754 807 αἰῶνας
1772 766 1840 801 τῶν
1858 764 2002 802 αἰώνων.
2020 765 2139 816 Ἀμήν.

1406 896 1553 939 Comm.‚
1571 898 1686 931 Morel.
1705 906 1738 931 et
1753 898 1839 932 Cod.
1856 899 1895 932 D.
1915 899 2026 931 Melius
2052 907 2140 932 certe
2163 899 2282 941 verbis,
2303 905 2412 935 παλαί-

1410 966 1484 996 στρα
1503 955 1545 987 τίς
1559 952 1637 988 ἐπι,>
1651 950 1896 994 subjicere1.ur.]

684 1187 892 1224 HOMILIA
922 1187 970 1225 X.

339 1309 424 1345 (311).
457 1309 519 1346 lv.
551 1323 586 1346 v.
627 1312 661 1345 1.
697 1310 958 1361 Loquentibus
988 1318 1117 1347 autem
1153 1311 1231 1348 illis
1269 1312 1322 1348 ad

386 1370 590 1420 populum,
613 1380 911 1421 supervenerunt
933 1372 1150 1409 sacerdotes
1176 1381 1211 1409 et
1239 1386 1319 1409 ma-

386 1433 570 1479 gistratus
593 1431 736 1482 templi.

391 1558 425 1592 1.
448 1556 620 1594 Nondum
641 1572 660 1595 a
679 1557 858 1609 prioribus
873 1558 1131 1610 respiraverant
1151 1560 1319 1597 tentatio—

334 1619 451 1667 nibus,
472 1627 504 1655 et
523 1618 642 1656 statim
657 1618 693 1655 in
712 1618 798 1656 alias
813 1619 1023 1657 inciderunt.
1044 1619 1091 1657 Et
1112 1619 1208 1669 vide,
1229 1635 1320 1670 quo—

332 1678 438 1716 modo
458 1692 512 1716 res
534 1678 789 1730 dispensentur.
810 1679 931 1717 Primo
959 1693 1039 1717 cum
1065 1680 1228 1718 irrisione
1252 1695 1319 1718 ex-

331 1739 421 1790 cepti
453 1747 535 1776 sunt
554 1752 693 1787 omnes;
720 1752 783 1776 nec
812 1753 921 1790 parva
947 1749 1021 1777 erat
1046 1740 1121 1777 haec
1148 1742 1318 1779 tentatio:

331 1798 496 1849 secundo,
518 1798 586 1850 ipsi
605 1799 784 1850 coryphaei
799 1799 836 1836 in
862 1800 1019 1851 pericula
1041 1800 1217 1838 incidunt.
1240 1803 1319 1839 Non

331 1861 548 1898 continenter
567 1874 650 1898 vero
668 1860 743 1897 haec
761 1859 832 1897 duo
847 1861 938 1898 facta
969 1870 1052 1898 sunt
1070 1891 1080 1910 ,
1099 1875 1210 1912 neque
1232 1862 1317 1900 sim—

330 1921 493 1973 pliciter3
515 1921 575 1958 sed
592 1930 780 1972 postquam
801 1921 837 1959 in
859 1922 1087 1960 concionibus
1105 1922 1316 1973 claruerant,

329 1991 362 2020 et
392 1983 606 2019 miraculum
647 1995 814 2033 magnum
847 1991 1029 2035 patrarant
1044 1999 1057 2033 3
1091 1983 1142 2021 sic
1173 1984 1319 2023 demum

329 2051 484 2080 assumta
501 2042 644 2091 fiducia,
657 2044 732 2080 Deo
749 2042 958 2080 concedente
975 2043 1165 2081 certamina
1182 2045 1315 2082 ineunt.

330 2107 387 2142 Tu
409 2118 492 2142 vero
511 2104 601 2140 mihi
630 2103 827 2155 perpende,
851 2104 1030 2153 quomodo
1045 2135 1056 2154 ,
1080 2105 1142 2155 qui
1170 2106 1317 2156 quaesie-

329 2174 407 2202 rant
425 2164 644 2216 proditorem
664 2164 726 2214 qui
748 2164 932 2201 Christum
957 2164 1132 2214 traderet,
1162 2165 1221 2203 hic
1248 2166 1317 2217 ipsi

328 2238 454 2261 manus
474 2224 637 2275 injiciunt
662 2223 848 2260 ferociores
868 2224 952 2261 facti
982 2232 1015 2261 et
1041 2223 1317 2275 impudentiores

330 2295 408 2338 post
437 2300 592 2324 crucem.
623 2286 810 2322 Peccatum
839 2285 933 2323 enim
970 2285 1058 2323 dum
1090 2285 1313 2337 parturitur,

330 2347 522 2397 quemdam
542 2346 647 2383 habet
665 2345 860 2398 pudoren13
884 2360 967 2384 cum
986 2355 1103 2383 autem
1122 2346 1316 2397 perfectum

329 2418 380 2446 cst
394 2438 404 2457 ,
427 2407 705 2459 impudentiores
735 2406 851 2444 reddit
888 2416 1057 2444 auctores.
1091 2408 1165 2444 Cur
1198 2416 1315 2446 autem

330 2469 558 2520 magistratus
599 2467 828 2519 supervenit?
871 2468 965 2505 Nam
1009 2468 1313 2519 Supervenerunt

330 2533 420 2581 ipsis
431 2531 647 2568 sacerdotes
659 2538 695 2566 et
709 2531 958 2580 magistratus
970 2530 1114 2580 templi,
1128 2529 1253 2580 inquit.
1263 2531 1315 2568 Ut

329 2607 453 2630 rursus
468 2592 656 2644 publicum
683 2592 813 2628 crimen
829 2590 935 2641 gestis
948 2590 1127 2640 inferrent,
1143 2600 1176 2628 et
1192 2605 1260 2628 non
1278 2600 1316 2628 ut

332 2652 507 2704 peculiare
526 2661 558 2690 et
579 2651 759 2704 privatum
778 2651 1054 2689 ulciscerentur:
1074 2650 1169 2702 quod
1185 2651 1316 2701 ubique

332 2718 443 2754 facere
473 2715 677 2753 studebant.
713 2717 747 2751 Ξ).
781 2714 967 2751 Dolentes
998 2714 1104 2766 quod
1134 2714 1315 2751 docerent

327 2777 524 2828 populum.
548 2775 697 2812 Moleste
714 2773 875 2811 ferebant
886 2803 897 2822 ,
917 2786 987 2811 non
1007 2773 1114 2811 modo
1137 2773 1234 2823 quod
1251 2772 1315 2811 do-

330 2847 465 2885 cerent3
480 2837 541 2874 sed
559 2836 665 2874 etiam
683 2834 779 2885 quod
800 2834 957 2872 dicerent
973 2848 1042 2872 non
1061 2836 1176 2873 solum
1195 2835 1315 2887 ipsum

330 2897 573 2944 resurrexisse,
590 2895 652 2934 sed
671 2895 776 2933 etiam
800 2908 862 2932 nos
881 2908 943 2946 per
970 2894 1073 2932 illum
1100 2903 1314 2932 resurrectu-

333 2973 388 2996 ros
418 2973 501 2996 esse.
524 2957 637 3008 Quod
662 2957 867 3001 docerent,
891 2954 1009 3005 inquit
1024 2985 1033 3003 ,
1056 2956 1253 3007 populum,
1276 2964 1314 2993 et

332 3023 611 3057 annuntiarent
632 3021 673 3055 in
693 3018 788 3055 Jesu
807 3019 1120 3054 resurrectionem
1140 3025 1310 3054 mortuo—

332 3095 427 3119 rum.
444 3081 496 3118 Ita
522 3079 650 3117 efficax
675 3077 743 3115 fuit
766 3077 864 3114 illius
896 3077 1116 3127 resurrectio,
1141 3086 1180 3114 ut
1206 3077 1311 3115 etiam

332 3143 410 3180 aliis
429 3150 550 3179 auctor
579 3141 624 3178 sit
658 3138 934 3177 resurrectionis.
951 3139 988 3175 5.
1011 3139 1064 3176 Et
1096 3141 1310 3190 injecerunt

333 3208 372 3239 in
403 3217 464 3240 eos
491 3215 641 3247 manus,
659 3209 694 3238 ct
713 3207 921 3251 posuerunt
948 3212 1009 3236 eos
1031 3202 1071 3235 in
1096 3200 1310 3237 custodiam

333 3267 370 3299 ιἰι
393 3267 603 3301 crastinum
624 3279 633 3297 :
664 3270 745 3299 erat
765 3264 864 3299 enim
886 3263 971 3311 jam
996 3273 1164 3310 vespera.
1188 3262 1218 3298 Ο
1242 3260 1307 3296 im-

379 3403 387 3415 “-
413 3392 471 3423 All!
492 3420 513 3425 ,
522 3397 640 3424 §Eut-102.

1785 1193 1963 1230 OMIAIA
1996 1191 2027 1229 ι’.

1393 1311 1600 1350 ,λαλούντων
1628 1311 1663 1349 δὲ
1687 1313 1796 1350 αὐτῶν
1830 1312 1914 1364 πρὸς
1933 1313 1989 1350 τὸν
2014 1313 2109 1360 λαὸν,
2138 1313 2332 1359 ἐπέστησαν
2350 1316 2409 1351 αὐ-

1497 1378 1567 1415 τοῖς
1594 1373 1623 1411 οἱ
1649 1375 1749 1425 ἱερεῖς
1768 1372 1827 1410 καὶ
1846 1376 1863 1410 ὃ
1888 1373 2079 1425 στρατηγὸς
2108 1379 2166 1412 τοῦ
2197 1376 2301 1425 ἱεροῦ.

1447 1559 1558 1597 Οὔπω
1589 1562 1658 1597 τῶν
1690 1558 1866 1611 προτέρων
1897 1558 2171 1602 ἀναπνεύσαντες
2193 1561 2408 1610 πειρασμῶν,

1394 1620 1515 1663 εὐθέως
1540 1622 1587 1662 εἷς
1610 1620 1745 1672 ἑτέρους
1763 1619 1966 1666 Πένένῗησαν.
1994 1619 2064 1658 Καὶ
2084 1619 2164 1672 ὅρα,
2186 1622 2261 1663 πῶς
2278 1622 2410 1658 οἰκονο-

1367 1680 1372 1683 “
1394 1686 1510 1731 μεῖται
1528 1680 1572 1718 τὰ
1592 1680 1796 1732 πράγματα.
1824 1682 1970 1732 Πρῶτον
2002 1680 2263 1733 ἕχλευάσΟησαν
2284 1680 2410 1722 πάντες

1392 1744 1497 1791 ὁμοῦ·
1518 1742 1555 1779 οὒ
1584 1741 1705 1792 μικρὸς
1733 1744 1829 1784 οὗτος
1851 1743 1867 1778 ὅ
1887 1741 2100 1792 πειρασμός·
2122 1741 2290 1792 δεύτερον,
2312 1740 2409 1778 αὐτοὶ

1393 1803 1424 1839 οἱ
1443 1807 1623 1854 κορυφαῖοι
1651 1804 1698 1844 εἷς
1721 1801 1894 1844 κινδύνους
1914 1801 2158 1852 ἐμπίπτουσιν.
2190 1803 2268 1840 Οὔκ
2291 1800 2409 1853 ἐφεξῆς

1393 1863 1428 1900 δὲ
1449 1863 1494 1901 τὰ
1521 1862 1580 1901 δύο
1598 1862 1748 1914 γέγονεν,
1775 1862 1851 1901 οὐδὲ
1884 1863 2017 1906 ἁπλῶς·
2050 1863 2139 1900 ἀλλὰ
2164 1863 2327 1915 πρότερον
2351 1863 2410 1900 εὖ-

1393 1923 1640 1974 ὃοκιμήσαντες
1661 1926 1695 1961 ἐν
1713 1929 1789 1967 ταῖς
1812 1922 2052 1975 δημηγορίαις,
2077 1923 2136 1960 καὶ
2166 1926 2282 1973 Οαῧμα
2302 1924 2407 1974 ἐργα-

1391 1984 1534 2034 σάμενοι
1566 1983 1654 2034 μετὰ
1672 1987 1781 2021 ταῦτα
1811 1984 1920 2035 μέγα·
1945 1984 2034 2022 οὕτω
2053 1983 2093 2030 δὴ
2119 1983 2239 2020 λοιπὸν
2264 1982 2351 2033 μετὰ
2370 1983 2409 2020 τὸ

1392 2046 1575 2097 Οαῤῥῆσαι,
1597 2047 1854 2096 συγχωροῦντος
1867 2049 1926 2083 τοῦ
1940 2046 2032 2083 Θεοῦ
2045 2046 2112 2081 τῶν
2127 2043 2267 2094 ἀγώνων
2281 2042 2409 2081 ἅπτον-

1390 2121 1460 2145 ται.
1487 2106 1538 2145 Σὺ
1561 2106 1598 2144 δέ
1621 2122 1679 2156 μοι
1698 2105 1780 2153 θέα,
1800 2107 1874 2148 πῶς
1893 2105 1950 2143 ἐπὶ
1973 2110 2032 2143 τοῦ
2051 2106 2204 2157 Χριστοῦ
2224 2105 2280 2142 τὸν
2297 2119 2409 2155 παρα-

1391 2166 1546 2204 δώσοντα
1562 2169 1759 2213 ζητοῦντες,
1779 2167 1924 2204 ἐνταῦθα
1953 2166 2074 2203 λοιπὸν
2096 2165 2191 2203 αὐτοὶ
2209 2165 2270 2209 τὰς
2289 2171 2409 2218 χεῖρας

1391 2227 1617 2265 ἐπιὸοίλλουσι
1629 2256 1638 2273 ,
1660 2227 1861 2278 Ορασύτεροι
1876 2226 2051 2277 γεγονότες
2067 2227 2126 2264 καὶ
2144 2226 2408 2278 ἀναισχυντότε-

1393 2303 1442 2339 ροι
1472 2287 1559 2337 μετὰ
1574 2286 1632 2324 τὸν
1657 2287 1814 2338 σταυρόν.
1839 2286 1885 2324 ‘H
1905 2286 1972 2337 γὰρ
1992 2287 2170 2338 ἁμαρτία,
2192 2286 2255 2330 ἕως
2277 2286 2339 2337 μὲν
2366 2286 2405 2324 ἂν

1390 2345 1576 2393 ὠδίνηται,
1599 2346 1671 2398 ἔχει
1698 2345 1775 2383 τινὰ
1798 2345 1986 2397 αἰσχύνην·
2013 2345 2151 2383 ἐπειδὰν
2177 2346 2212 2383 δὲ
2233 2348 2402 2397 τελεσθῇ,

1389 2406 1465 2444 τότε
1501 2399 1827 2458 ἀναισίυντοτέρόους
1852 2411 1943 2443 ποιεῖ
1964 2405 2040 2450 τοὺς
2071 2406 2319 2458 ἐργαζομένους
2348 2409 2405 2445 αὖ·

1389 2466 1462 2513 τήν.
1476 2467 1524 2504 Τί
1540 2467 1667 2513 δήποτε
1683 2466 1718 2505 δὲ
1731 2467 1790 2505 καὶ
1807 2466 1999 2519 στρατηγὸς
2011 2466 2191 2518 ἐφίσταται
2201 2483 2210 2514 3
2229 2466 2404 2513 Ἔπέστη-

1389 2543 1451 2565 σαν
1470 2527 1537 2579 γὰρ
1562 2530 1674 2571 αὐτοῖς
1700 2530 1730 2565 οἳ
1749 2529 1849 2579 ἱερεῖς
1878 2526 1936 2564 καὶ
1952 2529 1969 2564 ὃ
1989 2526 2180 2578 στρατηγὸς
2199 2531 2258 2565 τοῦ
2287 2530 2378 2581 ἱεροῦ
2393 2558 2402 2574 ,

1388 2588 1503 2641 φησίν.
1523 2588 1601 2626 Ἵνα
1623 2589 1727 2627 πάλιν
1761 2586 1926 2638 δημόσιον
1954 2587 2114 2639 ἔγκλημα
2149 2591 2316 2640 περιθῶσι
2333 2594 2403 2632 τοῖς

1386 2649 1596 2700 γινομένοις,
1628 2649 1687 2687 καὶ
1726 2647 1774 2698 μὴ
1803 2651 1848 2691 ὡς
1876 2648 2048 2686 ἰδιωτικὸν
2081 2649 2285 2687 ε’κδικῶσιν·
2316 2647 2402 2701 ὅπερ

1385 2714 1565 2761 πανταχοῦ
1599 2708 1827 2752 σπουδάζουσι
1854 2714 1975 2746 ποιεῖν.
1995 2709 2270 2759 Διαπονούμενοι
2290 2709 2346 2746 διὰ
2364 2709 2402 2746 τὸ

1387 2771 1560 2809 διδάσκειν
1582 2769 1703 2813 αὐτοὺς
1719 2770 1776 2808 τὸν
1790 2769 1884 2808 λαόν.
1903 2771 2149 2815 Διεττονοῧντο,
2172 2770 2209 2806 οὗ
2231 2769 2333 2819 μόνον
2349 2770 2400 2807 ὅτι

1386 2831 1583 2878 ἐδίδασκον,
1603 2832 1678 2868 ἀλλ’
1704 2830 1756 2867 ὅτι
1777 2832 1838 2868 οὐκ
1870 2830 1969 2868 αὐτὸν
1992 2830 2092 2880 μόνον
2112 2830 2227 2880 ἔλεγον
2250 2830 2399 2881 ἐγηγέρ-

1386 2897 1455 2941 Οαι,
1477 2892 1567 2931 ἀλλὰ
1582 2891 1641 2929 καὶ
1661 2894 1754 2941 ἡμᾶς
1776 2891 1820 2928 δι’
1837 2893 1963 2929 ἐκεῖνον
1983 2889 2198 2928 ἀνίστασθαι.
2211 2891 2279 2929 Διὰ
2292 2893 2332 2930 τὸ
2350 2892 2399 2929 δι-

1386 2954 1523 2992 δάσκειν
1541 2951 1662 2994 αὐτοὺς
1675 2982 1684 2999 ,
1704 2951 1806 3002 φησὶ,
1826 2951 1882 2988 τὸν
1899 2951 1994 2997 λαὸν,
2015 2951 2073 2988 καὶ
2101 2952 2347 3003 καταγγέλλειν
2364 2955 2398 2990 ἐν

1384 3017 1434 3066 τῷ
1452 3014 1566 3060 Ἰησοῦ
1592 3013 1653 3059 τὴν
1675 3012 1861 3051 ἀνάστασιν
1881 3013 1948 3048 τῶν
1965 3014 2107 3064 νεκρῶν.
2128 3011 2251 3056 Οὕτως
2272 3012 2398 3064 ἰσχυρὰ

1383 3075 1518 3126 ἐγένετο
1532 3077 1554 3120 ἡ
1576 3073 1781 3119 ἀνάστασις,
1801 3075 1846 3115 ὣς
1868 3072 1926 3109 καὶ
1946 3072 2073 3124 ἑτέροις
2095 3073 2195 3111 αὐτὸν
2211 3073 2318 3111 αἴτιον
2337 3088 2397 3124 γε·

1383 3137 1498 3175 νέσΟαι
1522 3134 1752 3176 ἀναστάσεως.
1768 3134 1836 3171 Καὶ
1854 3132 2022 3170 ἕπε’ἕαλον
2044 3136 2157 3177 αὐτοῖς
2179 3133 2239 3177 τὰς
2258 3140 2397 3185 χεῖρας,

1384 3197 1442 3235 καὶ
1469 3197 1582 3234 ἔθεντο
1600 3194 1721 3237 αὐτοὺς
1742 3196 1790 3237 εἷς
1806 3193 1951 3245 τήρησιν
1974 3195 2019 3236 εἷς
2043 3194 2104 3240 τὴν
2123 3194 2258 3247 αὔριον·
2273 3189 2314 3240 ἦν
2328 3193 2395 3244 γὰρ

1384 3258 1514 3309 ἑσπέρα
1532 3257 1610 3303 ἤδη.
1631 3256 1678 3294 *Ω
1698 3258 1758 3301 τ’ἧς
1784 3254 2046 3306 ἀναισχυντίας·
2064 3254 2198 3293 ἔτιντῶν
2220 3254 2395 3306 προτέρων
