2502 3810
714 246 757 275 IN
791 246 932 275 EPIST.
974 245 1032 274 AD
1070 245 1177 274 Rom.
1217 244 1372 275 HOMIL.
1411 246 1507 277 xtv.

2061 231 2148 291 641

89 323 191 361 δόσει.
213 323 282 361 Καὶ
302 324 456 375 ἀλλαχοῦ
472 325 534 374 μέν
546 314 643 377 φησι,
658 327 711 365 Τὸ
730 326 797 378 γὰρ
810 326 1008 380 παραυτίκα
1022 327 1105 365 ἐλα-
1116 359 1162 385 531
1175 325 1261 363 alibi
1283 326 1428 376 quidem
1447 327 1495 365 ait
1514 343 1522 363 :
1548 329 1866 366 filomentaneum
1888 331 1992 367 enim
2016 339 2051 367 et
2075 330 2156 369 leve
2170 345 2201 365 2.
2219 339 2289 371 Cor.
2303 338 2334 379 4.

88 382 171 433 φρὸν
190 385 251 428 τῆς
271 383 416 434 θλίψεως
436 387 512 422 καθ’
535 386 728 439 ὑπερὸολὴν
741 390 788 431 εἷς
806 387 998 439 ὑπερέολὴν
1021 387 1105 424 αἷώ-
1128 395 1154 424 Α
1176 387 1455 435 tribulationis,
1498 403 1615 440 supra
1647 390 1802 426 modum
1842 390 1881 427 in
1921 390 2157 429 sublimitate
2174 389 2218 417 ¹7·

88 457 158 480 νιον
181 443 285 494 βάρος
311 442 408 490 δόξης
427 446 687 497 κατεργάζεται.
715 448 811 500 Πρὸς
828 447 895 500 γὰρ
915 450 1108 499 φιλοσοφω-

87 502 205 554 τέρους
227 498 267 550 ἦν
284 508 301 542 ὃ
317 505 416 554 λόγος
432 507 541 558 αὐτῷ·
563 510 708 545 ἐνταῦθα
736 507 771 546 δὲ
804 512 916 559 κοῦφα
937 507 997 557 μὲν
1018 507 1106 545 αὐτὰ

88 564 151 600 οὐκ
171 563 309 615 ἀφίησιν
342 559 447 614 εἶναι,
475 571 733 617 παραμυθεῖται
767 569 803 607 δὲ
842 568 928 607 αὐτὰ
958 571 1001 619 τῇ
1037 571 1105 605 τῶν

89 623 284 673 μελλόντων
307 625 476 664 ἀντιδόσει
491 656 500 673 ,
519 626 628 678 λέγων
642 644 649 651 ·
666 629 857 679 Λογίζομαι
876 629 943 680 γὰρ
954 657 963 674 ,
978 628 1031 667 δ’τι
1048 631 1107 666 οὐκ

88 682 165 728 ἄξια
181 684 224 722 τὰ
243 686 435 735 παθήματα
452 692 511 726 τοῦ
524 691 581 725 νῦν
597 693 728 741 καιροῦ.
748 690 815 726 Καὶ
833 691 895 727 οὐκ
914 683 988 727 εἷπε
1001 719 1011 736 ,
1023 689 1108 739 πρὸς

87 743 149 790 τὴν
171 744 362 794 μέλλουσαν
385 747 511 794 ἄνεσιν,
535 749 610 786 ἀλλ’
629 749 646 787 ὃ
662 751 780 801 πολλῷ
803 752 915 800 μεῖζον
938 744 992 796 ἦν,
1011 748 1106 800 Πρὸς

383 808 397 820 m
409 807 435 820 [γ

87 804 150 852 τὴν
166 806 357 856 μέλλουσαν
379 823 489 851 οοςαν.
508 808 626 847 εὈττου
648 809 709 860 μὲν
729 809 796 863 γὰρ
815 810 947 855 ἄνεσις,
967 810 1003 846 οὗ
1019 808 1106 846 ποίν-

463 869 490 883 ’Νἱ
515 869 566 883 'Nl’-
664 870 672 882 l

86 882 153 910 τως
167 867 226 905 καὶ
244 868 323 911 δόξα
335 884 342 891 ·
359 868 442 906 ὅπου
460 885 494 907 οε
512 885 607 916 οοςα,
623 885 761 912 παντως
778 870 837 907 καὶ
853 870 978 911 ἄνεσις.
996 863 1104 915 Εἶτα,

86 928 204 974 ἐπειδὴ
232 928 424 978 μέλλουσαν
447 930 551 975 αὐτὴν
585 925 681 977 εἷπε,
703 929 871 967 δείκνυσιν
900 929 1006 975 αὐτὴν
1037 929 1103 976 ἥεῗη

87 981 201 1025 οῦσαν.
227 990 279 1026 Οὐ
303 989 368 1039 γὰρ
389 983 487 1037 εἷπε,
513 989 597 1042 πρὸς
630 989 692 1035 τὴν
723 989 916 1040 μέλλουσαν
948 989 1104 1034 ἔσεσθαι,

86 1048 196 1092 ἀλλὰ,
221 1049 314 1098 Πρὸς
338 1048 400 1095 τὴν
425 1048 618 1098 μέλλουσαν
649 1051 951 1101 ἀποκαλυφθῆναι,
979 1053 1025 1093 ὡς
1045 1049 1104 1088 καὶ

84 1112 140 1144 νῦν
160 1101 263 1145 οῦσαν
282 1109 359 1158 μὲν,
381 1109 621 1160 κρυπτομένην
651 1110 703 1148 δέ·
740 1109 826 1163 ὅπερ
858 1111 917 1148 καὶ
951 1112 1105 1163 ἀλλαχοῦ

85 1166 291 1219 σαφέστερον
312 1168 439 1220 ἔλεγεν,
459 1169 511 1206 ὅτι
530 1169 575 1207 ἹΙ
604 1169 673 1216 ζωὴ
703 1173 803 1220 ἡμῶν
826 1170 1019 1222 κέκρυπται
1045 1171 1105 1208 σὺν

84 1231 133 1280 τῷ
152 1229 294 1281 Χριστῷ
312 1231 346 1267 ἐν
365 1233 414 1281 τῷ
442 1232 534 1282 Θεῷ.
569 1231 702 1282 Θάρρει
721 1231 832 1269 τοίνυν
865 1231 950 1283 ὑπὲρ
982 1234 1105 1279 αὐτῆς·

83 1290 362 1342 παρεσκεύασται
382 1292 448 1344 γὰρ
464 1291 530 1337 ἤδη
547 1291 623 1335 τοὺς
641 1292 718 1335 σοὺς
735 1292 954 1344 ἀναμένουσα
970 1294 1106 1337 πόνους.

84 1352 129 1388 Εἰ
157 1351 193 1388 δὲ
212 1351 251 1390 τὸ
272 1351 409 1401 μέλλειν
429 1368 468 1390 σε
487 1355 607 1398 λυπεῖ,
631 1354 714 1391 αὐτὸ
738 1354 799 1403 μὲν
819 1347 877 1392 οῦν
894 1355 1106 1406 εὐφραινέτω)

85 1427 123 1449 σε
141 1415 259 1449 τοῦτο·
279 1415 327 1463 τῷ
349 1412 416 1464 γὰρ
433 1413 566 1463 μεγάλη
582 1430 632 1456 τις
649 1408 736 1451 εἶναι
756 1414 814 1451 καὶ
834 1415 1008 1467 ἄφραστος
1022 1444 1031 1461 ,
1047 1415 1106 1453 καὶ

83 1472 146 1520 τὴν
166 1478 343 1526 παροῦσαν
360 1475 579 1526 ὑπερὸαίνειν
597 1475 823 1523 κατάστασιν,
837 1478 907 1514 ἐκεῖ
925 1477 1108 1525 τεταμίευ-

84 1551 152 1572 ται.
174 1536 264 1574 Οὐδὲ
290 1535 356 1585 γὰρ
373 1537 491 1579 ἁπλῶς
510 1536 659 1584 τέθεικε,
676 1536 733 1574 Τὰ
752 1537 947 1587 παθήματα
968 1543 1027 1575 τοῦ
1045 1542 1103 1575 νῦν

84 1600 225 1647 καιροῦ,
246 1599 321 1635 ἀλλ’
337 1596 393 1634 ἵνα
412 1596 502 1648 δείξῃ
521 1597 598 1648 οὐχὶ
621 1597 778 1644 ποιότητι
801 1598 916 1648 μόνον,
937 1599 1026 1637 ἀλλὰ
1047 1600 1106 1637 καὶ

84 1657 252 1703 ποσότητι
268 1661 416 1696 νικῶσαν
438 1657 587 1704 ἐκείνην.
607 1660 729 1696 Ταῦτα
749 1658 809 1708 μὲν
826 1658 892 1710 γὰρ
907 1654 960 1697 οἶα
983 1659 1022 1698 ἂν
1053 1660 1104 1707 εἴη

84 1720 127 1758 τὰ
147 1721 339 1770 παθήματα
351 1750 360 1766 ,
382 1723 430 1772 τῷ
449 1721 592 1771 παρόντι
608 1721 892 1772 συγκεκλήρωται
912 1723 995 1774 βίῳ·
1011 1723 1054 1761 τὰ
1071 1723 1106 1762 δὲ

85 1781 254 1830 μέλλοντα
276 1780 389 1832 ἀγαθὰ
421 1781 506 1832 πρὸς
535 1781 613 1824 τοὺς
636 1781 824 1825 ἀθανάτους
843 1783 1106 1834 παρεκτείνεται

85 1844 221 1885 αἰῶνας.
244 1841 353 1895 Ἅπερ
372 1842 490 1888 ἐπειδὴ
509 1841 599 1880 κατὰ
620 1842 722 1894 μέρος
739 1845 823 1892 ἡμῖν
844 1845 952 1881 εἰπεῖν
971 1847 1031 1883 οὒκ
1055 1839 1104 1882 εἷ’-

82 1918 143 1955 χεν
164 1903 239 1942 οὐῖὲ
272 1907 498 1955 παραστῆσαι
518 1904 628 1955 λόγῳ,
663 1904 731 1941 ἀπὸ
765 1908 824 1942 τοῦ
860 1905 1012 1955 μάλιστα
1048 1907 1106 1945 δο-

984 1966 1035 1980 &fr

83 1969 223 2009 κοῦντος
259 1969 345 2003 εἶναι
388 1967 470 2016 παρ’
509 1968 592 2014 ἡμῖν
632 1964 846 2011 ἐπεςάστου,
878 1969 939 2011 τῆς
980 1982 1102 2016 οοςης,

85 2026 172 2065 αὐτὰ
191 2026 391 2076 ὠνόμασεν·
411 2030 433 2072 ἦ
463 2025 530 2077 γὰρ
563 2025 695 2076 κορυφὴ
717 2028 784 2062 τῶν
814 2027 950 2076 ἀγαθῶν
979 2028 1037 2065 καὶ
1068 2028 1107 2066 τὸ

84 2088 290 2139 κεφάλαιον,
321 2091 421 2125 τοῦτο
455 2081 542 2124 εἶναι
568 2088 671 2125 δοκεῖ.
695 2087 874 2138 Ἔπαίρων
891 2087 926 2125 δὲ
948 2088 1007 2125 καὶ
1040 2089 1108 2127 ἑτέ-

86 2165 152 2200 ρως
167 2148 223 2185 τὸν
245 2146 434 2199 ἀκροατὴν,
464 2146 523 2184 καὶ
548 2147 616 2185 ἀπὸ
634 2149 696 2192 τῆς
729 2146 873 2190 κτίσεως
899 2147 1037 2199 ἕξογκοῖ
1050 2150 1107 2188 τὸν

83 2210 199 2260 λόγον,
225 2208 283 2247 δύο
304 2207 574 2252 κατασκευάζων
596 2207 652 2245 διὰ
674 2211 744 2245 τῶν
759 2208 991 2259 λεχθήσεσῡαι
1018 2212 1106 2260 μελ-

83 2270 227 2319 λόντων,
249 2269 308 2307 καὶ
339 2269 530 2320 ὑπεροψίαν
566 2272 633 2306 τῶν
667 2268 866 2320 παρόντων,
889 2269 949 2307 καὶ
984 2272 1107 2308 ἐπιθυ-

84 2330 166 2382 μίαν
186 2334 254 2368 τῶν
276 2329 470 2381 μελλόντων
483 2345 491 2352 ·
523 2329 582 2367 καὶ
601 2327 714 2380 τρίτον
741 2329 829 2378 μετὰ
848 2330 976 2368 τούτων
988 2362 998 2379 ,
1017 2333 1109 2381 μᾶλ-

81 2394 139 2431 λον
158 2391 193 2430 δὲ
226 2395 383 2444 πρῶτον,
411 2390 450 2428 τὸ
477 2390 582 2434 δεῖξαι
619 2393 693 2432 πῶς
729 2390 1027 2443 περισπούδαστον
1057 2394 1107 2444 τῷ
1126 2412 1151 2441 D

83 2454 165 2505 Θεῷ
188 2454 226 2492 τὸ
244 2456 311 2491 τῶν
328 2451 517 2504 ἀνθρώπων
536 2450 632 2502 γένος
650 2450 740 2497 ἐστὶ,
758 2451 817 2488 καὶ
834 2453 866 2489 ἐν
883 2451 946 2502 ὅσῃ
967 2451 1030 2499 τὴν
1045 2453 1107 2503 φύ-

84 2531 136 2554 σιν
157 2514 220 2561 τὴν
240 2513 414 2566 ἡμετέραν
436 2512 514 2563 ἄγει
531 2514 630 2562 τιμῇ.
652 2509 754 2548 Μετὰ
771 2511 806 2548 δὲ
826 2511 956 2549 τούτων
983 2513 1041 2550 καὶ
1063 2512 1107 2550 τὰ

89 2579 156 2614 τῶν
181 2572 530 2626 φιλοσόφωνῖἅπαντα
558 2571 714 2622 δόγματα
733 2570 776 2607 τὰ
799 2571 878 2622 περὶ
897 2575 958 2608 τοῦ
973 2571 1105 2621 κόσμου

83 2638 202 2676 τούτου
227 2633 427 2674 συντεθέντα
457 2633 590 2679 αὐτοῖς,
609 2630 727 2682 ὥσπερ
764 2632 920 2682 ἀράχνην
939 2631 1017 2668 τινὰ
1045 2632 1104 2669 καὶ

82 2700 215 2738 παίδων
231 2696 434 2748 ἀθύρματα,
455 2692 502 2730 ἑνὶ
521 2691 630 2744 τούτῳ
650 2691 864 2728 καταὸάλλει
876 2693 926 2742 τῷ
943 2691 1102 2742 δόγματι.

82 2762 172 2800 Ἀλλ’
190 2758 245 2797 ἵνα
267 2756 463 2808 σαφέστερα
484 2757 594 2790 ταῦτα
615 2752 776 2803 γένηται,
799 2753 906 2798 αὐτ-ἧς
926 2756 987 2799 τῆς
1011 2756 1103 2791 ἀπο-

83 2822 244 2865 στολικῆς
261 2816 510 2865 ἐπακούσωμεν
532 2813 673 2866 ρήσεως.
689 2811 732 2849 Ἥ
752 2811 820 2863 γὰρ
843 2813 1104 2864 ἀποκαραδοκία

81 2886 144 2929 τ’ἦς
166 2881 329 2926 κτίσεως,
355 2876 461 2929 φησὶ,
493 2875 556 2920 τὴν
585 2873 802 2924 ἀποκάλυψιν
831 2874 899 2909 τῶν
930 2875 1012 2910 υἱῶν
1044 2877 1102 2912 τοῦ

81 2946 173 2983 Θεοῦ
194 2938 437 2990 ἀπεκδέχεται.
458 2938 514 2988 Τῇ
537 2934 604 2987 γὰρ
631 2933 839 2985 ματαιότητι
854 2938 875 2981 ἦ
893 2934 1003 2977 κτίσις
1022 2938 1105 2973 ὑπε-

81 3005 170 3056 τάγη
184 3035 193 3052 ‚
220 3006 285 3054 οὐχ
301 3004 446 3045 ἑκοῦσα,
464 2997 553 3036 ἀλλὰ
574 2996 630 3035 διὰ
650 2996 708 3034 τὸν
725 2995 944 3039 ὑποτάξαντα
964 2998 1018 3034 ἐπ’
1044 2998 1103 3034 ἐλ-

1175 455 1358 485 (eternum
1381 450 1515 500 gloriae
1541 451 1692 501 pondus
1725 459 1914 501 operatur.
1938 450 2010 488 Eos
2040 452 2155 502 enim,

1176 508 1237 557 qui
1257 509 1293 545 in
1312 510 1538 562 philosophia
1556 511 1787 562 praecellunt,
1810 512 2077 563 alloquebatur:
2097 515 2157 553 hic

1177 580 1247 604 non
1267 568 1359 607 levia
1387 570 1449 607 illa
1474 571 1607 622 patitur
1632 584 1727 618 esse3
1747 572 2020 610 consolationem
2039 584 2157 613 autem

1174 628 1276 665 affert
1292 643 1354 680 per
1372 630 1530 668 futuram
1550 631 1831 680 retributionem,
1848 632 1986 671 dicens:
2011 636 2156 673 Existi-

1176 703 1237 726 mo
1256 693 1377 736 enim,
1401 694 1505 743 quod
1527 706 1602 730 non
1621 700 1711 730 sunt
1739 695 1939 745 condignae
1955 700 2155 746 passiones

1175 749 1287 800 hujus
1307 755 1499 800 temporis.
1522 752 1595 789 Nec
1609 750 1716 796 dixit,
1733 751 1792 788 Ad
1810 753 1966 791 futuram
1984 755 2153 805 quietem,

1174 808 1234 845 sed
1246 809 1337 859 quod
1354 810 1457 861 longe
1471 811 1585 862 majus
1605 820 1690 859 erat,
1709 814 1773 848 Ad
1778 813 1959 862 futuram
1970 815 2152 865 gloriam.

1175 870 1248 907 Ubi
1263 871 1356 908 enim
1373 871 1472 920 quies
1491 880 1552 919 est,
1565 885 1633 908 non
1653 871 1795 909 omnino
1811 873 1943 923 gloria3
1958 875 2019 911 ubi
2032 876 2156 926 gloria,

1172 929 1224 966 ibi
1238 938 1330 966 certe
1349 930 1459 979 quies.
1480 930 1618 967 Deinde
1632 931 1715 980 quia
1734 931 1891 969 futuram
1917 931 2014 971 illam
2037 935 2154 986 dixit,

1174 989 1325 1026 ostendit
1344 989 1443 1026 illam
1460 991 1536 1041 jam
1555 1004 1650 1027 esse:
1671 1004 1741 1028 non
1759 991 1853 1028 enim
1873 992 1984 1041 dixit,
2005 994 2060 1031 Ad
2079 1010 2157 1033 eam

1173 1065 1250 1101 quae
1264 1051 1384 1088 futura
1397 1060 1461 1101 est,
1477 1051 1551 1099 sed,
1567 1051 1620 1088 Ad
1634 1052 1791 1090 futuram
1805 1067 1881 1103 quae
1896 1054 2083 1092 revelanda
2093 1066 2156 1106 est,

1172 1120 1294 1163 utpote
1313 1127 1389 1163 quae
1408 1126 1501 1150 nunc
1518 1112 1661 1162 quidem
1680 1113 1738 1162 sit,
1756 1113 1818 1151 sed
1836 1115 1994 1153 occulta:
2011 1117 2106 1166 quod
2125 1126 2158 1154 et

1172 1172 1259 1209 alibi
1279 1172 1409 1210 clarius
1423 1172 1561 1210 dicebat
1579 1189 1585 1209 :
1606 1175 1695 1211 Vita
1713 1183 1845 1212 nostra
1859 1177 2089 1214 abscondita
2102 1186 2156 1215 est
2172 1190 2236 1220 Col.
2255 1192 2284 1221 3.
2302 1194 2333 1223 3.

1174 1246 1262 1270 cum
1282 1234 1436 1271 Christo
1457 1236 1498 1270 in
1517 1235 1612 1271 Deo.
1634 1236 1686 1272 De
1701 1235 1762 1272 illa
1781 1235 1890 1286 igitur
1907 1237 2044 1274 confide
2060 1239 2156 1290 :jam

1174 1295 1268 1332 enim
1284 1304 1407 1346 parata
1427 1305 1492 1345 est,
1508 1305 1588 1333 tuos
1607 1305 1812 1347 exspectans
1832 1297 1980 1335 labores.
2005 1299 2112 1345 Quod
2128 1300 2158 1339 si

1173 1354 1218 1392 de
1242 1369 1340 1393 mora
1364 1355 1461 1393 dolet
1491 1356 1577 1405 tibi,
1601 1356 1668 1393 1100
1692 1357 1810 1408 ipsum
1838 1367 1872 1395 te
1885 1356 2053 1396 delectet:
2076 1375 2158 1399 nam

1175 1416 1270 1467 quod
1285 1431 1413 1468 magna
1434 1416 1480 1454 sit
1497 1426 1530 1454 et
1557 1417 1762 1467 ineffabilis⁷
1786 1427 1819 1455 et
1839 1418 1932 1468 quod
1952 1431 2159 1471 praesentem

1175 1486 1305 1514 statum
1323 1477 1426 1529 longe
1442 1487 1594 1529 superet,
1610 1477 1685 1515 illic
1703 1478 1884 1516 recondita
1901 1489 2071 1518 servatur.
2082 1483 2158 1519 Ne-

1174 1552 1241 1589 que
1252 1538 1345 1575 enim
1361 1538 1434 1575 sine
1448 1553 1552 1576 eausa
1566 1539 1699 1590 posuit,
1716 1541 1924 1578 Passiones
1935 1542 2049 1593 liujus
2067 1551 2159 1582 tem-

1172 1605 1275 1652 poris
1292 1618 1306 1646 ‚·
1322 1601 1382 1639 sed
1401 1610 1441 1638 ut
1460 1601 1618 1638 ostendat
1639 1601 1738 1638 illam
1754 1616 1823 1639 non
1845 1603 2014 1652 qualitate
2032 1605 2159 1653 solum,

1173 1661 1235 1699 sed
1250 1661 1356 1698 etiam
1366 1660 1561 1712 quantitate
1575 1675 1753 1713 superare.
1770 1662 1953 1700 Passiones
1969 1664 2063 1701 enim
2076 1665 2158 1713 illae,

1174 1722 1447 1772 qualescumque
1461 1721 1544 1770 sint,
1559 1721 1631 1759 vita
1654 1721 1816 1772 praesenti
1832 1723 2066 1762 terminantur
2075 1741 2086 1774 3
2101 1726 2159 1763 fu-

1172 1791 1251 1820 tura
1264 1791 1382 1819 autem
1401 1782 1491 1819 bona
1514 1781 1559 1818 ad
1579 1781 1793 1818 immortalia
1810 1783 1937 1820 saecula
1957 1784 2156 1823 extendun-

1172 1851 1230 1880 tur
1247 1859 1254 1879 :
1274 1858 1351 1894 quae
1371 1843 1452 1893 quia
1469 1842 1652 1894 sigillatim
1668 1842 1786 1879 dicere
1804 1856 1873 1880 non
1890 1844 2021 1895 potuit,
2044 1860 2157 1896 neque

1173 1919 1331 1943 sermone
1352 1904 1543 1956 explicare,
1556 1903 1601 1940 ab
1621 1917 1660 1941 eo
1680 1902 1776 1953 quod
1791 1903 1888 1955 apud
1900 1918 1962 1942 nos
1980 1905 2158 1945 desidera-

1171 1967 1280 2005 bilius
1310 1966 1475 2016 videtur,
1499 1979 1624 2017 nempe
1649 1980 1670 2002 a
1698 1965 1825 2017 gloria,
1856 1966 1932 2018 ipsa
1957 1966 2154 2006 indicavit:

1172 2029 1310 2066 culmen
1322 2040 1473 2077 namque
1487 2035 1520 2063 et
1535 2035 1641 2077 caput
1648 2026 1824 2063 bonorum
1836 2027 1904 2064 hoc
1914 2027 2056 2065 videtur
2067 2043 2156 2068 esse.

1173 2090 1255 2128 Alio
1269 2090 1353 2127 item
1367 2087 1472 2126 modo
1486 2087 1684 2124 auditorem
1698 2087 1846 2138 erigens,
1859 2088 1904 2125 ab
1924 2088 1999 2140 ipsa
2013 2090 2158 2128 creatio-

1172 2166 1215 2189 ne
1242 2164 1438 2189 sermonem
1462 2148 1617 2197 attollit,
1643 2147 1715 2185 (1110
1742 2162 1917 2200 apparans
1935 2163 2005 2200 per
2023 2164 2061 2187 ea
2079 2165 2158 2200 quae

1172 2211 1322 2249 dicenda
1330 2219 1424 2258 sunt,
1444 2218 1477 2246 et
1495 2217 1713 2246 contemtum
1725 2209 1964 2259 praesentium,
1973 2217 2006 2247 et
2015 2210 2156 2249 deside-

1173 2273 1268 2310 rium
1284 2272 1488 2308 futurorum
1505 2284 1514 2305 :
1534 2283 1574 2306 ac
1593 2283 1673 2306 cum
1689 2268 1744 2305 his
1753 2269 2018 2320 tertium‚quod
2039 2271 2158 2326 potius

1173 2334 1331 2385 primum
1355 2332 1462 2368 suerit
1476 2345 1486 2379 3
1505 2338 1545 2366 ut
1564 2328 1724 2367 ostendat
1738 2338 1907 2388 quantam
1922 2344 2044 2368 curam
2062 2332 2158 2369 Deus

1173 2404 1269 2447 gerat
1285 2393 1422 2446 generis
1431 2390 1592 2438 humani,
1603 2399 1637 2427 et
1653 2390 1688 2427 in
1709 2400 1841 2441 quanto
1849 2391 1981 2428 honore
1994 2400 2158 2431 naturam

1172 2466 1328 2495 nostram
1345 2455 1487 2492 habeat.
1513 2453 1596 2490 Post
1614 2451 1708 2500 haec,
1733 2452 1900 2503 dogmata
1920 2452 2156 2505 philosopho-

1170 2533 1252 2556 rum
1267 2517 1386 2555 omnia
1400 2515 1444 2552 de
1461 2514 1530 2551 hoc
1540 2512 1674 2550 mundo
1689 2512 1795 2562 edita,
1817 2523 2000 2564 tamquam
2021 2529 2156 2553 araneae

1172 2581 1278 2618 telam
1294 2589 1327 2617 et
1339 2590 1529 2630 puerorum
1540 2575 1656 2620 ludos,
1669 2574 1738 2612 1100
1753 2589 1822 2612 uno
1839 2575 2005 2626 dogmate
2022 2576 2154 2628 dejicit.

1171 2641 1241 2679 Sed
1255 2649 1295 2677 ut
1305 2639 1453 2676 clariora
1462 2637 1523 2673 illa
1535 2635 1616 2682 sint,
1629 2634 1703 2685 ipsa
1716 2631 1909 2686 apostolica
1920 2635 2014 2673 dicta
2029 2637 2170 2674 antlia--

1170 2716 1260 2738 mus.
1282 2701 1345 2737 49.
1367 2700 1471 2736 Nam
1485 2698 1714 2746 eoespectatio
1732 2704 1931 2741 creaturae,
1945 2696 2073 2745 inquit,
2094 2711 2155 2734 re-

1173 2762 1403 2800 velationem
1415 2758 1588 2809 filiorum
1602 2755 1678 2791 Dei
1685 2763 1892 2805 exspectat.
1901 2756 1962 2792 020.
1979 2757 2155 2794 Vanitati

1171 2824 1272 2859 enim
1281 2826 1462 2858 creatura
1477 2818 1647 2867 subjecta
1657 2822 1724 2861 est,
1738 2827 1815 2851 non
1827 2815 1976 2863 volens,
1995 2817 2063 2853 sed
2068 2831 2154 2867 pro-

1169 2891 1255 2934 pter
1272 2894 1358 2918 eum
1372 2880 1438 2930 qui
1451 2878 1610 2928 subjecit
1631 2889 1718 2912 eam
1740 2877 1781 2911 in
1802 2887 1895 2926 ηπ,-
1915 2874 1952 2912 id
1973 2885 2047 2925 est,
2070 2877 2155 2915 Haec

1174 2951 1335 2980 creatura
1361 2937 1555 2977 admodum
1572 2935 1668 2973 dolet
1680 2964 1690 2983 ,
1709 2935 1786 2973 haec
1804 2945 2008 2986 exspectans
2032 2937 2124 2974 bona
2141 2967 2154 2987 ,

1176 3017 1253 3054 quae
1261 3015 1355 3040 nunc
1362 3000 1520 3038 diximus
1530 3013 1536 3034 :
1550 3011 1630 3034 nam
1640 2995 1899 3047 ἀποκαραδοκία
1906 3005 1957 3033 est
1969 2997 2158 3035 vehemens

81 3065 167 3104 πίδι.
185 3064 263 3102 a⁰0
296 3062 331 3100 δὲ
352 3060 468 3111 λέγει,
498 3056 649 3096 τοιοῦτόν
678 3059 770 3095 ἐστιν
786 3071 793 3079 ·
821 3060 842 3103 ἡ
872 3056 983 3099 κτίσις
1015 3056 1100 3104 αὕτη
1126 3073 1150 3103 Ε
1176 3062 1403 3115 exspectatio.
1418 3061 1543 3110 Itaque
1564 3057 1623 3094 hic
1642 3070 1724 3093 cum
1745 3055 1904 3107 emphasi
1929 3056 2105 3106 loquitur,
2121 3067 2156 3097 et

82 3126 214 3178 σφόδρα
226 3123 340 3162 ὠδίνει
351 3152 360 3170 ,
377 3125 486 3158 ταῦτα
504 3117 723 3169 ἀναμένουσα
738 3117 797 3154 καὶ
811 3118 1040 3169 προσδοκῶσα
1058 3117 1102 3156 τὰ

83 3192 211 3243 ἀγαθὰ,
236 3191 324 3240 ἅπερ
356 3186 545 3239 εἰρήκαμεν
576 3187 631 3222 νῦν
645 3199 652 3208 ·
688 3183 950 3237 ἀποκαραδοκία
980 3182 1047 3235 γὰρ
1079 3187 1099 3230 ἡ

84 3257 216 3311 σφοδρὰ
250 3253 441 3308 προσδοκία
476 3251 580 3290 ἐστίν.
605 3251 716 3290 εΏστε
739 3249 773 3288 δὲ
802 3249 1099 3303 ἐμφαντικώτερον

129 3407 141 3421 ³
165 3395 278 3427 Morel-
299 3398 312 3427 ἒ
330 3400 385 3436 γὰρ
405 3398 491 3436 λέγει.

1176 3125 1352 3163 mundum
1376 3131 1491 3160 totum
1517 3120 1552 3157 in
1576 3131 1761 3170 personam
1790 3117 1983 3155 convertit:
2002 3117 2098 3168 quod
2122 3127 2155 3156 et

1174 3185 1353 3238 prophetae
1372 3182 1526 3229 faciunt,
1544 3178 1672 3217 fluvios
1692 3176 1855 3214 manibus
1876 3175 2082 3228 plaudentes
2100 3178 2155 3215 in-

1173 3248 1322 3286 ducunt.
1350 3254 1383 3283 ct
1408 3243 1513 3282 colles
1529 3240 1691 3280 salientes
1704 3246 1908 3287 montesque
1925 3238 2155 3289 exsultante55
