2502 3810
754 223 797 252 ιΝ
834 221 975 251 EPIST·
1018 220 1075 249 AD
1111 218 1219 249 Rom.
1259 218 1414 249 nomn„
1453 219 1531 250 xv.
2102 204 2185 250 661

109 307 316 355 ἐδικαίωσε,
349 308 382 345 τί
409 307 528 346 λοιπὸν
552 307 729 356 δέδοικας,
763 310 796 345 τί
819 308 854 347 δὲ
879 307 1039 360 τρέμεις,
1069 322 1130 344 το·
1203 304 1743 357 ditsupernamprovidentiam,
1774 318 1856 343 cum
1875 304 2006 344 fiducia
2025 304 2192 359 deinceps

110 368 238 414 σαύτης
265 368 447 406 ἀπολαύων
475 367 633 419 ἀγάπης,
672 368 732 406 καὶ
766 367 937 415 τοσαύτης
974 368 1131 416 κηδεμο-
1204 367 1385 417 sequentia
1405 367 1601 419 subjungit,
1622 381 1685 405 nec
1713 366 1814 415 dicit,
1832 366 1975 405 Delictis
1994 375 2028 404 et
2053 381 2117 407 vos
2139 369 2188 406 ita

109 429 203 474 νίας,
229 428 296 466 Διὰ
326 429 366 475 δὴ
390 434 508 477 τοῦτο,
530 428 639 472 δείξας
663 428 795 475 πολλὴν
815 429 876 475 τὴν
898 428 1025 466 ἄνωθεν
1045 427 1131 479 πρό-
1204 427 1307 464 illum
1338 441 1473 477 amare,
1502 427 1562 465 sed
1582 427 1682 478 quasi
1711 427 1851 465 afflatus
1870 427 1915 464 ab
1935 427 2108 465 ineffabili
2125 429 2187 466 illa

109 503 215 535 νοιαν,
233 488 320 538 μετὰ
344 489 540 541 παρρησίας
559 488 678 527 λοιπὸν
696 489 817 540 ἐπάγει
836 488 880 527 τὰ
902 488 994 535 ἑξῆς,
1017 487 1076 524 καὶ
1093 489 1130 526 οὐ
1203 487 1427 539 providentia
1449 487 1535 525 dicit
1555 504 1563 524 ι
1582 488 1646 525 55.
1668 489 1760 538 Quis
1778 501 1846 525 nos
1861 490 2057 539 separabit
2072 502 2096 525 a
2116 503 2189 527 ca·-

109 547 221 598 λέγει,
251 547 303 586 ὅτι
324 549 477 600 ὀφείλετε
504 550 562 587 καὶ
590 552 688 599 ὑμεῖς
708 549 815 592 οὕτως
845 549 944 587 αὐτὸν
966 550 1104 599 ἀγαπᾷν
1120 577 1130 595 ,
1203 552 1320 588 ritate
1337 551 1483 588 Christi
1491 554 1507 587 Ρ
1522 551 1595 588 Nec
1613 550 1729 600 dixit,
1745 550 1812 588 Dei
1820 566 1830 599 3
1849 549 1897 588 ita
1914 550 1967 587 illi
1982 549 2186 588 indifferens

110 609 208 656 ἀλλ’,
246 608 364 662 ὥσπερ
404 610 518 653 ἔνθους
558 610 738 682 γενόμενος
771 609 862 648 ι’ὑπὸ
897 613 960 656 τῆς
996 608 1128 660 ἀφάτου
1201 620 1253 648 est
1267 620 1300 648 et
1323 611 1504 648 Christum
1531 620 1564 648 et
1580 612 1699 648 Deum
1726 611 1930 649 nominare:
1952 613 1985 649 T
1983 612 2182 658 νίὒιιῖατὶο,

110 667 238 715 ταύτης
269 670 450 722 προνοίας,
483 670 587 721 φησί·
605 670 670 712 Τίς
690 674 784 720 ἡμας
806 669 948 721 χωρίζει
969 669 1037 707 ἀπὸ
1069 684 1130 715 της
1201 685 1254 708 an
1283 674 1478 723 angustia,
1508 685 1561 708 an
1581 675 1842 723 persequutio,
1879 687 1931 710 an
1953 674 2094 724 sames,
2133 688 2187 711 an

106 728 247 780 ἀγάπης
265 735 326 769 τοῦ
341 731 513 781 Χριστοῦ,
535 730 605 768 lm}
627 733 687 768 οὐκ
709 735 800 778 εἰπε,
816 734 875 768 τοῦ
893 731 1004 768 Θεου·
1022 729 1128 771 οὕτως
1153 725 1176 755 C
1201 733 1371 777 nuditas,
1389 746 1442 768 an
1453 732 1681 782 periculum,
1705 747 1759 769 αη
1776 733 1959 784 gladius?
1975 733 2070 772 Vide
2093 734 2188 772 beati

109 790 292 842 ἀδιάφορον
325 792 439 843 αὗτω,
470 791 529 828 καὶ
559 791 708 843 Χριστὸν
736 790 795 828 καὶ
823 789 913 829 Θεὸν
934 789 1125 840 ὀνομάζειν.
1200 791 1302 829 Pauli
1323 791 1551 842 prudentiam
1569 808 1576 828 :
1593 806 1662 829 non
1678 792 1876 842 dixithaec,
1893 793 1929 830 in
1950 793 2080 843 quibus
2095 809 2186 845 quo-

107 850 282 926 &ulfi
263 867 284 896 η
297 851 523 903 στενοχωρία,
539 850 560 897 ἢ
576 851 738 901 σιωγυιὸς,
748 849 922 900 ἢλιαὸς,”’“
903 867 926 895 η
942 848 1127 900 γυμνότης,
1199 853 1287 892 tidie
1303 853 1478 904 capimur,
1499 853 1730 904 pecuniarum
1748 867 1916 903 amorem,
1934 855 2055 906 gloriae
2082 856 2187 908 cupi-

107 910 330 959 ἢκίνδυνος,ἢ
345 913 516 963 idyottng
527 911 624 962 Ὀρα
634 926 693 947 του
709 909 881 961 μακαρίου
895 908 1125 947 Παύλουσύν-
1200 913 1360 962 ditatem,
1380 913 1441 949 irae
1467 913 1712 964 tyrannidem,
1742 913 1803 951 sed
1819 928 1858 952 ea
1888 915 2003 965 ponit,
2031 930 2108 966 quae
2130 917 2187 954 his

107 987 191 1009 εσιν.
213 975 265 1010 Οὐ
285 973 387 1024 γαρ
372 976 446 1010 εἷπε
469 975 579 1009 ταυτα
597 975 646 1013 οἷς
667 969 868 1020 καθηυέραν
890 968 1126 1019 ἇλῑσκόμεθα,
1201 972 1305 1023 longe
1340 981 1421 1009 sunt
1445 972 1670 1021 immaniora,
1704 982 1737 1009 ct
1755 987 1832 1022 quae
1852 974 1922 1024 ipsi
1943 985 2076 1013 naturae
2111 977 2188 1015 vim

105 1031 296 1083 χρημάτων
313 1031 495 1085 ἔρωτα-και
509 1031 606 1078 δόξης
620 1028 992 1081 ἐπιθυμίανκαὶόργης
1005 1043 1126 1079 τυραν-
1201 1032 1349 1081 faciant,
1373 1041 1406 1070 et
1428 1046 1518 1084 saepe
1537 1032 1638 1070 nobis
1665 1033 1802 1082 invitis,
1832 1034 1959 1071 mentis
1984 1036 2187 1074 firmitatem

111 1094 202 1141 νίδα,
217 1094 307 1131 ἀλλὰ
327 1093 481 1144 ἃπολλῷ
504 1092 630 1130 τούτων
649 1090 722 1129 ἐστὶ
743 1089 1021 1143 τυραννικώτερα
1033 1118 1045 1138 ,
1067 1089 1126 1127 καὶ
1201 1093 1378 1142 quatiant,
1400 1092 1646 1131 tribulationes
1680 1107 1806 1145 nempe
1833 1103 1866 1131 ct
1895 1095 2074 1145 angustias
2093 1111 2100 1131 ε
2122 1097 2186 1133 etsi

103 1153 166 1200 τὴν
187 1153 286 1205 φύσιν
309 1153 416 1200 αὐτὴν
437 1152 539 1191 ἱκανὰ
557 1151 766 1203 βιάσασθαι,
783 1149 842 1187 καὶ
859 1149 1008 1191 διανοίας
1029 1151 1127 1200 στεῤ-
1202 1156 1297 1193 enim
1314 1170 1392 1207 quae
1411 1155 1506 1193 dieta
1527 1165 1607 1194 sunt
1628 1156 1732 1194 facile
1745 1166 2009 1207 enumerentur,
2035 1159 2093 1196 sed
2117 1159 2190 1196 sin-

106 1214 234 1267 ῥότητα
271 1215 532 1265 ἀναμοχλεῧσαι
549 1211 718 1253 πολλάκις
747 1209 805 1248 καὶ
837 1209 990 1248 ἀκόντων
1012 1211 1125 1260 ἡμῶν,
1202 1218 1295 1269 gulae
1315 1217 1486 1255 dictiones
1505 1218 1604 1255 mille
1633 1218 1765 1256 habent
1780 1219 2014 1257 tentationum
2034 1220 2187 1271 agmina.

103 1279 212 1313 ταῦτα
229 1274 363 1321 τίθησι,
395 1274 525 1325 &Misy-4
547 1272 606 1310 καὶ
637 1270 881 1323 στενοχωρίας·
906 1272 952 1309 Εἴ
981 1269 1047 1323 γὰρ
1067 1270 1126 1308 καὶ
1202 1279 1293 1316 Cum
1314 1278 1409 1316 enim
1444 1278 1711 1317 tribulationem
1731 1280 1876 1331 profert,
1909 1293 2062 1317 carceres
2083 1280 2185 1327 dicit,

105 1335 319 1386 Ξῦοῑρίθμηῖα
337 1333 380 1372 τὰ
398 1333 586 1387 Εἷρημένοῑ,
615 1332 705 1371 ἀλλὰ
733 1330 875 1383 μυρίους
903 1331 976 1382 ἔχει
999 1347 1126 1383 'stapa-
1199 1341 1359 1391 vincula,
1381 1341 1644 1394 sycophantias,
1660 1343 1800 1391 exsilia,
1817 1343 1976 1393 aliasque
1990 1357 2111 1381 omnes
2133 1358 2189 1381 ca—

105 1400 202 1446 σμῶν
223 1395 393 1447 ὁρμαθοὺς
413 1395 544 1440 ἑκάστη
564 1393 664 1437 λέξις·
681 1393 792 1431 ‘'va
812 1391 880 1445 γὰρ
901 1391 980 1444 εἴπῃ
998 1393 1125 1444 Oltam,
1150 1396 1175 1425 D
1198 1402 1387 1451 lamitates,
1418 1416 1489 1440 uno
1517 1403 1627 1442 verbo
1658 1404 1806 1455 pelagus
1839 1404 2083 1456 periculorum
2108 1419 2187 1457 per-

104 1456 163 1494 καὶ
187 1456 409 1506 δεσμωτήρια
427 1455 546 1505 12λὲΥΞῑ
576 1454 636 1492 καὶ
668 1453 778 1504 δῑομὰ
808 1453 870 1490 καὶ
899 1452 1125 1504 συκοφαντίας
1198 1477 1340 1513 agrans,
1365 1471 1399 1500 et
1418 1463 1537 1500 omnia
1556 1463 1591 1500 in
1607 1464 1814 1502 hominibus
1831 1464 1953 1516 gravia
1976 1478 2047 1502 uno
2077 1465 2187 1503 verbo

104 1517 162 1554 καὶ
183 1516 313 1568 ἐξορίας
332 1515 390 1553 καὶ
417 1515 478 1558 τὰς
504 1515 610 1557 ἄλλας
629 1512 868 1564 ταλαιπωρίας
885 1512 1043 1560 ἁπάσας,
1075 1513 1125 1550 ἑνὶ
1197 1523 1392 1560 declarans.
1421 1526 1584 1561 Attamen
1603 1533 1723 1562 contra
1752 1525 1827 1562 haec
1846 1525 1965 1563 omnia
1990 1525 2109 1564 audax
2127 1525 2186 1563 in-

105 1576 236 1627 ῥῆμοῑτῑ
268 1575 418 1626 πέλαγος
454 1573 617 1612 κινδύνων
655 1573 848 1624 διατρέχων
879 1572 1033 1625 ἄπειρον,
1065 1573 1124 1610 καὶ
1197 1584 1323 1635 surgit.
1343 1583 1497 1634 Ideoque
1523 1599 1585 1636 per
1598 1584 1913 1637 interrogationem
1933 1586 2024 1624 illud
2041 1587 2187 1638 profert,

103 1637 218 1674 πάντα
245 1637 364 1678 ἁπλῶς
393 1635 437 1673 τὰ
466 1637 500 1673 ἓν
525 1634 718 1686 ἀνθρώποις
738 1632 831 1671 δεινὰ
850 1633 907 1672 διὰ
938 1640 1020 1684 μιᾶς
1039 1637 1123 1682 ἦμῖν
1197 1645 1298 1695 quasi
1316 1644 1347 1682 ei
1362 1644 1557 1682 contradici
1581 1655 1746 1695 nequeat,
1764 1646 1848 1696 quia
1873 1660 1968 1697 eum,
1986 1647 2047 1697 qui
2066 1647 2112 1684 ita
2133 1646 2190 1683 di-

103 1697 279 1748 ἐμφαίνων
306 1696 442 1740 λέξεως.
464 1695 555 1733 Ἀλλ’
584 1694 678 1746 ὅμως
706 1695 845 1733 πάντων
877 1696 990 1732 αὗτῶν
1017 1710 1123 1732 κατα·
1194 1706 1340 1757 ligatur,
1355 1715 1389 1743 et
1417 1714 1513 1744 tanta
1534 1706 1673 1744 fruatur
1702 1706 1943 1758 providentia,
1966 1707 2056 1744 nihil
2081 1721 2182 1759 sepa-

103 1760 227 1809 τολμᾷ.
249 1758 312 1795 Διὸ
330 1757 389 1794 καὶ
408 1756 498 1794 κατὰ
520 1755 689 1807 ἐρώτησιν
714 1756 796 1794 αὐτὸ
826 1755 974 1807 προάγει
993 1758 1039 1798 ὡς
1059 1758 1123 1793 ἀν-
1197 1781 1275 1805 mre
1293 1765 1435 1818 poterit,

102 1817 304 1870 αντίρῥητον
320 1816 368 1865 ὂν,
388 1816 442 1855 ὅτι
460 1817 517 1855 τὸν
535 1816 641 1858 οὕτως
661 1815 887 1867 ἀγαπηθέντα
900 1846 911 1862 ,
927 1816 985 1854 καὶ
1001 1815 1124 1854 τοσαύ-

101 1894 164 1924 της
187 1877 434 1917 ἀπολαύσαντα
461 1876 642 1928 προνοίας,
660 1876 753 1915 οὐδὲν
779 1876 871 1914 ἔστιν
891 1876 909 1915 ὃ
937 1877 1124 1922 διαστῆσαι

102 1939 301 1986 δυνήσεται.

154 1995 264 2048 Εἶτα,
294 1999 350 2037 ἵνα
382 1998 430 2049 μὴ
461 1998 538 2050 δόξῃ
561 2002 671 2036 ταῦτα
700 1997 979 2050 ἐγκαταλείψεως
1009 1991 1120 2047 εἶναι,
1249 1999 1286 2037 4.
1317 1998 1453 2036 Deinde
1481 2012 1524 2036 ne
1548 1998 1737 2038 videantur
1753 1998 1829 2036 haec
1848 1998 2057 2037 derelictum
2081 1999 2186 2037 illum

100 2062 159 2100 καὶ
178 2062 236 2100 τὸν
257 2060 438 2115 προφήτην
458 2059 580 2107 ἐπάγει
595 2065 909 2111 προαναφωνοῧντα
923 2063 1034 2097 ταῦτα
1054 2060 1123 2113 πρὸ
1147 2070 1171 2100 Ε
1194 2059 1410 2111 significare,
1435 2060 1647 2112 prophetam
1675 2060 1812 2098 inducit
1846 2061 1923 2098 haec
1958 2062 2071 2099 multo
2106 2071 2187 2100 ante

98 2124 228 2162 πολλοῦ
254 2125 312 2159 τοῦ
345 2120 469 2172 χρόνου
483 2150 493 2167 ,
521 2120 581 2157 καὶ
613 2119 779 2171 λέγοντα·
801 2118 886 2157 “Ort
919 2118 1032 2156 ἕνεκέν
1063 2134 1123 2157 σου
1195 2130 1353 2174 tempore
1369 2122 1621 2174 praedicentem
1639 2121 1696 2159 his
1718 2121 1838 2160 verbis
1862 2124 1952 2161 :56.
1980 2124 2080 2174 Quia
2099 2137 2186 2175 pro-
2205 2137 2255 2164 ΡΣ,
2270 2134 2319 2176 44,
2336 2144 2386 2165 22,

99 2183 340 2233 θανατούμεθα
364 2181 448 2227 ὅλην
469 2180 530 2227 τὴν
551 2179 699 2233 ἡμέραν,
719 2180 947 2231 ἐλογίσθημεν
967 2182 1014 2222 ὡς
1033 2180 1122 2232 πρό-
1192 2191 1280 2233 pter
1296 2191 1332 2219 te
1345 2191 1466 2219 morte
1482 2182 1684 2234 afficimur
1713 2190 1795 2220 tota
1822 2183 1897 2228 die,
1917 2186 2098 2221 aestimati
2120 2197 2186 2221 su-

98 2245 189 2282 δατα
206 2245 340 2294 σφαγῆς
354 2258 361 2265 ·
381 2241 539 2280 τουτέστι
556 2270 565 2287 ,
583 2240 689 2279 πᾶσίν
718 2242 822 2291 ἐσμεν
841 2240 1061 2293 προκείμενοι
1075 2242 1122 2283 εἷς
1196 2256 1278 2280 mus
1295 2246 1393 2280 sicut
1415 2256 1502 2281 oves
1519 2245 1722 2280 occisionis
1730 2258 1742 2293 3
1761 2243 1830 2281 hoc
1847 2251 1912 2289 est,
1933 2244 2098 2282 omnibus
2124 2259 2186 2282 su-

97 2305 136 2343 τὸ
155 2305 304 2356 πάσχειν
333 2306 460 2346 κακῶς.
481 2302 572 2340 Ἀλλ’
603 2302 706 2353 (δ’,ιι-ωςν
716 2303 801 2354 πρὸς
830 2301 908 2346 τοὺς
941 2303 1122 2346 τοσούτους
1195 2317 1275 2341 mus
1288 2303 1336 2341 ad
1354 2304 1449 2341 mala
1467 2303 1652 2341 subeunda
1674 2303 1862 2355 propositi.
1888 2303 2054 2342 Attamen
2072 2304 2118 2342 ad
2138 2315 2188 2343 tot

98 2366 157 2404 καὶ
186 2365 410 2412 τηλικούτους
430 2363 629 2407 ἀκινδύνους
644 2394 653 2411 ,
675 2363 733 2401 καὶ
757 2363 820 2406 τὰς
844 2363 965 2407 καινὰς
994 2363 1121 2407 ταύτας
1192 2374 1359 2416 tantaque
1373 2365 1543 2417 pericula,
1560 2375 1594 2403 et
1610 2379 1720 2404 novas
1754 2366 1860 2403 hasce
1879 2366 2090 2417 tragoedias,
2106 2368 2186 2404 suf-

97 2427 291 2479 τραγῳδίας
320 2428 473 2478 ἀρκοῦσα
491 2424 710 2473 παράκλησις
728 2429 750 2472 ἡ
770 2427 839 2462 τῶν
864 2423 1008 2477 ἀγώνων
1035 2429 1119 2475 ἡμῖν
1195 2427 1319 2465 ficiens
1338 2427 1440 2465 nobis
1461 2426 1655 2466 consolatio
1670 2426 1790 2477 datur,
1811 2427 2044 2466 certaminum
2063 2442 2188 2480 nempe

98 2488 258 2530 ὑπόθεσις
277 2487 431 2525 δέδοται·
454 2488 584 2536 μᾶλλον
599 2485 633 2523 δὲ
648 2488 710 2524 οὐκ
726 2488 880 2538 ἀρκοῦσα
898 2486 1013 2537 μόνον,
1030 2486 1120 2525 ἀλλὰ
1194 2502 1298 2526 causa
1308 2503 1319 2538 3
1345 2488 1417 2525 imo
1432 2502 1499 2526 non
1527 2487 1707 2525 sufficiens
1722 2496 1876 2537 tantum,
1895 2487 1957 2525 sed
1971 2488 2076 2526 etiam
2094 2490 2187 2527 mul-

101 2548 160 2586 καὶ
181 2549 300 2598 πολλῷ
329 2546 470 2584 πλείων.
502 2548 554 2584 Οὐ
584 2546 651 2599 γὰρ
675 2547 717 2584 δι’
755 2545 955 2599 ἀνθρώπους
974 2547 1051 2585 οὐδὲ
1075 2548 1119 2584 δι’
1193 2557 1230 2586 to
1245 2549 1371 2600 major.
1394 2548 1473 2586 Non
1488 2547 1582 2585 enim
1591 2557 1736 2600 propter
1754 2547 1915 2586 homines
1932 2548 1990 2587 vel
2001 2549 2187 2602 quidpiam

102 2609 187 2646 ἄλλο
203 2625 237 2645 τι
258 2608 418 2659 βιωτικὸν
446 2612 556 2645 ταῦτα
576 2607 772 2659 πάσχομεν,
791 2607 879 2645 ἀλλὰ
901 2606 958 2644 διὰ
978 2607 1034 2644 τὸν
1051 2610 1119 2644 τῶν
1193 2608 1293 2647 aliud
1313 2609 1479 2646 saeculare
1494 2608 1569 2646 haec
1596 2607 1766 2660 patimur,
1796 2608 1859 2645 sed
1878 2617 2023 2659 propter
2043 2610 2187 2649 univer-

100 2670 202 2717 ὅλων,
223 2669 327 2721 φησὶ,
360 2669 517 2720 βασιλέα.
550 2670 602 2706 Οὐ
633 2668 745 2720 τούτῳ
775 2667 810 2706 δὲ
842 2667 943 2718 μόνον
971 2667 1092 2711 αὐτοὺς
1108 2697 1117 2714 ,
1195 2682 1315 2707 sorum
1342 2670 1490 2720 Regem,
1523 2668 1650 2719 inquit.
1683 2669 1805 2719 Neque
1840 2669 1906 2706 hac
1932 2678 2086 2720 tantum,
2125 2673 2186 2709 sed

100 2730 191 2768 ἀλλὰ
210 2730 268 2768 καὶ
296 2730 403 2782 ἑτέρῳ
425 2730 530 2768 πάλιν
551 2729 697 2775 ἀνέδησε
716 2729 873 2781 στεφάνῳ
894 2729 1042 2782 ποικίλῳ
1061 2729 1119 2767 καὶ
1133 2763 1180 2788 599
1193 2731 1300 2768 etiam
1319 2731 1390 2768 alia
1410 2745 1521 2780 eaque
1541 2730 1640 2769 varia
1667 2739 1700 2767 et
1720 2729 1932 2768 multiformi
1953 2744 2083 2769 corona
2102 2733 2184 2771 illos

97 2792 282 2829 πολυειδεῖ.
297 2790 443 2837 Ἐπειδὴ
464 2791 531 2843 γὰρ
551 2790 750 2841 ἀνθρώπους
767 2789 866 2832 ὄντας
883 2790 945 2827 οὐκ
960 2791 1038 2836 ἐνῆν
1055 2805 1120 2839 μυ-
1144 2800 1170 2829 A
1193 2791 1386 2829 redimivit.
1419 2790 1514 2838 Quia
1545 2790 1640 2828 enim
1669 2790 1829 2829 homines
1852 2805 1935 2828 cum
1965 2802 2093 2842 essent,
2115 2808 2184 2832 non

101 2852 190 2905 ρίους
217 2869 330 2904 υπομε
332 2857 404 2890 ῖναι
420 2852 610 2899 θανάτους,
629 2851 798 2890 δείκνυσιν
823 2851 875 2889 ὅτι
896 2850 991 2889 ουδὲν
1008 2850 1118 2903 ταύτῃ
1193 2861 1353 2905 poterant
1369 2851 1468 2888 inille
1489 2850 1610 2888 subire
1630 2859 1772 2900 mortes,
1805 2852 1961 2891 ostendit
1981 2853 2073 2891 nihil
2098 2854 2185 2892 hinc

99 2913 141 2951 τὰ
165 2914 310 2965 βραοεῖα
327 2912 418 2959 ῆλάτ
420 2928 539 2950 τωται.
563 2912 637 2950 Κᾶν
664 2912 732 2964 γὰρ
751 2916 793 2964 τῆ
811 2912 910 2964 φύσει
933 2913 1116 2965 κεκληρω-
1190 2912 1339 2965 praemia
1353 2911 1476 2949 minui.
1499 2911 1575 2949 Etsi
1596 2911 1690 2948 enim
1720 2911 1758 2948 id
1778 2921 1903 2950 natura
1921 2914 2037 2951 sortiti
2057 2914 2183 2963 simus,

101 2973 200 3023 μένον
219 2978 240 3025 ἠ
260 2973 300 3011 τὸ
328 2973 429 3024 μόνον
456 2971 548 3017 ἅπαξ
576 2975 772 3017 ἀποθανεῖν,
794 2990 836 3025 τῃ
856 2972 1058 3025 προαιρέσει
1079 2973 1118 3011 τὸ
1193 2982 1231 3011 ut
1246 2973 1352 3011 semel
1373 2980 1511 3010 tantum
1530 2971 1739 3020 moriamur,
1763 2981 1801 3010 ut
1825 2972 1863 3010 id
1879 2974 2039 3023 quotidie
2058 2990 2103 3013 ex
2115 2990 2183 3014 vo-

974 3033 1027 3047 Nl&

98 3033 299 3085 καθημέραν
318 3049 418 3072 τουτο
447 3033 610 3085 πάσχειν,
632 3035 662 3071 εἰ
683 3033 944 3085 βουληθείημεν,
970 3050 1116 3072 οεοωκεν
1190 3036 1325 3073 luntate
1337 3034 1516 3086 patiamur
1537 3033 1567 3071 si
1594 3033 1758 3080 velimus,
1780 3035 1949 3072 concessit
1970 3038 2078 3074 Deus.
2098 3038 2181 3076 Un—

101 3102 118 3136 ὁ
144 3099 246 3142 Θεός.
260 3099 367 3138 “Ὀθεν
402 3101 517 3148 δῆλον,
556 3099 609 3139 οτι
641 3100 823 3143 τοσούτους
856 3099 1119 3150 ἀπελευσόμεθα
1191 3097 1234 3135 de
1254 3096 1375 3148 palam
1401 3104 1466 3145 est,
1487 3108 1549 3132 nos
1570 3108 1651 3132 cum
1672 3103 1722 3132 tot
1743 3095 1882 3133 coronis
1901 3095 2109 3136 decessuros
2129 3096 2183 3137 es-

146 3235 162 3258 ¹›
187 3235 239 3265 Ita
266 3235 341 3267 Mss.
368 3246 482 3268 omnes
505 3245 603 3270 recte.
628 3237 729 3272 Savil.
755 3245 788 3271 et
810 3238 925 3271 Morel.
955 3241 1029 3284 ὑπὲρ
1057 3247 1110 3276 τῆς
1175 3235 1295 3278 savit]

103 3290 231 3330 ἀῗάτθυ·
1220 3289 1236 3313 ‘¹
1261 3289 1272 3329 [
1289 3289 1325 3320 Α.
1343 3294 1375 3319 et
1392 3297 1497 3330 marg.
1510 3285 1616 3319 Savil.
1635 3285 1811 3330 πο).ε’μοος,]

146 3342 157 3355 ⁶
182 3337 192 3377 f
210 3337 393 3380 Legebatur
421 3343 491 3383 λέγῃ
509 3342 604 3383 δεσμὰ
620 3345 668 3374 καὶ
694 3357 720 3375 ς.
739 3341 951 3374 correximus
968 3353 1007 3374 ex
1024 3343 1059 3373 Α.
1079 3349 1111 3373 et
