2466 3805
96 3185 141 3213 Ira
164 3186 243 3215 sren-

56 3228 161 3254 nanda.

303 241 325 254 ,-

304 222 361 278 s6

319 320 355 355 9.
385 317 479 357 Vide
495 315 670 367 quomodo
689 312 893 351 terribiliter
908 310 1055 347 desinat.
1072 306 1173 344 Nihil
1192 320 1237 343 ex
1259 309 1280 337 B

266 379 444 430 prophetis
457 377 614 427 loquitur
631 375 729 426 ipsiS,
739 373 801 410 sed
819 386 863 408 ex
876 369 1106 422 praesentibus
1118 367 1237 414 rebus,

266 453 415 488 quarum
433 438 499 489 ipsi
518 445 618 473 testes
639 434 779 472 erant.J
782 446 842 469 ure
858 440 891 469 et
909 431 962 468 illi
980 438 1100 482 postea
1114 427 1238 465 testifi-

264 507 398 545 cantur,
420 505 453 533 et
470 507 663 532 sermonem
679 493 845 530 roborant
859 489 975 540 exiis,
998 503 1075 539 quae
1091 488 1166 540 jam
1178 487 1237 524 fa-

262 566 315 593 cta
343 565 437 594 sunt.
462 555 508 592 Et
536 554 619 592 vide
640 569 648 590 ε
669 553 705 590 in
733 551 891 590 Ecclesia
914 550 1088 603 permittit
1122 548 1237 600 primo

257 615 485 667 quaestionem
503 614 651 663 moveri,
669 622 702 650 et
719 622 801 650 tunc
817 611 987 663 loquitur.
1010 609 1104 658 Quia
1126 608 1237 660 igitur

259 689 327 712 non
345 673 554 712 memoravit
571 672 881 722 circumcisos,sed
903 680 1022 724 gentes
1038 671 1126 718 (hoc
1141 668 1236 706 enim

257 736 429 788 paulatim
451 736 679 785 insinuatum,
694 735 833 772 firmius
852 733 1022 772 evadebat
1030 747 1040 781 ;
1065 731 1156 770 illud
1177 746 1235 769 ve—

258 810 296 833 ro
318 797 482 834 tentantis
511 806 595 846 erat,
615 810 659 834 an
682 796 795 848 possit
811 804 891 847 post
916 795 1030 846 legem
1050 797 1234 841 servare);

256 858 339 896 vide
365 858 453 909 quid
475 858 582 896 faciat
603 874 610 895 :
631 857 783 896 ostendit
800 857 882 894 illos
906 856 942 893 in
961 854 1119 907 periculo
1145 867 1232 903 esse,

256 920 287 957 si
317 920 459 971 quidem
494 920 546 970 id,
573 918 668 970 quod
699 932 768 956 non
795 916 910 970 potuit
940 917 1011 965 lex,
1040 915 1155 968 potuit
1186 914 1233 952 fi-

257 981 336 1031 des;
352 982 414 1020 illa
438 996 523 1020 vero
549 982 706 1030 cadente,
731 993 867 1018 necesse
886 988 937 1017 est
955 978 1036 1016 illos
1061 977 1097 1014 in
1116 977 1234 1029 perni-

255 1044 346 1081 ciem
373 1044 433 1083 ire.
454 1045 527 1081 Nec
553 1043 660 1089 dixit,
680 1042 859 1080 Increduli
889 1041 983 1090 estis,
1004 1039 1099 1091 quod
1128 1039 1234 1077 mole-
1255 1036 1278 1066 C

255 1105 344 1142 stius
360 1104 494 1152 fuisset,
508 1118 589 1142 cum
604 1104 761 1141 maxime
776 1117 829 1140 res
844 1101 958 1140 evicta
977 1102 1112 1138 fuisset.
1136 1102 1236 1139 Jero-

254 1166 402 1218 solymis
425 1167 535 1217 igitur
557 1180 601 1204 ex
620 1166 783 1216 gentibus
798 1164 886 1202 nulli
905 1173 1018 1213 erant,
1041 1162 1236 1201 Antiochiae

253 1236 372 1265 autem
399 1228 506 1265 fuisse
533 1236 676 1265 constat.
698 1226 781 1264 Ideo
807 1225 1053 1276 commigrant,
1073 1238 1135 1262 nec
1160 1238 1235 1261 mo-

251 1287 333 1326 djco
352 1298 507 1340 tempore
527 1288 632 1326 isthic
648 1297 799 1326 manent.
819 1289 1092 1325 lnsurrexerunt
1118 1295 1235 1324 autem

252 1348 399 1399 quidam
431 1348 475 1386 de
504 1348 704 1396 Pharisaeis,
730 1348 848 1385 adhuc
876 1347 1078 1385 ambitionis
1110 1347 1234 1385 morbo

251 1409 471 1459 laborantes,
492 1418 525 1447 et
550 1409 703 1447 volentes
733 1409 801 1446 sibi
828 1408 959 1447 haerere
987 1423 1063 1451 eos,
1095 1409 1157 1459 qui
1189 1422 1235 1446 ex

251 1470 414 1521 gentibus
440 1479 552 1507 erant.
581 1469 689 1520 Atqui
721 1478 754 1507 et
779 1470 911 1507 Paulus
936 1470 972 1507 in
1003 1470 1080 1521 lege
1110 1469 1234 1508 doctus

250 1541 337 1579 erat,
355 1546 465 1582 neque
485 1540 601 1568 tamen
620 1531 670 1568 sie
690 1540 763 1568 erat
782 1532 947 1569 affectus:
964 1540 1150 1583 postquam
1166 1545 1231 1569 au-

249 1601 321 1629 tem
332 1592 414 1630 inde
426 1602 580 1641 venerat,
593 1593 668 1644 jam
683 1592 813 1643 dogma
827 1592 1027 1629 accuratius
1041 1602 1124 1629 erat.
1141 1593 1232 1629 Nam

250 1653 279 1690 si
298 1653 336 1698 ii,
356 1653 418 1704 qui
443 1652 673 1704 ,lerosolymis
692 1661 786 1701 sunt,
806 1652 897 1689 nihil
911 1652 1117 1703 hujusmodi
1136 1667 1229 1704 prae—

249 1713 397 1765 cipiunt,
415 1714 527 1751 multo
547 1714 664 1751 minus
683 1713 735 1751 hi.
751 1713 880 1752 Viden'
902 1722 1076 1763 quotquot
1097 1715 1229 1766 princi-

246 1783 369 1825 patum
391 1789 459 1812 non
476 1774 652 1823 ambiunt,
669 1774 706 1811 in
725 1773 795 1811 fide
813 1773 992 1825 gaudere?
1012 1774 1092 1812 Non
1115 1775 1230 1812 ambi—

246 1836 343 1873 tiosae
363 1835 471 1886 igitur
485 1844 582 1872 erant
597 1834 829 1885 narrationes,
839 1849 951 1885 neque
965 1834 1011 1872 ad
1028 1836 1232 1874 ostentatio-

246 1909 338 1947 nem,
355 1895 417 1934 sed
447 1895 494 1933 ad
521 1895 758 1933 defensionem
778 1895 1040 1947 praedicationis
1068 1897 1232 1947 gentibus

246 1957 344 1994 factae
363 1973 370 1995 :
390 1956 468 1994 ideo
495 1957 586 1994 nihil
610 1955 733 1993 dicunt
755 1970 890 2005 eorum,
907 1971 984 2007 quae
1001 1970 1083 1994 cum
1099 1957 1233 1996 Judaeis

248 2018 316 2055 sibi
338 2026 535 2056 evenerant.
555 2020 687 2068 Magna
717 2026 790 2054 erat
816 2017 1010 2069 pertinacia
1036 2018 1234 2057 Pharisaeo-

249 2091 344 2127 rum,
366 2077 427 2128 qui
447 2078 553 2115 etiam
573 2086 653 2129 post
679 2077 788 2115 fidem
805 2078 924 2128 legem
945 2079 1150 2129 tuebantur,
1171 2093 1236 2118 nec

250 2137 540 2189 obtemperabant
565 2137 745 2188 apostolis.
778 2137 849 2175 Sed
877 2137 970 2186 vide,
997 2152 1105 2188 quam
1131 2154 1232 2177 man-

252 2206 347 2233 suete
362 2211 425 2234 nec
440 2211 522 2234 cum
541 2197 748 2234 auctoritate
767 2197 958 2246 loquantur
979 2211 986 2233 :
1007 2198 1082 2235 haee
1103 2199 1236 2251 quippe

252 2256 421 2293 amabilia
437 2265 532 2305 sunt,
548 2255 729 2306 magisque
743 2256 861 2293 animo
876 2256 1088 2307 infiguntur.
1104 2259 1237 2297 Viden'

253 2330 427 2366 nusquam
445 2330 517 2354 esse
531 2316 724 2354 verborum
740 2316 1020 2366 ostentationem,
1035 2317 1097 2354 sed
1106 2333 1170 2370 per
1183 2334 1238 2358 res
1260 2320 1284 2348 Ε

254 2377 348 2429 ipsas
366 2377 423 2428 agi
443 2385 476 2415 et
496 2391 558 2429 per
573 2376 747 2428 Spiritum
769 2377 953 2414 sanctum?
976 2379 1137 2415 Attamen
1154 2393 1236 2418 cum

256 2447 308 2475 tot
325 2437 454 2475 indicia
482 2437 662 2484 haberent,
683 2436 801 2474 adhuc
822 2446 1001 2475 mansuete
1023 2437 1233 2489 loquuntur.

255 2498 304 2536 Et
327 2498 420 2544 vide,
441 2513 509 2536 non
531 2498 679 2536 veniunt
704 2498 903 2535 accusaturi
934 2512 1005 2546 eos,
1029 2500 1091 2550 qui
1113 2500 1236 2539 Antio-

256 2559 344 2596 chiae
364 2568 480 2608 erant3
499 2559 560 2596 sed
577 2558 677 2595 illinc
696 2558 825 2595 iterum
839 2559 1056 2597 occasionem
1070 2571 1228 2600 sumunt.

257 2619 316 2657 Sic
342 2620 602 2657 meditabantur
628 2618 707 2657 aliis
732 2633 891 2671 praeesse,
908 2620 969 2670 qui
987 2621 1154 2673 apostolis
1177 2636 1235 2660 ne-

257 2679 446 2717 scientibus
467 2679 667 2732 reprehensi
698 2687 790 2716 sunt.
807 2681 969 2718 Attamen
990 2681 1081 2718 nihil
1106 2682 1235 2720 horum

258 2739 311 2777 illi
331 2741 570 2793 protulerunt;
591 2750 626 2778 at
641 2740 704 2778 ubi
719 2740 928 2792 probarunt,
949 2750 1034 2779 tunc
1048 2742 1237 2782 vehemen-

258 2801 328 2839 tius
342 2802 511 2839 scribunt.
528 2803 699 2852 Magnum
722 2810 811 2839 certe
830 2802 961 2852 ubique
978 2803 1112 2841 bonum
1126 2805 1237 2855 aequi-

257 2870 336 2899 tas:
356 2863 556 2913 aequitatem
580 2861 659 2899 dico
674 2891 685 2911 ,
712 2875 781 2899 non
805 2862 1058 2913 frigiditatem3
1089 2864 1235 2915 aequita-

270 239 295 268 2
706 237 745 266 S.

258 2931 342 2971 tem,
364 2938 431 2962 non
464 2923 700 2961 adulationem
725 2938 731 2958 :
758 2923 834 2961 haec
857 2923 951 2961 enim
972 2925 1125 2962 multum
1146 2925 1236 2963 inter
1248 2909 1360 2978 Ἔδὲν

258 2998 294 3022 se
313 2984 455 3023 distant.
480 2983 581 3022 Nihil
612 2983 763 3021 Paulum
804 2984 1045 3036 exasperabat,
1065 2985 1155 3022 nihil
1176 2986 1235 3023 Pe-

258 3054 363 3083 trum.
381 3046 470 3083 Cum
491 3045 600 3082 habes
618 3043 942 3094 demonstrationes,
961 3059 1025 3083 cur
1042 3045 1202 3084 irasceris
1217 3047 1233 3085 ἶ)

256 3120 298 3143 an
314 3116 351 3144 ut
363 3106 442 3144 illas
455 3105 618 3144 enerves?
630 3106 707 3143 Non
719 3114 836 3157 potest
848 3120 1017 3156 umquam
1031 3106 1142 3146 iratus
1156 3122 1234 3159 per-

255 3166 407 3204 suaderi.
430 3167 550 3204 Etiam
568 3166 645 3203 heri
665 3166 708 3203 de
729 3167 780 3203 ira
796 3166 1025 3205 disseruimus
1032 3183 1043 3217 3
1063 3168 1155 3205 nihil
1173 3183 1232 3207 ve-

256 3236 303 3265 tat
323 3242 392 3278 quo
406 3228 522 3265 minus
532 3228 635 3265 etiam
651 3227 758 3265 hodie
775 3243 782 3263 ε
799 3228 962 3279 frequens
977 3229 1064 3268 forte
1079 3229 1232 3269 hortatio

294 3379 305 3393 ’Δ
331 3367 424 3400 Idem
439 3372 646 3409 ἑιπιτττούτης,
662 3374 718 3413 512⁷-
736 3372 849 3407 αὖτοὺς-

782 231 964 266 JOANMS
999 227 1240 259 CHRYSOST.
1282 227 1485 257 ARCHIEP.
1524 228 1881 258 CONSTANTINOP-

1354 305 1450 358 ‘'Opoe
1475 311 1548 350 πῶς
1570 310 1616 351 εἷς
1640 308 1784 360 φοὲερὸν
1811 307 2009 354 κατέληξεν.
2030 306 2140 346 Οὐδὲν
2164 306 2232 344 ἀπὸ
2255 307 2323 343 τῶν

1302 370 1489 418 προφητῶν
1508 370 1622 411 αὐτοῖς
1639 368 1835 418 διαλέγεται
1849 397 1858 415 ,
1876 370 1951 406 ἀλλ’
1970 368 2038 406 ἀπὸ
2053 371 2122 405 τῶν
2140 367 2322 420 παρόντων

1303 427 1533 478 πραγμάτων,
1552 422 1599 465 ὧν
1631 428 1728 465 αὐτοὶ
1760 428 1930 480 μάρτυρες
1953 424 2057 475 ἦσαν.
2082 428 2237 470 Εἰκότως
2265 426 2324 464 καὶ

1304 488 1400 524 αὐτοὶ
1416 488 1536 526 λοιπὸν
1559 491 1853 542 ἐπιμαρτυροῦσι,
1873 489 1932 527 καὶ
1952 489 2124 540 τὸνλόγον
2145 487 2324 539 ἰσχυρότε-

1304 562 1359 598 ρον
1376 552 1512 586 ποιοῦσι
1528 555 1598 591 τοῖς
1616 548 1684 595 ἤδη
1699 549 1906 598 γενομένοις.
1926 549 1997 586 Καὶ
2014 548 2094 600 ὅρα,
2113 551 2146 586 ἐν
2171 551 2214 598 τῇ
2237 548 2324 585 Ἐκ-

1302 608 1430 660 κλησία
1445 616 1616 661 συγχωρεῖ.
1636 612 1770 657 πρῶτον
1792 608 1935 656 ζήτησιν
1962 608 2139 660 γενέσθαι,
2168 607 2228 644 καὶ
2246 607 2324 645 τότε

1302 668 1406 720 λέγει.
1422 670 1524 707 Ἐπεὶ
1544 665 1600 708 οἶν
1619 672 1680 707 οὒκ
1706 663 1802 717 εἷπε,
1830 673 1897 707 τῶν
1927 672 1965 707 ἐκ
1993 672 2203 721 περιτομῆς,
2234 667 2324 705 ἀλλὰ

1302 733 1369 767 τῶν
1386 733 1490 768 ἐθνῶν
1514 734 1635 778 (τοῦτο
1650 729 1717 782 γὰρ
1734 729 1825 767 κατὰ
1844 729 1965 782 μικρὸν
1983 728 2194 780 ἐπαγόμενον
2216 727 2324 779 ἐγίνε-

1301 806 1340 828 το
1361 791 1597 844 ἰσχυρότερον,
1621 793 1730 828 ἐκεῖνο
1750 790 1785 828 δὲ
1805 785 1847 837 ἦν
1867 789 2087 842 πειράζοντος
2102 819 2110 835 ,
2133 790 2162 825 εἶ
2181 787 2323 825 δύναται

1301 851 1361 888 καὶ
1381 852 1469 902 μετὰ
1487 852 1590 903 νόμον
1620 855 1776 899 σῶσαι),
1795 850 1859 902 ὅρα
1877 850 1911 887 τί
1931 855 2022 888 ποιεῖ
2039 866 2046 873 ·
2070 848 2241 887 δείκνυσιν
2262 849 2324 885 αὖ·

1791 913 1876 963 ὅπερ
1910 913 1972 949 οὐκ
2001 910 2143 962 ἴσχυσεν
2161 913 2179 946 ὁ
2197 909 2301 958 νόμος
2314 936 2323 953 ,

1302 912 1378 955 τοὺς
1408 915 1442 950 ἐν
1473 912 1642 964 κινδύνῳ,
1674 913 1705 950 εἴ
1730 928 1770 949 γε

1738 946 1744 963 Ι

1301 972 1441 1025 ἴσχυσεν
1460 977 1481 1019 ἡ
1501 974 1618 1016 πίστις
1634 989 1641 997 ·
1662 972 1791 1019 ταύτης
1821 989 1837 1009 ο

1825 972 1851 986 'xx

1841 989 1855 1010 ε
1882 971 2162 1017 ἃέκπιπτούσης,
2190 970 2325 1022 ἀνάγκη

1303 1033 1424 1076 αὐτοὺς
1445 1036 1477 1071 ἐν
1502 1035 1660 1086 ἀπωλείᾳ
1687 1028 1786 1071 εἶναι.
1813 1033 1883 1071 Καὶ
1903 1036 1964 1070 οὐκ
1993 1027 2100 1079 εἶπεν,
2120 1034 2299 1069 ἀπιστεῖτε
2316 1059 2326 1075 ,

1302 1093 1386 1146 ὅπερ
1413 1088 1454 1140 ἦν
1477 1095 1744 1147 φορτικώτερον,
1776 1095 1835 1132 καὶ
1865 1098 1976 1131 ταῦτα
2005 1092 2236 1143 ἐληλεγμένου
2268 1095 2328 1129 τοῦ

1302 1155 1519 1207 πράγματος.
1537 1156 1598 1193 Ἐν
1621 1155 1683 1206 μὲν
1709 1149 1767 1192 οῧν
1790 1162 1859 1198 τοῖς
1881 1154 2134 1207 Ἱεροσολύμοις
2156 1155 2218 1190 οὐκ
2238 1147 2327 1199 ἦσαν

1302 1216 1337 1259 ἐξ
1355 1217 1459 1254 ἐθνῶν
1482 1232 1590 1264 τινες,
1607 1218 1640 1253 ἐν
1657 1216 1691 1253 δὲ
1709 1216 1901 1268 Ἀντιοχείᾳ
1918 1216 2006 1258 εἷκος
2026 1209 2124 1252 εἶναι.
2142 1213 2209 1251 Διὰ
2225 1217 2328 1250 τοῦτο

1302 1276 1361 1313 καὶ
1388 1276 1621 1328 ἀπέρχονται,
1649 1277 1708 1314 καὶ
1737 1277 1951 1327 διατρίὲουσι
1971 1275 2094 1328 χρόνον
2119 1277 2181 1312 οὐκ
2209 1273 2326 1323 ὀλίγον

1302 1338 1383 1374 ἐκεῖ.
1405 1336 1659 1384 Ἐξανέστησαν
1688 1337 1724 1374 δέ
1756 1353 1845 1379 τινες
1866 1341 1933 1374 τῶν
1953 1335 2173 1389 Φαρισαίων,
2191 1333 2242 1371 ἔτι
2269 1349 2329 1371 νο-

1303 1403 1439 1440 σοῦντες
1458 1397 1520 1444 τὴν
1542 1398 1740 1451 φιλαρχίαν,
1770 1399 1830 1435 καὶ
1851 1397 2054 1449 βουλόμενοι
2084 1396 2170 1449 πρὸς
2201 1393 2326 1437 αὐτοὺς

1302 1458 1392 1509 ἔχειν
1417 1458 1495 1502 τοὺς
1522 1458 1555 1502 ἐξ
1583 1461 1700 1497 ἐθνῶν.
1724 1459 1848 1496 Καίτοι
1877 1459 1936 1496 καὶ
1955 1459 2096 1501 Παῦλος
2123 1455 2328 1507 νομομαθὴς

1301 1514 1355 1566 ἦν,
1376 1521 1453 1557 ἀλλ’
1475 1523 1537 1558 οὐκ
1557 1520 1691 1571 ἔπασχε
1718 1526 1837 1558 τοῦτο·
1861 1519 1981 1566 ἐπειδὴ
2013 1519 2048 1556 δὲ
2069 1521 2196 1557 ἐκεῖθεν
2217 1512 2299 1564 ἦλθε
2317 1547 2327 1565 ,

1301 1581 1360 1618 καὶ
1379 1582 1418 1619 τὸ
1434 1581 1546 1631 δόγμα
1567 1581 1811 1632 ἀκριὸέστερον
1836 1582 1983 1632 ἐγένετο.
2005 1581 2048 1618 E}
2063 1580 2131 1632 γὰρ
2149 1581 2178 1618 οἱ
2203 1581 2237 1617 ἐν
2256 1578 2326 1617 Ἱε-

1302 1641 1502 1692 ροσολύμοις
1521 1642 1615 1684 ὄντες
1633 1640 1727 1678 οὐδὲν
1758 1645 1911 1679 τοιοῦτον
1936 1641 2182 1687 ἐπιτάττουσι,
2206 1640 2326 1689 πολλῷ

1301 1703 1432 1752 μᾶλλον
1452 1695 1556 1739 οὗτοι.
1586 1700 1694 1753 εΟρΐπιίς
1722 1700 1797 1739 ὅσοι
1821 1700 1868 1751 μὴ
1893 1703 2118 1753 φιλαρχοῧσι,
2144 1700 2325 1752 χαίρουσιν

1300 1765 1332 1801 ἐν
1360 1765 1403 1813 τῇ
1425 1762 1562 1808 πίστει,
1595 1764 1647 1801 Οὐ
1677 1762 1877 1813 φιλοτιμίας
1905 1762 2016 1799 τοίνυν
2045 1762 2090 1800 τὰ
2123 1761 2325 1812 διηγήματα

1300 1822 1378 1861 οὐδὲ
1397 1823 1594 1867 ἐπιδείξεως
1613 1818 1669 1870 ἧν,
1694 1824 1785 1862 ἀλλὰ
1813 1823 2001 1875 ἀπολογίας
2020 1827 2080 1861 τοῦ
2110 1826 2156 1866 εἰς
2176 1823 2220 1860 τὰ
2248 1822 2328 1869 ἔθνη

1300 1884 1541 1937 κηρύγματος·
1559 1885 1611 1923 διὸ
1639 1885 1698 1922 καὶ
1716 1884 1811 1923 οὐδὲν
1830 1885 1970 1935 λέγουσι
1993 1888 2062 1922 τῶν
2080 1886 2128 1928 εἰς
2147 1883 2224 1926 τοὺς
2240 1883 2328 1921 Ἰου-

1301 1947 1417 1988 δαίους
1435 1945 1721 1997 συμέεὸηκότων.
1736 1944 1751 1965 ¹³
1767 1945 1888 1991 Πολλὴ
1910 1949 1931 1991 ἡ
1948 1945 2111 1998 ἐπιτριέὴ
2127 1949 2194 1982 τῶν
2211 1946 2327 1996 Φαρι-

1303 2007 1424 2055 σαίων,
1441 2007 1499 2045 καὶ
1516 2007 1605 2058 μετὰ
1620 2006 1682 2054 τὴν
1701 2007 1818 2044 πίστιν
1838 2007 1888 2044 ἔτι
1907 2007 2195 2058 νομοθετούντων,
2217 2007 2275 2044 καὶ
2293 2007 2332 2043 οὐ

1304 2069 1517 2119 πειθομένων
1534 2075 1605 2112 τοῖς
1626 2068 1845 2111 ἀποστόλοις.
1869 2067 1959 2106 Ἀλλ’
1986 2067 2050 2120 ὅρα
2070 2068 2235 2115 ἐκείνους,
2257 2071 2332 2110 πῶς

1306 2131 1466 2173 ἐπιεικῶς
1481 2130 1540 2166 καὶ
1562 2132 1598 2167 οὐ
1621 2129 1709 2179 μετὰ
1727 2128 1922 2172 αὖθεντείας
1942 2130 2178 2182 διαλέγονται·
2199 2130 2243 2166 τὰ
2261 2129 2330 2181 γὰρ

1305 2196 1447 2228 τοιαῦτα
1467 2190 1683 2240 ἐπιθυμητὰ,
1703 2190 1762 2228 καὶ
1778 2189 1916 2242 πέπηγε
1934 2193 2079 2241 μᾶλλον.
2100 2190 2209 2243 εΟρᾷς
2224 2192 2330 2229 οὖδα-

1309 2254 1373 2300 μοῧ
1393 2250 1502 2300 λόγων
1521 2250 1693 2295 ἐπίδειξιν,
1715 2250 1804 2287 ἀλλὰ
1823 2250 1885 2296 τὴν
1919 2251 1975 2289 διὰ
1994 2254 2061 2289 τῶν
2092 2252 2327 2303 πραγμάτων,

1307 2309 1370 2355 τὴν
1403 2310 1459 2347 διὰ
1487 2314 1546 2347 τοῦ
1581 2309 1807 2358 Πνεύματος,
1835 2310 1927 2347 Ἀλλ’
1964 2311 2057 2360 ὅμως
2092 2312 2151 2349 καὶ
2185 2317 2329 2350 τοιαῦτα

1307 2371 1442 2422 ἔχοντες
1457 2369 1632 2422 τεκμήρια
1644 2399 1653 2417 ,
1670 2369 1720 2406 ἔτι
1736 2371 1895 2412 ἐπιεικῶς
1912 2371 2141 2421 διαλέγονται.
2158 2373 2228 2409 Καὶ
2242 2372 2306 2422 ὅρα
2319 2388 2327 2395 ·

1305 2435 1368 2470 οὐκ
1387 2431 1598 2483 ἀπέρχονται
1613 2430 1856 2473 διαὸἀλλοντες
1875 2431 1951 2474 τοὺς
1968 2433 2002 2468 ἐν
2019 2432 2209 2484 Ἀντιοχείᾳ
2222 2463 2230 2479 ,
2246 2433 2324 2471 ἀλλ’

1305 2495 1430 2530 ἐκεῖθεν
1451 2492 1556 2529 πάλιν
1567 2491 1805 2541 λοιμὸοίνουσιν
1825 2492 1997 2544 ἀφορμήν.
2013 2492 2133 2536 Οὕτως
2154 2494 2325 2543 ἐμελέτων

1305 2553 1343 2590 τὸ
1357 2555 1552 2605 φιλαρχεῖν,
1566 2552 1597 2589 οἲ
1611 2552 1670 2589 καὶ
1682 2554 1742 2589 οὐκ
1760 2551 1899 2589 εἰδότων
1918 2555 1986 2590 τῶν
2003 2554 2205 2592 ἀποστόλων
2219 2556 2233 2591 ἐ
2238 2555 2281 2604 με’
2285 2572 2326 2606 μ-

1306 2618 1452 2666 φθησαν.
1470 2613 1560 2651 Ἀλλ’
1582 2614 1673 2663 ὅμως
1695 2613 1789 2651 οὐδὲν
1818 2613 1948 2651 τούτων
1975 2608 2067 2652 οὗτοι
2095 2616 2326 2668 προήνεγκαν·

1307 2677 1381 2713 ἀλλ’
1397 2675 1451 2713 ὅτε
1473 2675 1665 2721 ἀπέδειξαν,
1684 2674 1760 2712 τότε
1782 2675 2008 2727 σφοδρότερον
2022 2677 2204 2729 γράφουσι.
2222 2678 2325 2731 Μέγα

1305 2739 1373 2790 γὰρ
1395 2741 1417 2784 ἡ
1435 2736 1602 2775 ἐπιείκεια
1617 2739 1795 2788 πανταχοῦ
1815 2736 1919 2773 καλόν
1937 2753 1943 2760 ·
1965 2738 2135 2775 ἐπιείκεια
2151 2738 2265 2789 λέγω,
2285 2742 2322 2778 οὐ

1305 2799 1494 2853 ψυχρότης·
1525 2797 1709 2845 ἐπιείκεια,
1738 2800 1774 2835 οὗ
1796 2798 1979 2835 κολακεία·
2004 2799 2092 2836 πολὺ
2117 2798 2184 2851 γὰρ
2212 2805 2323 2839 ταῦτα

1307 2861 1486 2906 διέστηκεν
1503 2860 1560 2896 ἀπ’
1582 2858 1755 2904 ἀλλήλων.
1776 2858 1887 2896 Οὐδὲν
1905 2858 2073 2911 ἐτράχυνε
2090 2861 2243 2909 Παῦλον,
2264 2864 2318 2900 οὗ·

1386 2920 1530 2971 Πέτρον.
1545 2918 1658 2957 εὈταν
1686 2919 1769 2971 ἔχης
1794 2918 2001 2966 ἀποδείξεις,
2019 2920 2053 2957 τί
2071 2920 2211 2973 ὀργίζῃ,
2229 2922 2250 2968 ἢ
2266 2923 2323 2960 ἵνα

1305 2982 1363 3020 καὶ
1379 2980 1505 3024 ταύτας
1524 2980 1669 3032 ἀκύρους
1687 2980 1859 3031 ποιήσῃς;
1880 2981 1957 3017 Οὐκ
1975 2979 2049 3018 ἔστι
2065 2982 2121 3019 τὸν
2142 2983 2324 3034 ὀργιζόμε-

1304 3058 1360 3081 νον
1381 3041 1500 3080 πεῖσαί
1519 3056 1613 3078 ποτε.
1636 3040 1706 3079 Καὶ
1729 3039 1808 3092 χθὲς
1834 3039 1915 3090 περὶ
1947 3042 2050 3092 ὀργῆς
2075 3042 2320 3095 διελέχθημεν·

1306 3102 1401 3141 οὐδὲν
1423 3102 1457 3139 δὲ
1478 3101 1604 3139 κωλύει
1632 3101 1691 3138 καὶ
1718 3102 1886 3153 τήμερον·
1906 3105 1927 3147 ἡ
1954 3101 2020 3152 γὰρ
2050 3103 2211 3155 συνέχεια
2239 3106 2322 3149 ἴσως

1305 3163 1490 3216 ἐργάσεταί
1516 3179 1562 3200 τι.
1583 3163 1652 3200 Καὶ
1681 3161 1747 3213 γὰρ
1779 3161 1959 3213 φάρμακον
1991 3164 2029 3201 τὸ
2064 3165 2207 3215 δύναμιν
2242 3167 2321 3218 ἔχον

1305 3230 1469 3282 ἀφανίσαι
1497 3233 1654 3281 τραῦμα,
1675 3226 1713 3265 ἂν
1750 3227 1798 3278 μὴ
1832 3233 1981 3280 συνεχῶς
2008 3232 2161 3283 ἐπιτεθῇ,
2184 3233 2222 3272 τὸ
2251 3241 2318 3272 πᾶν

1358 3372 1375 3397 b
1400 3369 1543 3411 Quidam
1561 3374 1656 3409 πολλὴ
1674 3373 1703 3404 δὲ
1721 3375 1866 3416 ἐπετριξή.
