2502 3810
1066 270 1122 298 DF.
1157 269 1277 298 FIDE.

124 356 184 393 καὶ
216 359 308 392 οὗτοι
340 353 501 397 λαῧόντες
522 353 559 391 τὸ
579 354 801 403 ἔμπλαστρον
820 354 880 397 τῆς
900 351 1120 403 σωφροσύνης
1136 380 1145 397 ,

124 411 166 458 τῇ
187 406 306 456 ἁγνεία
333 406 470 449 ἑαυτοὺς
502 404 758 458 περιέσφιγξαν.
778 406 885 442 Δεῦτε
906 404 1041 451 τοίνυν,
1063 405 1149 453 ἀγα*
1171 411 1177 419 ”

125 463 248 510 πητοὶ,
277 463 464 516 ἐπειδήπερ
498 467 516 500 ὃ
548 462 732 514 προλαέὼν
754 462 959 505 διδάσκαλος
987 462 1047 504 τὰς
1067 464 1148 498 ’τῶν

127 515 394 567 ἀρρωστούντων
408 514 523 566 ψυχὰς
539 518 581 566 τῇ
593 514 770 566 τριπλόκῳ
789 513 904 552 πίστει
923 513 1147 565 ἐθεράπευσε,

126 569 186 606 καὶ
207 572 308 618 ἡμεῖς
325 573 394 609 τοῖς
415 566 543 604 ἐκείνου
568 566 695 617 ἴχνεσιν
717 566 1019 615 ἀκολουθήσωμεν.
1036 559 1149 614 Οἶμαι

130 620 166 658 δὲ
183 621 242 656 καὶ
261 619 407 662 πολλοὺς
417 622 484 656 τῶν
498 618 616 656 ἐνθάδε
633 617 790 656 ἑστώτων
813 617 996 668 βούλεσθαι
1012 616 1147 656 ἀκούειν

127 671 207 722 περὶ
233 670 402 717 πίστεως,
433 673 499 721 οὐχ
523 670 575 708 ὅτι
609 670 705 708 αὐτοὶ
733 670 937 721 χρῄζουσιν,
957 671 1148 720 ὑγιαίνουσι
1172 668 1194 697 C

128 723 216 774 γὰρ,
234 722 324 760 ἀλλὰ
351 722 551 773 βουλόμενοι
579 723 622 760 δι’
644 725 748 768 αὐτῆς
778 721 855 764 τοὺς
883 724 1148 773 ἀρρωστοῦντας

129 779 350 827 θεραπεῦσαι.
375 775 505 812 Πολλοὶ
524 774 591 827 γάρ
610 777 694 812 εἰσιν
711 774 918 824 ὑγιαίνοντες
940 774 999 824 μὲν
1028 772 1144 818 αὐτοὶ,

129 829 166 864 οὐ
183 827 363 876 δυνάμενοι
392 828 426 864 δὲ
456 826 534 869 τοὺς
563 830 679 870 κακῶς
701 826 842 879 ἔχοντας
869 829 1079 878 θεραπεῦσαι
1103 826 1144 862 δι’

129 881 274 916 ἑαυτῶν.
295 879 357 916 Διὸ
378 879 573 929 ἀγαπητοὶ,
597 878 710 916 καίτοι
734 872 896 930 πρόθεσιν
916 879 1003 930 ἔχων
1025 878 1064 915 τὸ
1084 878 1146 928 ἀρ-

130 931 211 973 τίως
235 933 268 968 ἐν
290 933 339 982 τῷ
367 930 570 982 Εὐαγγελίῳ
601 931 866 981 ὓπαναγνωσθὲν
894 920 974 978 ὑμῖν
999 929 1149 982 γράμμα

132 982 336 1034 συντρίψαι,
363 985 451 1020 ’κάν
481 983 563 1020 αὐτὸ
592 983 630 1020 το
663 982 844 1032 Πνεύματι
877 981 954 1024 τοὺς
978 981 1149 1034 παρόντας

131 1034 272 1071 ποτίσαι
290 1050 297 1057 ·
309 1038 410 1072 τοῦτο
426 1033 487 1084 μὲν
506 1034 751 1087 ὑπερτίθεμαι,
767 1038 854 1072 ποιῶ
885 1034 920 1072 δὲ
940 1037 1048 1072 ἐκεῖνο
1065 1034 1149 1084 ὅπερ

132 1087 406 1137 ἐπηγγειλάμην.
438 1089 499 1123 Δεῖ
532 1086 599 1137 γὰρ
638 1086 794 1136 μαθητὰς
825 1087 924 1130 ὄντας
960 1089 1054 1136 ἡμᾶς
1089 1089 1147 1122 τοῦ

133 1138 343 1184 ἀποστόλου,
363 1145 432 1180 τοῖς
463 1145 550 1176 πᾶσι
584 1140 628 1176 τὰ
654 1139 767 1176 πάντα
796 1138 972 1188 γενέσθαι,
989 1137 1044 1174 ἵνα
1075 1136 1150 1179 τοὺς

131 1189 263 1233 πάντας
286 1190 520 1241 κερδήσωμεν.
538 1193 739 1242 Παρακαλῶ
766 1192 800 1228 δὲ
813 1220 822 1238 ,
835 1191 898 1228 κᾶν
918 1189 1150 1241 σφαλλώμεθα

131 1243 165 1278 ἐν
197 1247 273 1298 ταῖς
301 1241 437 1289 λέξεσι,
467 1242 673 1294 συγγνώμην
705 1247 788 1293 ἡμῖν
815 1241 1077 1291 ἀπονείμασθαι.
1104 1243 1150 1278 Οἱ

131 1293 198 1344 γὰρ
227 1295 260 1338 ἐξ
292 1293 514 1345 αὐτοσχεδίου
556 1294 737 1345 λέγοντες,
766 1293 931 1337 πολλάκις
975 1294 1150 1345 σφάλλον-

133 1361 210 1392 ται,
232 1349 291 1383 τοῦ
318 1352 376 1384 νοῦ
408 1346 455 1395 μὴ
477 1350 707 1399 ἐπαρκοῦντας
739 1347 797 1384 καὶ
821 1346 883 1392 τὴν
904 1346 1045 1398 Γραφὴν
1071 1348 1152 1382 θεω-

134 1400 258 1447 ρῆσαι,
279 1397 411 1435 καὶτὸν
433 1397 533 1448 λόγον
563 1402 753 1449 κοσμῆσαι.
778 1399 847 1436 Καὶ
867 1398 961 1436 αὐτοὶ
990 1397 1025 1434 δὲ
1054 1400 1152 1447 ὑμεῖς

131 1450 188 1486 τὸν
208 1449 338 1487 ἔνδοθεν
355 1453 451 1500 ὑμῶν
472 1450 648 1501 ἄνθρωπον
663 1454 724 1496 τῆς
746 1450 889 1502 καρδίας
903 1451 1153 1501 παραστήσατε

132 1502 250 1539 ἐνθάδε
270 1501 516 1553 καθαρώτατον
528 1532 537 1548 ,
556 1502 611 1539 ι’να
627 1502 768 1545 ἕκαστος
782 1505 878 1551 ὒμων
897 1501 945 1551 μὴ
968 1501 1068 1551 μόνον
1084 1504 1151 1538 τῶν
1178 1514 1203 1542 D

133 1554 327 1605 λεγομένων
345 1553 453 1604 ἀκούῃ
464 1583 474 1599 ,
497 1553 587 1591 ἀλλὰ
604 1553 664 1592 καὶ
684 1554 796 1604 βλέπῃ
809 1583 817 1599 ,
832 1554 891 1591 καὶ
905 1554 1050 1591 ἑκάστου
1061 1554 1154 1604 πρά-

132 1621 263 1655 γματος
283 1606 440 1656 μανθάνῃ
460 1605 521 1652 τὴν
540 1605 697 1656 δύναμιν.
712 1608 858 1657 Πρῶτον
874 1600 929 1643 οῦν
947 1608 1021 1643 ἐστι
1037 1605 1154 1648 πίστις

132 1662 155 1721 ἡ
173 1658 256 1708 πρὸς
274 1658 362 1696 Θεὸν
380 1664 527 1709 πρᾶγμα
544 1658 805 1704 ἀκατάληπτον,
821 1658 1061 1709 ἀψηλάφητον,
1073 1661 1155 1695 ἀθε-

134 1725 280 1774 ωρβητον,
296 1709 568 1761 ἀκατηγόρητον,
583 1713 698 1761 σιωπῇ
715 1711 911 1761 τιμώμενον
925 1710 984 1748 καὶ
997 1725 1154 1762 προσκυ-

134 1776 312 1811 νούμενον·
333 1761 449 1805 πίστις
469 1763 538 1800 ἀπὸ
560 1762 699 1815 Πατρὸς
719 1763 780 1813 μὲν
807 1763 972 1815 ἀργεται,
993 1763 1049 1800 ἐπὶ
1071 1762 1153 1801 Υἱὸν

134 1813 170 1852 δὲ
184 1814 324 1865 ἔρχεται
338 1844 346 1860 ,
369 1817 415 1857 εἷς
431 1815 467 1852 δὲ
484 1816 523 1853 τὸ
545 1817 690 1864 Πνεῦμα
710 1808 920 1868 πληροῦται·
941 1814 1056 1857 πίστις
1072 1816 1153 1867 ἕδρα

133 1868 247 1931 ψμχῆς
259 1895 269 1912 ,
302 1867 457 1917 θεμέλιος
485 1869 573 1913 ζωῆς
585 1896 594 1913 ,
624 1866 790 1910 ἀθάνατος
822 1868 896 1920 ῥίζα
908 1883 915 1890 ·
939 1866 1088 1910 πίστεως
1118 1867 1153 1905 δὲ

136 1921 212 1969 ῥιςα
237 1921 330 1962 ζῶσα
356 1921 373 1956 ὃ
392 1919 540 1971 Πατὴρ,
561 1919 685 1963 κλάδος
708 1919 933 1971 ἀμάραντοςὸ
948 1920 1051 1966 Υἱὸς,
1072 1935 1154 1971 καρ-

134 1970 197 2012 πὸς
215 1970 383 2012 ἀθάνατος
401 1972 439 2009 τὸ
456 1973 601 2021 Πνεῦμα
618 1973 657 2009 τὸ
672 1972 766 2022 ἅγιον
780 1987 787 1994 ·
804 1972 916 2023 Τριὰς
930 1972 1023 2009 ἁπλῦ
1035 2002 1043 2017 ,
1055 1972 1154 2010 ἀσύν-

135 2026 245 2085 Οετος,
265 2022 515 2074 ἀνέκφραστος,
531 2025 716 2074 ἀδιήγητος
727 2055 736 2071 ,
751 2024 941 2077 ἀδιαίρετος
953 2023 1043 2061 κατὰ
1062 2040 1154 2074 συμ-

135 2089 285 2142 φωνίαν,
298 2076 388 2113 κατὰ
409 2075 567 2126 δύναμιν,
583 2078 661 2113 κατ’
681 2076 868 2128 ἐνέργειαν,
889 2075 979 2114 κατὰ
996 2076 1154 2123 θεότητα,

135 2141 226 2163 κατα
241 2131 403 2177 μεγεθος,
423 2130 456 2165 ἐν
479 2128 691 2166 ὑποστάσεσι
704 2129 763 2166 καὶ
776 2129 921 2179 ὀνόμασι
943 2128 1152 2180 διηρημένη,

135 2180 169 2216 ἐν
186 2178 369 2230 πράγμασι
384 2179 442 2217 καὶ
464 2180 650 2230 δυνάμεσιν
667 2181 828 2231 ἡνωμένη
843 2196 849 2203 ·
865 2172 1058 2233 Tptac'vtpb
1073 2180 1155 2218 αἰώ-

135 2245 200 2288 νων
218 2232 443 2281 ὑπάρχουσα,
473 2234 535 2270 οὐκ
549 2235 610 2270 ἀπ’
638 2234 750 2284 ἀρχῆς
771 2232 945 2286 ἀρξαμένη
964 2237 1024 2270 τοῦ
1043 2227 1130 2270 εἶναι
1143 2251 1164 2280 ,’

136 2282 225 2319 αλλὰ
256 2282 419 2335 ἄναρχος,
451 2284 612 2348 οἲχρονος,
635 2286 824 2336 ἀγήρατος,
858 2285 1046 2333 ἀθάνατος,
1075 2287 1155 2322 ἀτε-

134 2333 312 2380 λεύτητος,
343 2338 404 2372 οὐκ
438 2337 585 2390 αυξωουσα
605 2335 628 2381 ἢ
647 2337 820 2386 λήγουσα,
851 2338 889 2374 οὐ
908 2337 1154 2388 γηράσκουσα,
1180 2346 1204 2376 Ε

682 2388 690 2401 Ι

136 2387 226 2422 ἀλλὰ
242 2387 456 2431 ἀκατάλυτος
470 2392 570 2425 οὐσα·
596 2390 762 2431 ὥσαυτως
783 2389 1004 2440 τυγχάνουσα
1023 2389 1133 2441 Τριὰς
1145 2418 1154 2435 ,

135 2439 172 2475 οὐ
187 2442 244 2475 νῦν
261 2441 438 2489 εὑρεθεῖσα
456 2440 495 2478 τὸ
514 2445 805 2490 προσκυνεῖσθαι,
829 2433 905 2479 ἀλλ’
927 2441 996 2479 ἀπὸ
1021 2440 1156 2478 αἰώνων

136 2491 203 2553 ὑπὸ
217 2491 370 2540 ἀγγέλων
387 2493 421 2527 ἐν
439 2494 593 2542 οὐρανοῖς
607 2492 904 2543 προσκυνουμένη,
916 2494 984 2531 ὑπὸ
996 2493 1156 2545 πατέρων

138 2543 195 2578 ἐπι
213 2544 277 2600 γῆς
305 2542 513 2592 δοξαζομένη
526 2573 535 2589 ,
556 2544 622 2580 ὑπὸ
658 2548 844 2607 προφητῶν
864 2544 1045 2594 τιμωμένη
1061 2574 1071 2592 ,
1091 2543 1158 2581 ὑπὸ

139 2595 341 2630 ἀποστολων
362 2594 599 2646 κηρυττομένη
611 2625 620 2641 ,
638 2596 706 2632 ὑπο
720 2595 934 2642 Ἐκκλησίας
967 2596 1072 2647 μέχρι
1099 2600 1157 2633 νῦν

141 2646 414 2696 μεγαλυνομένη.
448 2646 516 2683 Καὶ
545 2645 746 2697 ἀρξώμεθα,
775 2648 971 2697 ἀγαπητοὶ,
997 2648 1065 2685 ἀπὸ
1089 2650 1158 2684 τῶν

139 2699 312 2748 οὐρανῶν·
337 2697 522 2748 ἀρξώμεθα
553 2699 716 2736 δεικνύειν
736 2702 799 2745 τὴν
818 2702 880 2744 τῆς
899 2699 1048 2751 Τριάδος
1077 2699 1158 2749 μίαν

140 2748 348 2798 κυριότητα,
366 2750 426 2787 καὶ
444 2749 678 2803 προσκύνησιν
698 2751 756 2788 καὶ
775 2752 1009 2801 μεγαλότητα.
1031 2751 1158 2804 Τρίτον

141 2802 172 2837 οἳ.
191 2801 376 2852 ὑπέρτατοι
407 2802 568 2852 ἄγγελοι,
589 2802 649 2839 καὶ
669 2803 850 2852 δυνάμεις,
878 2803 1076 2856 Χερουὸεὶμ
1100 2802 1158 2841 καὶ
1172 2826 1218 2850 855

2105 246 2194 309 957

1222 348 1351 387 Venite
1364 362 1461 398 ergo,
1483 349 1618 399 dilecti,
1635 349 1718 400 quia
1739 348 1769 385 is
1787 346 1849 397 qui
1877 342 2054 396 praecessit
2076 341 2199 380 doctor

1222 401 1446 438 infirmorum
1486 402 1620 439 animas
1662 400 1795 452 triplici
1834 398 1904 435 side
1942 395 2104 433 curavit:
2135 408 2198 432 nos

1221 467 1358 502 quoque
1377 454 1452 503 ejus
1474 454 1623 504 vestigia
1644 465 1844 502 sequamur.
1864 452 1954 487 Puto
1972 456 2088 485 autem
2103 447 2195 484 mul*

1221 513 1273 541 tos
1294 519 1338 541 ex
1355 504 1576 543 adstantibus
1598 506 1687 543 velle
1703 504 1746 541 dc
1765 503 1837 541 fide
1859 500 1996 544 audire,
2018 512 2085 536 non
2101 499 2197 548 quod

1221 556 1274 593 illi
1292 566 1434 607 egeant,
1454 558 1529 595 sani
1551 558 1682 608 quippe
1700 565 1781 593 sunt
1796 571 1806 605 3
1823 553 1883 592 sed
1907 551 2002 603 quod
2021 551 2198 590 velintin-

1220 608 1400 646 firmantes
1427 623 1560 646 sanare.
1583 606 1691 647 Multi
1707 608 1801 645 enim
1827 614 1909 644 sunt
1934 604 2008 642 sani
2033 602 2195 653 quidem,

1221 660 1281 697 sed
1300 661 1360 710 qui
1379 675 1447 698 non
1474 663 1608 712 possint
1627 675 1698 707 cos,
1722 660 1783 710 qui
1808 658 1899 695 male
1917 657 2061 701 habent,
2085 669 2147 706 per
2163 670 2199 693 se

1222 726 1355 750 curare.
1377 713 1632 759 Quamobrem,
1652 711 1787 759 dilecti,
1804 710 1869 747 etsi
1893 709 1929 745 in
1948 716 2200 757 argumentum

1220 764 1333 801 liabeo
1356 764 1393 801 id
1409 764 1504 814 quod
1526 765 1562 801 in
1588 763 1784 814 Evangelio
1805 763 1881 813 jam
1908 761 2038 797 lectum
2059 768 2109 796 est
2129 773 2197 796 ex-

1220 816 1376 867 planare,
1397 826 1430 853 et
1462 831 1504 854 ex
1525 816 1661 868 Spiritu
1699 823 1817 852 sancto
1841 813 1936 849 hunc
1958 811 2060 848 vobis
2078 820 2202 861 potum

1220 867 1326 917 dare,
1358 869 1565 920 supersedeo
1595 878 1725 914 tamen,
1752 876 1792 904 ut
1827 865 1865 902 id
1894 864 1989 914 quod
2021 862 2202 913 pollicitus

1222 935 1301 958 sum
1321 935 1509 971 exsequar.
1528 923 1678 972 Oportet
1709 919 1802 956 enim
1828 931 1891 954 nos
1917 915 2067 967 apostoli
2094 914 2201 951 disci-

1222 973 1324 1024 pulos
1350 973 1514 1010 omnibus
1532 974 1651 1010 omnia
1671 971 1764 1021 fieri,
1797 979 1837 1007 ut
1865 982 1982 1006 omnes
2001 966 2202 1004 lucrifacia-

1223 1039 1314 1062 mus.
1357 1027 1456 1076 Rogo
1480 1034 1611 1070 autem,
1643 1024 1671 1061 si
1698 1023 1734 1060 in
1767 1021 1986 1059 dictionibus
2020 1019 2197 1063 labamur,

1222 1077 1361 1115 veniam
1381 1078 1472 1114 mihi
1493 1077 1602 1114 detis:
1623 1090 1706 1113 nam
1742 1075 1803 1124 qui
1830 1087 1875 1110 ex
1902 1082 2059 1122 tempore
2085 1079 2198 1112 orant,

1223 1143 1313 1181 saepe
1340 1129 1534 1177 labuntur,
1562 1143 1642 1166 cum
1671 1140 1768 1164 mens
1797 1139 1866 1162 non
1892 1124 2004 1175 possit
2035 1122 2141 1159 simul
2171 1130 2204 1158 et

1224 1181 1445 1233 Scripturam
1481 1180 1653 1233 speculari
1685 1188 1718 1216 et
1747 1177 1940 1215 orationem
1970 1187 2104 1211 ornare.
2127 1175 2204 1211 Vos

1225 1243 1342 1271 autem
1357 1233 1538 1271 internum
1552 1241 1710 1272 vestrum
1728 1229 1908 1267 hominem
1933 1235 1966 1264 et
1991 1240 2049 1263 cor
2067 1225 2127 1262 hic
2139 1239 2204 1262 ex-

1225 1285 1342 1323 hibete
1359 1286 1603 1337 purissimum,
1623 1294 1662 1321 ut
1689 1282 1838 1333 quisque
1855 1289 2011 1318 vestrum
2040 1292 2108 1315 non
2124 1291 2205 1314 mo-

1225 1336 1272 1374 do
1310 1338 1406 1376 dicta
1439 1338 1576 1385 audiat,
1608 1336 1668 1374 sed
1695 1344 1727 1373 et
1746 1334 1864 1373 videat
1881 1342 1914 1372 et
1948 1332 2119 1383 cujusque
2156 1330 2207 1367 rei

1227 1389 1302 1427 vim
1334 1389 1477 1427 ediscat.
1508 1389 1629 1426 Prima
1653 1402 1737 1438 ergo
1757 1401 1811 1424 res
1835 1395 1886 1424 est
1906 1384 1994 1422 fides
2014 1384 2048 1420 in
2073 1384 2204 1433 Deum,

1226 1456 1281 1479 res
1302 1441 1682 1493 incomprehensibilis,
1710 1454 1786 1490 quae
1818 1438 1914 1489 tangi
1950 1436 2083 1486 nequit,
2109 1435 2204 1473 invi-

1228 1494 1354 1542 sibilis,
1385 1509 1461 1544 quae
1487 1492 1696 1546 reprehendi
1722 1491 1856 1541 nequit,
1886 1504 1962 1539 quse
1991 1489 2130 1525 silentio
2144 1488 2207 1525 ho-

1228 1555 1372 1583 noratur
1391 1555 1424 1583 et
1445 1546 1627 1584 adoratur.
1667 1544 1770 1582 Fides
1802 1558 1821 1579 a
1842 1545 1945 1581 Patre
1970 1541 2108 1592 incipit,
2144 1554 2206 1591 per

1227 1598 1362 1635 Filium
1382 1599 1492 1648 venit,
1530 1599 1565 1635 in
1592 1597 1730 1650 Spiritu
1757 1604 1876 1633 sancto
1901 1593 2069 1644 impletur
2089 1608 2096 1628 :
2119 1593 2208 1629 fides

1228 1650 1327 1689 sedes
1355 1652 1495 1700 animae,
1515 1650 1784 1688 fundamentum
1807 1648 1902 1693 vitre,
1927 1645 2028 1682 radix
2055 1645 2205 1681 immor—

1228 1703 1308 1741 talis
1333 1720 1340 1740 :
1361 1704 1445 1741 fidei
1468 1703 1573 1741 radix
1604 1703 1728 1742 vivens
1758 1710 1809 1738 est
1841 1700 1955 1746 Pater,
1985 1711 2104 1734 ramus
2134 1696 2206 1734 im—

1227 1756 1479 1794 marcescibilis
1504 1755 1632 1801 Filius,
1653 1755 1788 1791 fructus
1813 1750 2022 1789 immortalis
2053 1748 2208 1800 Spiritus

1227 1818 1389 1847 sanctus:
1411 1808 1569 1846 Trinitas
1596 1806 1763 1858 simplex,
1796 1802 2042 1854 incomposita,
2077 1801 2205 1838 ineffa-

1227 1861 1322 1910 bilis,
1356 1860 1613 1908 inenarrabilis,
1644 1856 1876 1896 indivisibilis
1903 1854 2097 1892 seeundum
2124 1867 2206 1890 con-

1226 1927 1379 1962 sensum,
1402 1913 1595 1950 secundum
1614 1911 1802 1957 virtutem,
1824 1907 2018 1945 secundum
2039 1904 2208 1957 operandi

1226 1966 1314 2014 vim,
1344 1965 1538 2003 secundum
1582 1963 1816 2008 divinitatem,
1847 1959 2041 1997 secundum
2072 1957 2209 2008 magni-

1227 2018 1400 2065 tudinem,
1420 2018 1456 2054 in
1477 2016 1730 2068 hypostasibus
1749 2023 1781 2051 et
1803 2012 2005 2049 nominibus
2024 2010 2206 2053 distincta,

1228 2070 1263 2107 in
1285 2070 1390 2108 rebus
1411 2079 1444 2106 et
1459 2069 1690 2121 potestatibus
1714 2066 1811 2103 unita
1830 2080 1837 2100 ε
1860 2063 2021 2101 Trinitas
2042 2071 2120 2099 ante
2139 2076 2207 2098 sa:-

1227 2123 1306 2159 cula
1317 2123 1501 2170 exsistens,
1512 2135 1581 2158 non
1600 2134 1619 2157 a
1635 2117 1810 2171 principio
1826 2116 1931 2167 coepit
1947 2129 2032 2163 esse,
2052 2114 2114 2151 scd
2133 2114 2208 2151 sine

1227 2175 1418 2228 principio,
1441 2174 1515 2211 sine
1545 2182 1716 2224 tempore,
1750 2170 1824 2207 sine
1842 2168 1953 2215 senio,
1978 2166 2205 2212 immortalis,

1226 2227 1498 2264 interminabilis
1518 2241 1525 2262 :
1545 2239 1614 2262 non
1638 2232 1754 2269 aucta,
1787 2235 1850 2259 nec
1882 2233 2031 2264 cessans,
2063 2232 2125 2256 nec
2152 2232 2209 2256 se‹

1229 2293 1384 2326 nescens,
1414 2278 1478 2316 sed
1508 2277 1736 2315 indissoluta:
1764 2273 1927 2312 similiter
1959 2270 2118 2309 Trinitas
2140 2285 2207 2308 ex-

1230 2334 1370 2381 sistens,
1390 2345 1460 2368 non
1477 2344 1571 2368 nunc
1586 2330 1728 2367 inventa
1743 2336 1776 2364 et
1789 2326 1947 2369 adorata,
1963 2323 2023 2360 scd
2037 2337 2056 2360 a
2071 2323 2209 2360 saeculis

1231 2384 1266 2421 in
1291 2385 1375 2421 caelo
1400 2384 1446 2420 ab
1477 2382 1610 2433 angelis
1642 2380 1831 2423 adorata‚a
1851 2376 2012 2429 patribus
2043 2375 2079 2412 in
2116 2384 2210 2412 terra

1231 2437 1446 2487 glorificata,
1461 2449 1481 2472 a
1499 2433 1683 2486 prophetis
1693 2432 1815 2469 habita
1830 2430 1865 2467 in
1899 2429 2043 2476 honore,
2062 2427 2107 2464 al)
2125 2441 2212 2478 apo-

1230 2489 1330 2526 stolis
1348 2488 1550 2540 praedicata,
1565 2486 1610 2523 ab
1624 2483 1780 2522 Ecclesia
1796 2482 1840 2520 ad
1860 2482 1927 2518 hoe
1946 2494 2055 2529 usque
2072 2488 2211 2530 tempus

1231 2540 1418 2577 celebrata.
1438 2539 1665 2589 Incipiamus,
1678 2535 1810 2583 dilecti,
1827 2549 1846 2571 a
1862 2533 1956 2570 caelis
1975 2547 1981 2566 :
1999 2531 2211 2582 incipiamus

1232 2591 1414 2630 ostendere
1430 2590 1619 2628 Trinitatis
1640 2602 1747 2625 unam
1765 2584 2053 2629 dominationem,
2083 2582 2209 2619 adora-

1231 2645 1383 2691 tionem,
1403 2641 1696 2693 magnitudinem.
1711 2640 1784 2676 Ter
1801 2635 1944 2688 superni
1962 2634 2097 2684 angelif,
2113 2643 2209 2684 potc-

1231 2706 1348 2744 states,
1384 2694 1577 2732 Cherubim
1597 2702 1630 2730 et
1661 2690 1847 2741 Seraphim
1868 2687 1958 2725 illud
1971 2717 1981 2735 ,
2014 2687 2179 2723 Sanctus
2194 2714 2206 2730 ,

1232 2750 1412 2796 Sanctus,
1431 2748 1608 2791 Sanctus,
1633 2742 1831 2781 incessabili
1851 2755 1909 2778 ore
1928 2737 2213 2784 modulantes,iu·

1234 2815 1340 2838 unam
1357 2797 1634 2836 dominationem
1653 2795 1827 2833 extollunt
1850 2791 2011 2842 gloriam.
2032 2790 2121 2826 Tres
2145 2802 2211 2825 au-

143 2853 323 2903 )-Ξραῖνεὶμ
331 2852 533 2905 τὸ,Ἅγιος,
545 2853 805 2903 Ἅγιος,Ἅγιος,
817 2854 1076 2906 ἀκαταπαύστῳ
1085 2854 1161 2893 στό-
1183 2862 1209 2891 Α
1232 2854 1329 2903 gelos
1344 2851 1523 2889 Abraham
1542 2847 1741 2900 patriarcha
1761 2846 1826 2883 suh
1845 2858 1973 2894 quercu
1997 2841 2159 2878 Mambre
2175 2840 2209 2876 in

145 2920 229 2953 ματι
246 2907 462 2956 μελῳδοῦντα
480 2908 526 2948 εἷς
541 2905 622 2955 μίαν
633 2907 819 2957 κυριότητα
833 2912 1016 2958 κορυφοῦσι
1030 2907 1092 2953 τὴν
1105 2906 1159 2944 δό-

145 2956 216 3020 ξαν.
236 2959 339 3008 Τρεῖς
360 2957 522 3008 ἀγγέλους
535 2957 722 3010 Ἀδραὰμὸ
743 2959 962 3010 πατριάρχης
980 2958 1160 3009 τυγγάνων

145 3010 212 3045 ὑπο
222 3008 285 3071 ττὴν
301 3011 380 3061 δρῦν
393 3009 455 3054 τὴν
468 3009 625 3062 Magassa->¹
640 3013 673 3047 ἐν
689 3014 730 3061 τῇ
746 3014 855 3061 σκηνῗΙ
872 3003 1161 3062 θεωρήσαςζμίαν

145 3073 354 3124 κυριρτητα,
371 3061 516 3108 ἰσότητα
550 3062 678 3112 Τριάδι
712 3065 779 3099 τῶν
808 3062 962 3113 ἀγγέλων
985 3061 1162 3111 ἀπένειμε.

156 3112 173 3147 l
186 3125 300 3175 ρειςῖοε
321 3112 548 3162 ἅγγελοι,καὶ
562 3113 641 3165 δρῦς
656 3114 714 3151 καὶ
730 3114 838 3160 σκηνὴ
850 3114 907 3151 καὶ
918 3113 1089 3164 Ἀὅραὰμ,
1105 3113 1164 3151 καὶ

148 3177 293 3211 σταυρος
311 3165 369 3200 καὶ
387 3164 583 3210 Ἐκκλησία
595 3166 654 3202 καὶ
673 3166 814 3217 σπέρμα
835 3165 1036 3218 ἀνθρώπων.
1056 3164 1166 3208 Αὐτὸς

149 3212 310 3263 Ἀῧραὰμ
327 3214 402 3251 ὁδὸν
418 3218 524 3266 τριῶν
543 3221 684 3269 ἡμερῶν
706 3217 873 3268 ἐπορεύθη
893 3217 949 3255 ἰπὶ
964 3217 1003 3254 τὸ
1021 3217 1078 3254 τὸν
1094 3217 1165 3254 υἱὸν

151 3267 252 3327 αρτ-οῦ
271 3265 394 3303 Ἰσαὰκ
425 3269 471 3308 εἰς
502 3268 741 3318 ὃλοκάρπωσιν
776 3272 826 3306 τῶ
858 3271 939 3307 Os&
977 3268 1167 3318 ἀνενέγκαι.

161 3318 173 3353 Ι
189 3316 350 3367 ριήμερος
373 3318 407 3355 δὲ
425 3319 499 3360 ὁδὸς
518 3320 576 3356 καὶ
595 3319 718 3358 Ἰσαὰκ
738 3308 1057 3371 ὃλοκαρπούμενος,
1074 3320 1170 3371 τριή-

198 3446 209 3459 ³
236 3436 375 3470 Savlltus
394 3446 488 3480 putat
505 3438 676 3482 legendum
697 3446 748 3474 καί-κ
767 3445 845 3476 αὐτοὶ
864 3450 903 3474 τῶ
925 3449 1047 3482 πόματα

1231 2903 1460 2942 tabernaculo
1483 2914 1642 2948 cernens,
1678 2912 1783 2935 unam
1822 2894 2098 2933 dominationem
2117 2901 2149 2929 et
2165 2906 2210 2928 εο-

1231 2956 1436 3007 qualitatem
1450 2953 1654 3003 angelorum
1665 2948 1835 2987 Trinitati
1854 2946 2026 2984 attribuit.
2051 2945 2140 2980 Tres
2150 2957 2211 2981 ve-

1231 3023 1270 3046 ro
1297 3017 1377 3045 sunt
1410 3005 1524 3055 angeli
1544 3020 1553 3051 ;
1574 3013 1607 3040 ct
1641 3015 1790 3051 quercus
1815 3008 1848 3036 et
1878 2996 2143 3035 tabernaculum
2176 3003 2210 3032 ct

1233 3060 1432 3104 Abraham3
1453 3066 1486 3094 et
1499 3069 1587 3093 crux
1610 3062 1642 3090 et
1658 3052 1813 3090 Ecclesia
1829 3059 1862 3088 ct
1875 3062 1990 3087 semen
2005 3047 2205 3085 hominum,

1232 3113 1312 3163 Ipse
1339 3109 1521 3147 Abraham
1546 3106 1605 3142 via
1624 3105 1735 3142 trium
1755 3103 1892 3140 dierum
1923 3100 2002 3147 ivit,
2021 3107 2060 3135 ut
2095 3098 2211 3135 silium

1235 3176 1340 3199 suuni
1361 3164 1457 3199 Isaac
1476 3160 1512 3196 in
1538 3158 1784 3195 holocaustum
1802 3156 1878 3191 Deo
1904 3152 2058 3189 offerret.
2082 3150 2213 3186 Trium

1235 3214 1376 3251 dicrum
1395 3213 1461 3249 iter
1489 3220 1540 3249 est
1562 3219 1600 3246 ut
1621 3211 1718 3246 Isaac
1734 3207 1902 3244 offeratur
1921 3219 1930 3249 ;
1952 3202 2059 3240 trium
2074 3201 2214 3238 dierum

1238 3275 1286 3303 cst
1302 3265 1416 3316 passio
1433 3262 1564 3300 Christi
1580 3275 1641 3312 per
1658 3273 1807 3297 crucem.
1825 3255 1931 3303 Quod
1951 3264 2067 3292 autem
2081 3252 2215 3291 Christi

1239 3317 1446 3370 mysterium
1466 3314 1645 3352 Abraham
1663 3311 1698 3349 in
1719 3313 1838 3349 lsaaco
1854 3307 2104 3360 specularetur,
2120 3304 2217 3343 testi-
