2502 3810
685 268 727 297 IN
766 268 880 297 Acri
918 267 1195 297 APOSTOLORb
1190 268 1254 296 Μ.
1294 267 1448 296 nomn„
1487 267 1578 296 xm.
2069 251 2157 310 547

88 351 177 389 ὥστε
196 351 254 388 καὶ
281 351 350 388 ἀπὸ
376 349 494 387 τούτου
525 348 656 399 μηδένα
675 350 806 399 τολμᾷν
827 347 915 398 μηδὲ
936 363 982 390 ως
1002 347 1103 399 ἔτυχε

87 412 125 448 τὸ
155 410 262 460 ὄνομα
289 410 467 458 ὀνομάζειν
490 410 623 447 λοιπόν.
648 410 761 446 Τοῦτο
780 407 925 450 πολλοὺς
950 409 1019 444 τῶν
1039 423 1104 444 πι-

87 470 303 508 στευσάντων
329 473 375 513 εἷς
399 469 645 520 ἐξομολόγησιν
660 468 770 518 ἤγαγε
782 483 790 490 ·
807 471 909 505 τοῦτο
924 467 982 505 καὶ
1000 466 1103 518 φόὸον

87 533 200 572 αὐτοῖς
219 530 378 578 ἐνέὲαλε,
398 530 458 568 καὶ
475 535 535 568 τοῦ
559 529 674 566 πάντα
703 528 828 566 εἰδέναι
846 528 903 565 τὸν
929 527 1018 566 Θεὸν
1047 526 1106 576 με’-

87 606 204 641 γιστον
227 596 326 629 τοῦτο
344 590 533 642 τεκμήριον
552 589 682 641 γέγονε.
702 589 792 641 Πρὶν
813 588 835 634 ἢ
854 588 921 625 ὑπὸ
937 590 1005 625 τῶν
1026 589 1106 625 δαι-

88 649 200 699 μόνων
221 652 275 688 ἕλε
277 654 424 702 ιν’[θῆνοιι
439 679 448 697 ,
481 653 612 688 ἑαυτων
643 648 870 700 κατηγόρουν,
902 646 1108 699 φοὲούμενοι

88 711 135 760 μὴ
152 711 196 748 τοι
214 711 303 749 αυτὰ
319 712 496 749 πάθωσιν·
518 710 670 753 εἰκότως.
687 708 800 746 ςὈταν
813 708 880 760 γὰρ
896 711 927 746 οι
949 711 1108 758 βοηθουν-

89 787 144 814 τες
163 772 321 822 δαιμονες
340 772 527 823 κατήγοροι
544 772 656 808 αὐτων
671 772 755 814 ὠσι,
771 769 830 806 καὶ
849 771 887 806 οὗ
907 767 1109 818 σύμμαχοι,

90 831 173 869 ποία
205 833 323 870 λοιπὸν
352 831 506 879 ἐλπις,
487 848 510 877 η
532 830 588 868 διὰ
609 831 678 867 τῶν
711 829 819 880 ἔργων
848 826 1110 877 ἐξομολόγησιςς

91 890 184 941 εὈρα
205 891 239 930 δὲ
255 887 309 930 οἷα
331 892 417 942 μετὰ
441 891 561 941 μικρὸν
583 889 716 940 γίνεται
733 886 844 932 κακὰ,
861 886 1021 923 τοιούτων
1042 901 1110 930 ση-

92 950 198 1001 μείων
233 951 436 1003 γενομένων.
462 949 614 994 Τοιαύτη
642 947 744 998 γὰρὴ
763 945 961 999 ἀνθρωπίνη
992 945 1109 995 φύσις·

92 1011 229 1063 ταχέως
250 1011 514 1048 ἐπιλανθάνεται
533 1004 579 1045 ὧν
599 1010 837 1058 εὐεργετεῖται.
855 1004 905 1042 ΊλΗ
922 1007 959 1042 οὗ
977 1003 1110 1054 μέμνη-

93 1075 172 1118 σθε,
192 1071 245 1109 ὅτι
265 1071 325 1108 καὶ
355 1070 412 1108 ἐπὶ
440 1072 508 1106 τῶν
536 1070 612 1105 καθ’
634 1069 727 1116 ἡμᾶς
745 1064 936 1116 γενομένων
962 1064 1002 1101 τὸ
1028 1063 1112 1101 αὐτὸ

91 1135 191 1168 τοῦτο
205 1131 362 1181 γέγονεν,
381 1129 469 1167 Εἰπὲ
489 1127 555 1180 γάρ
579 1143 658 1176 μοι,
686 1131 699 1147 ³
714 1128 751 1163 οὗ
765 1125 909 1177 πέρυσιν
930 1124 1110 1169 ἔτίναξενὸ

91 1191 178 1232 Θεὸς
203 1189 266 1234 τὴν
285 1188 384 1226 πόλιν
404 1195 542 1234 πᾶσαν,
563 1187 649 1224 'li
631 1186 703 1233 οαί,
727 1185 807 1237 οὖγι
832 1185 959 1228 πάντες
985 1185 1043 1222 ἐπὶ
1073 1184 1112 1222 τὸ

92 1248 168 1300 φώτ
155 1264 257 1286 ισμα
281 1249 448 1298 ἔδραμον·
440 1247 543 1299 ,0072
567 1246 688 1298 πόρνοι
707 1262 767 1284 και
789 1245 939 1296 μαλακοι
959 1245 1056 1283 καὶ
1038 1260 1111 1282 οιε-

92 1308 282 1360 φθαραένοι
300 1308 476 1358 οἰκήματα
503 1306 666 1359 ἀφέντες,
685 1322 745 1344 και
770 1322 847 1349 τους
867 1305 992 1349 τόπους
1009 1307 1043 1342 ἐν
1066 1308 1114 1348 οἱς

1172 347 1240 384 hoc
1252 360 1377 384 nomen
1390 346 1643 398 proferre.Hoc
1654 344 1816 383 fidelium
1828 344 1958 382 multos
1969 344 2016 382 ad
2029 345 2162 382 confes-

1174 408 1307 445 sionem
1319 408 1556 457 dcduxit,hoc
1566 417 1599 445 et
1613 407 1776 445 timorem
1786 406 1874 460 ipsis
1886 405 2163 455 incussi17maxi-

1176 483 1344 519 mumque
1355 469 1422 506 hoc
1436 477 1686 519 argumentum
1701 468 1770 505 fuit
1785 470 1902 505 Deum
1917 465 2035 504 omnia
2047 479 2161 503 nosse.

1176 529 1388 579 Priusquam
1407 544 1427 566 a
1457 529 1679 566 daemonibus
1698 527 2011 579 redarguerentur,
2029 526 2162 577 seipsos

1178 589 1401 638 accusabant,
1416 589 1577 626 timentes
1596 603 1638 626 ne
1654 588 1775 626 eadem
1792 596 2019 640 paterentur3
2038 595 2072 624 et
2082 587 2165 637 jure

1179 648 1336 698 quidem.
1360 649 1512 696 Quando
1531 650 1622 686 enim
1644 648 1824 700 adjutores
1842 648 2035 695 daemones,
2057 661 2164 684 accu—

1131 715 1155 744 C
1180 717 1310 745 satores
1327 708 1472 745 illorum
1487 718 1598 751 erant,
1617 722 1686 745 non
1699 708 1928 745 auxiliatores
1944 707 2072 757 ‚qualis
2088 721 2166 758 spes

1180 777 1361 819 supererat
1374 797 1384 814 ,
1406 768 1473 805 nisi
1493 768 1662 805 consessio
1683 782 1747 818 per
1766 768 1900 818 opera?
1921 767 2016 807 Vide
2035 777 2166 817 quanta

1179 828 1282 865 brevi
1303 837 1423 879 postea
1446 828 1538 864 mala
1565 827 1726 866 eveniant
1751 837 1830 879 post
1849 837 1900 865 tot
1926 829 2016 865 facta
2049 828 2163 878 signa.

1181 887 1282 924 Talis
1298 887 1429 937 quippe
1444 895 1494 923 est
1505 886 1662 923 humana
1673 895 1823 923 natura:
1842 887 1958 924 statim
1976 887 2166 924 beneficio-

1180 960 1260 983 rum
1272 946 1507 983 obliviscitur.
1519 949 1643 982 Annon
1657 945 1877 993 meministis,
1890 946 2046 997 idipsum
2059 947 2162 984 etiam
2192 949 2290 976 Tenae
2307 959 2369 976 ¹¹¹0·

1180 1006 1308 1043 nostris
1347 1006 1567 1057 tempmibus
1597 1005 1793 1043 accidisse?
1817 1006 1887 1042 Dic
1923 1006 2017 1042 enim
2050 1006 2164 1042 mihi:

1180 1126 1282 1163 tam?
1298 1126 1397 1172 Quid
1415 1126 1525 1165 vero?
1541 1140 1656 1163 nonne
1671 1140 1792 1164 omnes
1810 1125 1858 1163 ad
1871 1126 2090 1177 baptismum
2110 1141 2168 1164 ac-

1182 1187 1379 1225 cedebant?
1396 1201 1514 1226 nonne
1541 1197 1772 1235 scortatores,
1796 1188 1920 1225 molles
1948 1197 1980 1224 et
2010 1188 2168 1239 corrupti

1182 1248 1358 1296 homines,
1377 1248 1509 1286 relictis
1525 1248 1691 1286 domibus
1711 1258 1743 1286 et
1762 1248 1990 1298 habitaculis,
2011 1249 2170 1286 conversi

1184 1317 1218 1346 et
1229 1308 1280 1360 pii
1295 1308 1408 1346 effecti
1425 1309 1614 1347 sunti’Ubi
1631 1318 1750 1346 autem
1767 1318 1836 1346 tres
1851 1308 1925 1346 dies
1940 1309 2168 1358 transierunt,

95 1368 278 1420 διέτριὸον,
325 1368 569 1419 μετετέθησαν,
612 1383 673 1405 και
714 1366 895 1418 γεγόνασιν
940 1368 999 1404 εὐ)
1002 1365 1079 1404 αβ
1030 1382 1114 1412 εις,
1136 1380 1161 1409 Ι)
1185 1383 1309 1406 rursus
1324 1368 1367 1406 ad
1387 1369 1577 1420 pristinam
1595 1369 1729 1407 reversi
1749 1378 1830 1406 sunt
1850 1369 2057 1419 nequitiam.
2068 1369 2173 1407 Unde

94 1429 241 1476 Ἐπειδὴ
272 1429 308 1467 δὲ
332 1434 423 1481 τρεῖς
452 1427 583 1480 ἡμέραι
609 1429 801 1480 παρῆλθον,
826 1427 933 1465 πάλιν
963 1426 1019 1464 ἐπὶ
1051 1426 1114 1473 τὴν

95 1489 222 1527 οἷκείαν
252 1491 444 1536 ἐπανῆλθον
471 1488 609 1527 κακίαν.
636 1487 747 1526 Πόθεν
773 1488 807 1526 δὲ
835 1492 938 1526 τοῦτο
965 1486 1096 1539 γίνεται
1105 1502 1115 1534 3

95 1549 178 1587 Ἀπὸ
202 1553 262 1595 τῆς
287 1552 420 1596 πολλῆς
437 1549 591 1592 νωθείας.
613 1550 682 1588 Καὶ
710 1549 744 1587 τί
765 1550 978 1600 θαυμαστὸν,
1000 1552 1028 1587 εἰ
1047 1551 1115 1587 τῶν

94 1611 311 1662 πραγμάτων
329 1610 582 1662 παρελθόντων,
602 1610 685 1648 ὅπου
705 1626 745 1661 γε
760 1612 828 1647 τῶν
850 1610 988 1648 εἰκόνων
1004 1611 1118 1657 διηνε-

96 1673 165 1714 κῶς
182 1672 356 1720 μενουσῶν
374 1672 413 1709 τὸ
436 1671 519 1709 αὐτὸ
537 1670 688 1722 γίνεται,
708 1670 764 1708 Τὰ
784 1672 818 1707 ἐν
836 1671 1022 1721 Σοδόμοις,
1043 1670 1119 1709 εἶπέ

97 1746 185 1781 μοι,
203 1732 280 1783 οὐχὶ
300 1733 439 1778 διηνεκῆ
456 1747 496 1768 τυ
500 1731 640 1783 [χάνεις
653 1730 701 1769 Τί
715 1724 793 1779 οὖν,
810 1747 840 1769 οι
856 1747 1120 1783 προσοικουντες

97 1792 166 1829 ἀπὸ
192 1791 323 1829 τούτων
342 1791 503 1842 γεγόνασι
525 1791 694 1842 βελτίους
716 1790 928 1841 ιὈὐδαμῶς
951 1791 998 1829 Τί
1027 1791 1115 1829 δαι
1102 1808 1119 1829 ο

96 1866 156 1889 του
180 1853 259 1889 Νῶε
275 1851 362 1898 υιός,
380 1867 460 1903 ουχι
479 1855 630 1894 τοιοῦτος
649 1856 711 1898 ἦν,
726 1868 804 1903 ουχι
818 1853 852 1889 ἐν
866 1852 964 1890 ὄὺεσι
980 1851 1116 1903 βλέπων

97 1911 245 1963 ἐρημίαν
263 1912 433 1958 τοσαύτην
451 1927 555 1956 κακος
576 1916 618 1958 ἠν
628 1911 760 1961 ,Μὴ
743 1912 782 1958 οὴ
800 1912 1029 1962 θαυμάζωμεν
1044 1929 1118 1955 πως

97 1975 158 2010 οὐκ
189 1972 395 2011 ἐπίστευσαν
421 1972 550 2011 τούτων
579 1973 786 2023 γενομένων,
813 1972 897 2010 ὅπου
921 1989 961 2024 γε
990 1974 1076 2020 αὐτὴ
1094 1977 1115 2020 ἡ

96 2033 212 2077 πίστις
226 2035 305 2071 πολ
296 2045 395 2076 Λακις
409 2036 455 2077 εἷς
469 2034 664 2071 τούναντίον
681 2036 820 2078 αὐτοῖς
810 2034 1117 2107 περιτρέπεται,εἷς

97 2093 243 2130 κακίαν·
262 2097 329 2131 οἱον
350 2097 396 2137 ὡς
413 2093 494 2131 ὅταν
510 2095 728 2144 δαιμονῶντα
746 2094 875 2145 λε’γωσι
892 2095 949 2133 τὸν
961 2094 1018 2132 Υ
998 2110 1044 2132 ιον
1058 2111 1117 2133 του

98 2155 202 2192 Θεοῦ.
229 2152 280 2191 Ἢ
314 2157 378 2206 οὐχ
405 2158 508 2206 ὃρατε
533 2154 593 2193 καὶ
621 2159 678 2192 νῦν
706 2171 817 2192 ταυτα
844 2155 1030 2205 γινόμενα,
1057 2155 1117 2192 καὶ

98 2214 255 2266 ὂριώδεις
276 2214 474 2268 ἀνθρώπους
496 2216 598 2258 ὄντας
617 2214 777 2262 πολλοὺς,
808 2214 974 2258 ἀπίστους
1001 2231 1039 2253 τε
1058 2215 1118 2253 καὶ

98 2274 319 2326 ἀγνώμονας,
339 2275 371 2313 οἳ
391 2275 450 2313 καὶ
468 2275 559 2313 κατὰ
586 2275 647 2318 τὰς
667 2275 757 2326 ἔχεις
769 2304 778 2321 ,
806 2275 888 2314 ὅταν
910 2275 1117 2314 ἀπολαύσω-

99 2351 152 2372 σιν
186 2335 400 2388 εὐεργεσίας,
421 2335 479 2373 καὶ
498 2337 695 2387 θαλφθῶσιν
715 2337 782 2374 ὑπὸ
801 2338 916 2384 τινῶν,
950 2336 1028 2374 τότε
1055 2338 1117 2373 λυ-

94 2399 198 2434 ποῦσι
221 2396 297 2439 τοὺς
328 2396 530 2448 εὐεργέτας,
559 2398 685 2434 Ταῦτα
704 2399 788 2447 ἡμῖν
810 2397 963 2450 εἴρηται,
991 2396 1048 2435 ἵνα
1069 2397 1117 2448 μή

93 2473 145 2500 τις
159 2457 317 2508 θαυμάζῃ
334 2460 408 2500 πῶς
421 2455 583 2495 τοιούτων
600 2456 755 2506 σημείων
769 2457 960 2508 γενομένων
978 2458 1015 2495 οὗ
1031 2457 1118 2495 ποίν-

98 2533 153 2561 τες
170 2518 395 2569 ἐπέστρεψαν.

153 2576 242 2615 Ἰδου
260 2577 325 2649 γαρ
344 2594 401 2615 επι
419 2594 488 2615 των
506 2580 635 2630 καιρῶν
657 2580 723 2616 τῶν
743 2579 921 2631 ἡμετέρων
938 2579 1011 2616 “Tot
1026 2577 1118 2617 κατὰ

1185 1430 1254 1467 hoc
1271 1430 1444 1481 contingit
1461 1430 1477 1467 ἱ)
1497 1430 1555 1467 Ex
1571 1430 1712 1481 ignavia
1727 1430 1852 1467 multa.
1873 1429 2012 1479 Ecquid
2028 1429 2173 1478 mirum,

1187 1490 1216 1528 si
1233 1490 1295 1527 ubi
1312 1505 1367 1528 res
1394 1490 1618 1536 transierunt,
1640 1490 1781 1540 quando
1803 1490 2020 1541 imaginibus
2046 1505 2175 1541 perpe-

1186 1561 1248 1589 tuo
1269 1552 1492 1590 manentibus
1512 1552 1579 1590 hoc
1601 1552 1720 1604 ipsum
1740 1552 1880 1589 evenit?
1899 1552 1987 1598 Quae
2008 1552 2042 1588 in
2062 1551 2174 1589 Sodo-

1188 1612 1276 1661 mis,
1297 1612 1357 1650 dic
1389 1612 1501 1662 mihi,
1529 1627 1644 1651 nonne
1678 1622 1849 1665 perpetuo
1878 1613 2053 1650 manent?
2078 1612 2174 1657 Quid

1189 1688 1270 1725 ergo
1282 1674 1351 1711 ?an
1372 1673 1480 1711 vicini
1503 1683 1684 1725 propterea
1702 1674 1863 1711 meliores
1882 1673 1965 1711 facti
1982 1674 2086 1711 suut?
2104 1674 2176 1710 Mi-

1189 1734 1294 1772 nime.
1306 1734 1405 1780 Quid
1426 1744 1457 1772 et
1477 1734 1574 1771 filius
1588 1735 1689 1771 Noe?
1703 1748 1816 1772 nonne
1834 1735 1913 1771 talis
1939 1743 2013 1771 erat
2027 1735 2044 1770 Ξ)
2062 1748 2177 1771 nonne

1189 1803 1324 1832 tantam
1352 1795 1419 1832 sub
1439 1795 1551 1832 oculis
1571 1795 1702 1832 liabens
1729 1794 1971 1842 solitudinem,
1994 1795 2109 1831 malus
2123 1803 2175 1831 ta-

1190 1869 1270 1892 men
1284 1856 1385 1892 erat?
1405 1857 1459 1894 Ne
1474 1855 1646 1892 miremur
1660 1869 1742 1905 ergo
1759 1885 1768 1902 ,
1786 1855 1814 1892 si
1835 1854 1892 1892 his
1911 1855 1958 1891 ita
1981 1854 2087 1904 gestis
2106 1868 2176 1891 non

1191 1915 1431 1963 crediderunt,
1447 1915 1587 1966 quando
1600 1916 1674 1967 ipsa
1693 1915 1781 1952 fides
1795 1915 1868 1952 illis
1882 1929 1971 1966 saepe
1985 1915 2020 1951 in
2037 1923 2177 1951 contra-

1190 1975 1284 2013 rium
1300 1985 1334 2013 et
1349 1976 1386 2013 in
1402 1976 1594 2026 nequitiam
1607 1976 1778 2024 vertitur3
1793 1985 1831 2012 ut
1846 1975 1988 2025 quando
2005 1974 2176 2012 daemoni-

1190 2052 1293 2076 acum
1317 2053 1390 2076 esse
1417 2039 1681 2076 djcehanrDei
1715 2039 1860 2076 Filium.
1888 2041 2012 2075 Annon
2047 2037 2178 2075 videtis

1139 2102 1163 2131 E
1190 2098 1258 2135 hoc
1271 2113 1366 2136 nunc
1385 2098 1491 2136 etiam
1511 2099 1603 2148 fieri,
1626 2108 1660 2136 et
1677 2099 1808 2135 multos
1822 2098 1982 2135 homines
2005 2097 2178 2149 serpenti-

1188 2158 1256 2196 bus
1269 2159 1412 2204 similes,
1430 2158 1630 2196 incredulos
1650 2167 1683 2195 et
1701 2158 1855 2208 ingratos
1870 2158 1932 2208 qui
1954 2158 2064 2195 instar
2077 2158 2178 2208 vipe-

1189 2233 1310 2256 rarum
1331 2233 1412 2256 cum
1430 2219 1602 2256 beneficia
1627 2218 1823 2269 accipiunt,
1858 2218 2026 2255 beneficis
2062 2218 2178 2255 infesti

1190 2280 1294 2317 sunt?
1313 2280 1396 2317 Haec
1413 2294 1433 2316 a
1465 2279 1568 2317 nobis
1587 2279 1682 2316 dicta
1701 2288 1804 2329 sunt,
1826 2288 1866 2316 ut
1898 2293 1941 2316 ne
1968 2279 2047 2328 quis
2065 2279 2177 2316 mire-

1190 2350 1261 2390 tur,
1271 2341 1367 2392 quod
1383 2349 1434 2379 tot
1448 2340 1553 2379 editis
1568 2341 1679 2392 signis
1698 2354 1767 2379 non
1782 2354 1901 2378 omnes
1919 2339 2078 2378 conversi
2095 2339 2177 2377 sint.

1243 2580 1280 2616 5.
1312 2579 1450 2618 Nostris
1487 2578 1619 2630 quippe
1651 2577 1871 2629 temporibus
1889 2576 2097 2614 acciderunt
2117 2590 2173 2624 oa,

99 2638 157 2675 τὸν
178 2636 348 2689 μακάριον
366 2637 530 2675 Baebiani
547 2638 665 2688 γέγονε
677 2669 687 2686 ,
702 2639 746 2676 τὰ
762 2638 853 2676 κατὰ
867 2639 911 2676 τὰ
929 2639 1081 2692 Ἱεροσό)
1082 2656 1118 2677 υ-
1128 2672 1175 2696 312
1191 2654 1269 2690 quae
1288 2641 1433 2678 beatum
1452 2641 1631 2693 Babylam
1647 2648 1818 2691 spectant,
1840 2653 1919 2689 quae
1942 2638 2104 2690 Jcrosoly
2108 2638 2175 2674 mis

102 2712 171 2746 μα,
191 2695 234 2733 τὰ
253 2697 343 2735 κατὰ
362 2697 424 2744 τὴν
442 2697 641 2749 καθαίρεσιν
667 2715 736 2736 των
755 2701 871 2751 ιερι)ν,
888 2700 948 2738 καὶ
968 2703 1005 2738 οὐ
1027 2700 1118 2738 πάν-
1141 2709 1167 2737 Α
1191 2710 1287 2752 gesta
1302 2710 1398 2751 sunt,
1420 2716 1498 2752 quae
1518 2702 1554 2739 in
1569 2700 1805 2739 destructione
1819 2699 2045 2750 templorum,
2062 2713 2176 2748 neque

99 2772 155 2799 τες
176 2756 405 2809 ἐπέστρεψαν.
423 2758 514 2796 Τί
496 2765 547 2796 οεῖ
573 2774 618 2795 τα
647 2759 783 2797 παλαια
801 2760 937 2811 λέγειν,
964 2761 1118 2814 Πέρυσιν

101 2820 194 2854 εἷπον
215 2819 297 2868 υμῖν
327 2821 397 2856 οἱον
425 2835 464 2870 γε
456 2818 561 2870 ’γονε,
583 2835 643 2856 και
675 2820 752 2857 οὐδε
758 2835 785 2862 ις
803 2820 1010 2872 προσέσχεν,
1028 2821 1118 2859 ἀλλὰ

99 2878 206 2915 πάλιν
218 2879 309 2917 κατὰ
322 2895 442 2931 μικρον
459 2880 680 2932 ὑπερρύησαν
694 2896 752 2918 και
768 2880 972 2920 κατέπεσον.
986 2881 1120 2928 ⁰·-E6-rr,

100 2953 139 2975 κε
159 2939 323 2985 διηνεκῶς
341 2943 359 2977 ὁ
382 2939 522 2991 οὐρανὸς
543 2943 645 2991 βοῶν,
666 2940 718 2978 ὅτι
747 2941 928 2987 Δεσπότην
946 2941 1038 2993 ἔχει,
1058 2941 1118 2979 καὶ

99 2997 257 3049 τεχνίτου
276 3000 366 3042 τινός
382 3001 456 3038 ἐστι
471 3001 548 3038 τόδε
566 3001 606 3039 τὸ
624 3008 693 3038 πᾶν
714 3000 793 3052 (τὸν
820 3002 952 3052 κόσμον
978 3002 1115 3053 λέγω),

101 3058 161 3095 καὶ
181 3059 320 3110 λέγουσι’
335 3076 444 3106 τινες,
461 3061 514 3098 ὅτι
539 3061 627 3113 οὐχί.
645 3061 702 3099 Τὰ
725 3062 815 3100 κατὰ
831 3063 1011 3115 Θεόδωρον
1031 3065 1119 3101 ἐκεῖ-

103 3133 158 3154 νον
172 3121 386 3170 γεγενημένα
410 3120 555 3172 πέρυσι,
570 3121 647 3159 τίνα
664 3125 724 3160 οὐκ
744 3122 926 3170 ἐξέπληξε,
940 3123 1011 3161 Καὶ
1025 3123 1119 3174 ὅμως

103 3178 198 3216 οὐδὲν
216 3180 320 3217 πλέον
338 3181 486 3231 γέγονεν,
508 3182 597 3220 ἀλλὰ
615 3183 699 3234 πρὸς
719 3184 837 3235 καιρὸν
862 3184 1038 3236 γενόμενοι
1062 3186 1119 3223 εὗ-

147 3309 160 3324 ³
186 3304 217 3334 οὗ
238 3306 340 3345 πέρυσι
365 3306 492 3340 ἐτίναξεν
520 3306 534 3336 ὁ
563 3308 635 3340 θεὸς.
651 3304 748 3335 Hunc
777 3311 870 3336 teri-:e
892 3306 1109 3348 motum,qui

105 3363 193 3384 anno
218 3354 389 3394 proximo,
407 3364 523 3395 nempe
541 3355 604 3387 399
620 3354 805 3397 acciderat,
824 3369 908 3400 sirpe
930 3366 1102 3391 memorat.

107 3404 152 3435 Ea
172 3403 212 3436 de
231 3416 263 3436 re
279 3405 310 3436 in
329 3405 403 3436 vita
421 3404 651 3448 Clirysostomi
667 3415 792 3449 agetur.

1189 2772 1306 2800 tamen
1335 2776 1454 2800 omnes
1471 2777 1560 2800 com
1563 2764 1631 2799 ersi
1655 2770 1748 2798 sunt.
1767 2759 1865 2806 Quid
1886 2774 1973 2811 opus
1989 2769 2040 2797 est
2056 2769 2174 2798 v·ete1a

1189 2824 1399 2860 recensere?
1426 2823 1514 2861 Dixi
1534 2822 1649 2871 vobis,
1673 2821 1760 2872 quid
1779 2835 1870 2858 anno
1889 2820 2054 2872 proximo
2079 2819 2175 2856 acci-

1188 2883 1292 2932 derit,
1309 2892 1341 2921 et
1360 2898 1462 2922 nemo
1472 2883 1644 2932 attendit3
1659 2882 1719 2920 sed
1735 2896 1858 2920 rursus
1881 2881 2053 2932 paulatim
2061 2879 2174 2917 dessu-

1189 2953 1319 2982 xerunt
1347 2953 1381 2981 et
1411 2944 1559 2995 collapsi
1577 2951 1672 2980 sunt.
1692 2943 1768 2981 Stat
1788 2956 1924 2993 semper
1944 2941 2071 2978 caelum
2096 2939 2174 2976 cla-

1190 3018 1290 3042 mans
1304 3018 1339 3041 sc
1354 3004 1551 3041 Dominum
1571 3003 1700 3040 habere
1714 3032 1724 3047 ,
1742 3011 1776 3039 et
1790 3001 1857 3039 hoc
1876 3001 2083 3039 universum
2104 3013 2176 3036 esse

1192 3065 1379 3116 cujusdam
1397 3064 1536 3116 opificis
1558 3064 1624 3112 (de
1636 3062 1768 3101 mundo
1784 3063 1931 3112 loquor)
1953 3076 1964 3109 3
1999 3069 2031 3097 et
2051 3059 2176 3097 dieunt

1195 3125 1344 3175 quidam
1365 3126 1492 3163 nonita
1506 3139 1592 3163 esse.
1616 3126 1704 3172 Quae
1725 3123 1816 3161 circa
1838 3120 2069 3160 Theodorum
2085 3134 2176 3158 anno

1192 3186 1360 3238 proximo
1383 3195 1479 3238 gesta
1495 3194 1588 3235 sunt,
1605 3198 1709 3235 quem
1737 3198 1809 3222 non
1843 3182 2177 3234 obstupefecerunt?

1220 3306 1236 3329 Β
1261 3309 1396 3349 οὐδαμῶς
1412 3305 1503 3337 deest
1519 3306 1551 3337 in
1569 3315 1634 3336 uno
1651 3303 1735 3336 Cod.

1218 3368 1230 3381 ⁰
1256 3364 1294 3391 τὰ
1311 3364 1390 3392 κατὰ
1411 3363 1460 3391 τὸν
1484 3362 1635 3401 μακάριον
1661 3359 1803 3395 Baebium
1819 3362 1884 3387 etc.
1898 3356 1975 3387 Haec
1998 3354 2066 3386 fuse
2083 3366 2177 3387 cnar-

1171 3417 1287 3442 rautur
1306 3410 1338 3441 iu
1356 3408 1480 3441 Homil.
1498 3407 1539 3441 de
1553 3409 1586 3442 S.
1608 3405 1751 3451 Babylo,
1766 3408 1864 3440 Tom.
1882 3408 1913 3449 2,
1932 3419 1963 3450 p.
1984 3408 2058 3438 567,

2289 990 2367 1015 Con-

2223 1031 2368 1056 stauliuo-

1180 1080 1295 1103 nonne
1308 1080 1398 1103 anno
1412 1066 1590 1118 superiore
1610 1065 1784 1103 concussit
1799 1067 1898 1103 Deus
1917 1066 2096 1103 civitatem
2114 1075 2167 1104 to-
2182 1070 2253 1106 90¹³·
