2502 3810
729 250 770 278 IN
809 250 835 278 A
841 251 923 279 CTA
963 251 987 279 A
994 250 1211 280 POSTOLOR
1218 250 1240 278 U
1248 251 1296 279 M.

126 329 203 380 ἔχον
230 328 392 381 πορεύου·
422 329 540 379 καιρὸν
571 328 604 367 δὲ
627 329 833 379 μεταλαὸὼν
853 330 1136 380 μετακαλέσομαί

126 404 163 426 σε
178 419 187 435 ,
208 389 282 439 ἅμα
306 389 364 426 καὶ
386 389 552 437 ἐλπίζων,
579 390 631 427 ὅτι
657 390 823 441 χρήματα
842 392 1024 438 δοθήσεται
1044 394 1137 443 αὗτῷ

124 448 190 486 ὑπὸ
207 453 266 486 τοῦ
285 448 425 486 Παύλου
443 479 452 496 ,
476 449 568 493 ὅπως
590 450 676 499 λύσῃ
701 451 813 489 αὐτόν.
847 453 909 490 Διὸ
927 452 986 490 καὶ
1005 452 1137 490 πυκνό-

124 524 220 560 τερον
242 509 342 547 αὐτὸν
364 510 676 561 μεταπεμπόμενος
691 511 816 561 ὡμίλει
835 515 941 564 αὐτῷ.
960 512 1056 564 ςΌρα
1065 516 1138 555 πῶς

123 573 185 615 τῆς
203 570 365 616 ἀληθείας
384 570 501 622 ἔχεται
520 570 562 608 τὰ
582 572 796 622 γραφόμενα.
826 573 1081 623 Μετεπέμπετο
1102 573 1137 611 δὲ

124 629 222 667 αὐτὸν
241 633 391 681 συνεχῶς
406 660 415 677 ,
445 630 524 681 οὐχὶ
543 631 723 681 θαυμάζων
746 632 847 669 αὐτὸν
862 662 871 679 ,
896 632 972 671 οὐδὲ
988 634 1137 670 ἐπαινῶν

122 690 165 728 τὰ
190 691 378 741 λεγόμενα,
405 690 481 728 οὐδὲ
517 696 700 729 πιστεῦσαι
727 691 952 741 βουλόμενος,
974 691 1064 729 ἀλλὰ
1082 692 1137 739 τί,

122 751 345 802 Προσδοκῶν,
367 750 450 801 φησὶ
465 781 473 797 ,
493 751 662 801 χρήματα
683 750 887 796 δοθήσεσθαι
907 754 1012 803 αὐτῷ.
1046 751 1136 790 Σκό-

122 826 203 859 πει,
231 813 304 853 πῶς
326 812 363 847 οὐ
387 810 531 862 κρύπτει
548 813 693 848 ἐνταῦθα
712 814 770 847 τοῦ
791 812 954 849 δικαστοῦ
969 810 1032 857 τὴν
1048 810 1136 862 γνώ-

124 887 208 920 μην·
240 871 353 908 καίτοι
383 873 412 907 εἷ
445 870 677 920 κατεγνώκει,
703 872 764 908 οὐκ
785 870 825 907 ἂν
839 875 938 908 τοῦτο
957 871 1133 918 ἐποίησεν,

123 933 190 968 οὐδ’
213 931 252 968 ἂν
272 931 438 977 ἠθέλησεν
459 932 603 968 ἀκοῦσαι
621 930 716 982 παρὰ
741 930 929 967 καταδίκου
953 931 1012 967 καὶ
1030 945 1136 976 πονη-

125 995 193 1042 ροῦ.
216 991 285 1028 Καὶ
311 991 373 1043 ὅρα
389 991 445 1028 τὸν
463 991 626 1038 Παῦλον,
653 990 765 1027 καίτοι
786 989 871 1041 πρὸς
889 989 1041 1041 ἄρχοντα
1062 991 1136 1026 δια-

121 1049 325 1100 λεγόμενον,
358 1049 465 1099 μηδὲν
483 1048 611 1086 τούτων
631 1048 778 1099 λέγοντα
794 1078 802 1094 ,
830 1042 877 1086 ὧν
898 1049 986 1090 εἰκὸς
1006 1051 1137 1086 ἀνεῖναι

122 1112 225 1147 αὐτοῦ
247 1109 309 1155 τὴν
329 1109 443 1160 ψυχὴν
455 1139 464 1156 ,
482 1108 571 1146 ἀλλὰ
585 1112 748 1157 τοιαῦτα,
769 1107 801 1152 ἐξ
820 1103 866 1145 ὧν
890 1109 948 1146 καὶ
968 1109 1138 1160 φοὸεῖται,

120 1169 179 1206 καὶ
215 1168 435 1206 κατασείεται
465 1167 526 1214 τὴν
563 1168 728 1206 διάνοιαν.
772 1168 1025 1219 Διαλεγόμενος
1058 1168 1138 1220 γὰρ,

120 1229 202 1280 φησὶ
217 1257 226 1275 ,
254 1229 333 1279 περὶ
356 1227 575 1274 δικαιοσύνης
595 1229 653 1266 καὶ
673 1228 875 1280 ἐγκρατείας
894 1229 952 1266 καὶ
971 1233 1030 1267 τοῦ
1052 1229 1138 1280 μέλ-

118 1291 234 1333 λοντος
255 1289 422 1341 κρίματος
445 1289 594 1327 ἔσεσθαι.
610 1288 791 1341 ’Έμφοὸος
809 1293 826 1328 ὁ
846 1289 963 1335 Φῆλιξ
992 1289 1137 1339 ἐγένετο.

118 1351 281 1397 Τοσαύτη
302 1345 342 1396 ἦν
367 1354 388 1396 ἡ
410 1348 509 1402 ἰσχὺς
536 1353 604 1387 τῶν
627 1350 770 1388 Παύλου
792 1350 958 1402 ῥημάτιον
972 1380 983 1399 ,
1005 1350 1059 1389 ὅτι
1079 1350 1138 1389 καὶ

119 1412 261 1462 φοὲοῧσι
284 1411 341 1448 τὸν
367 1410 531 1461 ἄρχοντα.
567 1410 636 1447 Καὶ
662 1404 758 1454 οἶτος
785 1410 845 1460 μὲν
868 1410 1041 1460 λαμὲάνει
1064 1411 1137 1449 διά-

119 1473 233 1523 δοχον,
254 1471 312 1508 καὶ
331 1470 452 1522 ἀφίησι
472 1475 590 1508 τοῦτον
611 1470 766 1521 δέσμιον,
789 1470 904 1509 καίτοι
921 1487 960 1522 γε
977 1471 1037 1509 οὐκ
1054 1471 1136 1518 ἔδει,

119 1532 208 1570 ἀλλὰ
226 1531 321 1574 τέλος
344 1533 531 1575 ἐπιθεῖναι,
556 1530 647 1568 ἀλλὰ
666 1531 892 1582 χαριζόμενος
913 1530 1054 1574 ἐκείνοις
1075 1548 1136 1569 κα-

118 1592 256 1630 τέλιπεν
290 1591 405 1630 αὐτόν.
446 1584 555 1628 Οῧτοι
579 1590 615 1628 δὲ
635 1589 742 1633 οὕτως
760 1590 942 1638 ἐνέκειντο,
963 1594 1009 1635 ὡς
1028 1592 1135 1630 πάλιν

119 1655 269 1703 ἐντυχεῖν
287 1681 295 1698 ,
316 1652 429 1690 καίτοι
449 1651 560 1688 οὐδενὶ
579 1654 647 1688 τῶν
669 1649 871 1689 ἀποστόλων
889 1651 996 1694 οὕτως
1020 1651 1137 1689 ἐπετέ-

118 1717 245 1760 θησαν,
269 1713 345 1751 <im
369 1711 621 1762 ἐπιτιθέμενοι,
647 1711 752 1749 πάλιν
775 1711 977 1762 ἀφίσταντο.
1009 1711 1134 1757 Οὕτως

116 1775 341 1824 οἰκονομικῶς
358 1773 545 1825 ἀφίσταται
564 1775 631 1810 τῶν
652 1771 901 1823 Ἱεροσολύμων
923 1771 1008 1824 πρὸς
1021 1778 1133 1812 τοιαῦ-

116 1850 158 1871 τα
177 1834 279 1886 θηρία
294 1835 383 1886 ἔχων
396 1863 405 1880 ,
423 1834 483 1871 καὶ
503 1834 596 1884 ὅμως
613 1833 762 1877 ἀξιοῦσιν
783 1832 882 1871 αὐτὸν
901 1833 1006 1871 πάλιν
1023 1835 1133 1886 ἀχθῆ-

114 1910 169 1932 ναι
189 1897 260 1932 ἐκεῖ
280 1894 516 1944 δικασόμενον.
539 1894 640 1931 Ἀλλὰ
660 1893 718 1930 καὶ
737 1895 884 1931 ἐνταῦθα
903 1893 1022 1932 λοιπὸν
1039 1895 1131 1946 ᾠκο-

113 1955 261 2005 νόμησεν
289 1958 306 1992 ὁ
339 1954 447 2001 Θεὸς,
481 1956 543 1992 οὐκ
565 1954 760 2006 ἐπιτρέπων
780 1958 829 2005 τῷ
849 1955 1012 2007 ἄρχοντι·
1041 1956 1131 2000 εἰκὸς

113 2015 179 2066 γὰρ
209 2015 310 2053 αὐτὸν
336 2015 461 2052 νεωστὶ
487 2018 549 2061 τῆς
579 2018 690 2066 ἀρχῆς
716 2015 886 2053 ἐπιὸάντα
908 2016 967 2052 καὶ
987 2017 1130 2062 θελῆσαι

113 2076 346 2128 χαρίσασθαι·
379 2075 457 2113 ἀλλ’
489 2078 549 2113 οὒκ
577 2075 717 2127 ἀφίησιν
744 2079 762 2113 ὃ
790 2075 893 2119 Θεός.
926 2075 1072 2122 Ἐπειδὴ
1095 2076 1130 2115 δὲ

114 2138 296 2183 κατῆλθον,
311 2135 430 2174 λοιπὸν
448 2134 684 2187 ἀναισχύντως
701 2135 760 2173 καὶ
780 2135 942 2186 μειζόνως
953 2138 1131 2175 ἐποιοῦντο

114 2195 174 2239 τὰς
201 2195 427 2247 κατηγορίας·
451 2195 508 2232 καὶ
536 2197 596 2232 οὐκ
625 2194 829 2246 ἰσχύσαντες
848 2195 917 2233 ἀπὸ
938 2199 1007 2233 τῶν
1027 2212 1127 2247 νομι-

113 2259 181 2293 κῶν
203 2257 304 2301 ἑλεῖν,
324 2256 428 2293 πάλιν
449 2255 507 2293 ἐπὶ
526 2255 565 2293 τὸ
584 2256 699 2298 εἰωθὸς
722 2256 836 2299 αὐτοῖς
850 2255 947 2302 ἔθος,
975 2256 1020 2294 τὰ
1039 2256 1129 2294 κατὰ

112 2316 275 2369 Καίσαρα
295 2321 308 2337 ²¹
323 2316 467 2361 ἐκίνουν,
483 2315 568 2367 ὅπερ
585 2316 644 2353 καὶ
661 2315 718 2353 ἐπὶ
734 2319 792 2354 τοῦ
810 2317 963 2369 Χριστοῦ
980 2317 1126 2356 ἐποίουν.

112 2377 164 2414 Τὸ
189 2377 257 2428 γὰρ
285 2377 340 2414 τὸν
362 2379 500 2414 Παῦλον
519 2378 766 2427 ἀπολογεῖσθαι
787 2377 866 2429 περὶ
886 2379 953 2414 τῶν
972 2380 1019 2420 εἷς
1042 2378 1128 2416 Καί-

111 2453 200 2488 σαρα
225 2436 487 2490 ἁμαρτημάτων
504 2467 513 2483 ,
545 2438 646 2482 δῆλον
666 2441 766 2475 τοῦτο
781 2433 822 2484 ἦν
835 2468 844 2485 ,
873 2438 948 2476 ὅθεν
967 2439 1026 2477 καὶ
1045 2441 1128 2478 αὐτὸ

109 2497 306 2549 ἑρμηνεύων
327 2498 474 2548 ἐπάγει·
504 2497 643 2540 Διετίας
670 2498 705 2535 δὲ
727 2499 969 2551 πληρωθείσης
984 2531 993 2548 ,
1022 2501 1127 2540 ἔλαὸε

110 2559 268 2610 ΓΣιοίόοχον
291 2562 308 2597 ὃ
327 2558 444 2605 Φῆλιξ
462 2558 613 2609 Πόρκιον
634 2560 791 2604 Φῆστον.
824 2560 946 2599 Θέλων
965 2561 1000 2600 δὲ
1020 2562 1123 2615 χάριν

109 2619 319 2657 καταθέσθαι
351 2624 422 2662 τοῖς
450 2618 630 2661 Ἰουδαίοις
660 2621 677 2656 ὅ
710 2619 849 2667 Φῆλιξ,
878 2621 1042 2660 κατέλιπε
1069 2623 1125 2660 τὸν

109 2681 246 2717 Παῦλον
269 2679 457 2729 δεδεμένον.
488 2680 631 2725 Φῆστος
654 2672 712 2717 οῧν
741 2680 863 2723 trengam
884 2684 926 2732 τῇ
955 2681 1122 2734 ἐπαρχίᾳ,

111 2739 198 2790 μετὰ
228 2745 319 2792 τρεῖς
347 2739 482 2790 ἡμέρας
508 2739 612 2786 ἀνέὸη
637 2742 683 2782 εἷς
703 2739 929 2791 Ἱεροσόλυμα
949 2741 1017 2780 ἀπὸ
1035 2745 1124 2780 Και-

110 2800 259 2852 σαρείας.
291 2799 518 2851 Ἐνεφάνισάν
547 2816 584 2837 τε
618 2802 712 2851 αὐτῷ
739 2802 769 2838 οἳ
799 2802 971 2853 ἀρχιερεῖς
1007 2803 1066 2840 καὶ
1095 2807 1125 2842 οἳ

111 2862 240 2911 πρῶτοι
257 2863 325 2897 τῶν
346 2859 523 2898 Ἰουδαίων
546 2860 637 2898 κατὰ
657 2864 716 2897 τοῦ
738 2861 878 2899 Παύλου
893 2893 902 2910 ,
931 2863 990 2900 καὶ
1009 2880 1122 2917 παρε-

111 2920 234 2957 κάλουν
250 2920 363 2967 αὐτὸν,
381 2921 574 2970 αἰτούμενοι
593 2922 696 2973 χάριν
713 2921 797 2973 παρ’
818 2925 933 2970 αὐτοῦ,
946 2923 1038 2968 ὅπως
1056 2941 1120 2976 με-

110 2979 336 3030 ταπέμψηται
362 2981 463 3018 αὐτὸν
494 2984 542 3023 εἷς
564 2981 816 3032 Ἰερουσαλὴμ,
842 2982 975 3034 ἐνεὸρον
992 2990 1122 3023 ποιοῦν-

110 3055 162 3081 τες
184 3041 313 3076 ἀνελεῖν
336 3041 435 3078 αὐτὸν
456 3042 545 3078 κατὰ
569 3042 630 3088 τὴν
652 3042 739 3080 ὁδόν.
759 3042 803 3081 ‘O
824 3043 886 3093 μὲν
903 3039 959 3082 οὖν
979 3047 1122 3092 Φῆστος

112 3105 278 3156 ἀπεκρίθη
298 3111 474 3157 τηρεῖσθαι
493 3107 548 3145 τὸν
571 3108 707 3146 Παύλον
729 3111 763 3146 ἐν
781 3111 986 3161 Καισαρεία,
1001 3113 1119 3150 ἑαυτὸν

112 3172 144 3208 δὲ
168 3171 304 3219 μέλλειν
326 3175 358 3209 ἐν
378 3173 477 3224 τάχει
499 3173 752 3224 ἐκπορεύεσθαι.
787 3177 833 3213 Οἱ
853 3169 908 3214 οὖν
931 3179 1068 3216 δυνατοὶ
1088 3182 1121 3216 ἐν

112 3241 203 3285 ὗμιν,
227 3238 341 3287 φησὶν,
363 3239 640 3288 ‹supermeat-meg
654 3269 662 3285 ‚
686 3240 716 3277 εἴ
732 3241 764 3278 τί
787 3243 878 3279 ἐστιν
902 3245 934 3280 εἶν
955 3247 1004 3294 τῷ
1026 3246 1122 3296 ἀνδρὶ

154 3382 165 3395 ³
193 3372 304 3404 Metel.
323 3372 406 3405 mule
424 3382 556 3417 szzpz
574 3380 705 3409 {veiam-2.

1337 251 1491 281 nomn„
1530 251 1586 282 LI.

2091 240 2182 299 427

1208 332 1254 367 de
1267 347 1281 375 ,·
1303 340 1468 383 tempore
1495 341 1623 369 autem
1653 340 1861 384 opportuno
1889 345 2084 370 accersam
2117 342 2151 370 te
2173 350 2183 369 :

1207 392 1271 428 96.
1296 392 1414 429 simul
1428 405 1585 443 sperans
1600 393 1688 443 fore
1710 400 1751 430 at
1766 395 1931 444 pecunia
1950 393 2012 430 illi
2028 394 2187 432 daretur

1209 465 1232 488 a
1247 453 1376 490 Paulo
1397 461 1436 490 ut
1456 453 1619 490 solveret
1636 467 1721 490 eum
1737 469 1747 490 .·
1761 462 1916 505 propter
1933 454 2037 505 quod
2051 462 2087 491 et
2097 455 2185 506 fre-

1209 521 1367 563 quenter
1396 527 1594 552 accersens
1625 527 1725 561 eum,
1755 514 1980 565 loquebatur
2009 528 2096 552 cam
2125 529 2183 552 eo.

1208 572 1304 610 Vide
1317 573 1491 623 quomodo
1506 588 1585 624 quae
1604 574 1733 626 scripta
1755 584 1846 623 sunt,
1863 574 2048 613 veritatem
2063 589 2135 626 prae
2152 589 2189 612 se

1207 633 1333 670 ferant.
1355 635 1563 672 Accersebat
1583 649 1663 672 eum
1682 635 1896 686 frequenter,
1913 649 1982 672 non
2006 635 2188 673 admirans

1209 692 1325 742 illum,
1345 707 1458 743 neque
1484 694 1580 731 dieta
1609 694 1846 743 laudans,nec
1872 694 1965 745 quod
1990 695 2095 733 vellet
2115 709 2187 733 cre-

1209 753 1309 800 dere3
1327 753 1388 791 sed
1407 754 1524 804 quid?
1542 756 1794 805 Exspectans,
1808 754 1937 804 inquit,
1954 764 1996 792 ut
2011 759 2187 806 pecuniae

1208 815 1281 849 sihi
1295 815 1491 850 darentur.
1506 813 1601 852 Vide
1621 813 1797 863 quomodo
1811 828 1880 852 non
1897 816 2046 853 occultet
2059 817 2118 854 hic
2126 818 2186 868 ju-

1207 872 1297 910 dicis
1316 874 1537 911 sententiam.
1557 874 1666 923 Atqui
1686 874 1716 910 si
1735 874 1943 924 damnasset,
1962 891 2031 914 non
2051 878 2118 915 hoc
2132 879 2184 915 fc-

1208 933 1321 981 cisset,
1339 947 1451 983 neque
1473 934 1642 971 voluisset
1659 934 1782 972 audire
1799 934 2006 974 damnatum
2025 947 2057 975 et
2074 940 2186 977 scele—

1208 1004 1313 1033 stum.
1334 995 1381 1032 Et
1394 995 1478 1034 vide
1493 996 1659 1044 Paulum,
1679 997 1744 1035 etsi
1771 1011 1849 1034 cum
1866 998 2027 1050 principe
2044 1000 2189 1050 loquen-

1207 1064 1290 1104 tem,
1309 1056 1401 1093 nihil
1428 1071 1548 1094 corum
1572 1056 1711 1107 dicere,
1743 1073 1820 1109 quae
1854 1058 2066 1096 videbantur
2087 1075 2190 1111 posse

1208 1116 1364 1154 animum
1382 1118 1456 1169 ejus
1475 1117 1695 1167 demulcere3
1710 1118 1772 1156 sed
1788 1132 1866 1169 quae
1881 1118 1984 1156 illum
2000 1120 2188 1169 terrebant,

1207 1179 1353 1231 ejusque
1370 1188 1522 1216 mentem
1537 1179 1796 1217 concutiebant.
1815 1181 2045 1231 Disputans,
2061 1180 2188 1231 inquit,

1209 1243 1256 1279 de
1274 1244 1443 1294 justitia,
1467 1244 1514 1279 de
1539 1245 1719 1279 castitate
1748 1251 1785 1280 et
1811 1244 1858 1279 de
1874 1244 2024 1294 judicio
2043 1245 2187 1293 saturo.

1214 1305 1246 1341 T
1244 1305 1475 1357 remefactus
1496 1312 1550 1342 est
1567 1305 1605 1341 F
1604 1304 1693 1341 elix.
1707 1305 1821 1341 Tanta
1836 1303 1890 1341 vis
1906 1314 1977 1342 crat
1992 1305 2095 1342 Pauli
2110 1320 2188 1343 ver-

1208 1363 1350 1414 borum,
1383 1373 1423 1401 ut
1452 1363 1649 1415 principem
1672 1372 1850 1414 terrerent.
1883 1365 1929 1402 Et
1956 1364 2014 1402 hic
2044 1365 2187 1415 quidem

1145 1448 1192 1472 330
1208 1439 1441 1463 successorem
1466 1425 1613 1476 accipit,
1637 1434 1670 1462 et
1695 1425 1792 1462 hunc
1815 1425 1975 1463 vinetum
2002 1427 2186 1478 relinquit,

1156 1485 1182 1513 Α
1207 1486 1370 1538 quamvis
1389 1500 1458 1524 non
1477 1485 1673 1538 oportebat,
1689 1495 1721 1524 et
1741 1486 1823 1524 finis
1842 1486 2075 1538 imponendus
2090 1498 2185 1536 e1·at;

1207 1546 1267 1585 sed
1282 1547 1342 1584 ille
1360 1547 1397 1584 in
1413 1547 1621 1586 Judaeorum
1634 1547 1786 1598 gratiam
1806 1547 1953 1597 reliquit
1982 1547 2098 1585 illum.
2129 1549 2185 1587 Illi

1206 1622 1290 1647 vero
1304 1608 1354 1645 sic
1372 1608 1560 1658 urgebant,
1576 1617 1616 1645 ut
1635 1608 1763 1646 iterum
1786 1608 1885 1660 apud
1893 1608 2052 1660 judicem
2074 1609 2185 1647 insta-

1203 1679 1281 1707 rent
1288 1685 1300 1719 5
1316 1669 1480 1719 quamvis
1499 1670 1593 1721 apud
1608 1670 1749 1707 nullum
1770 1685 1926 1721 unquam
1944 1671 2184 1722 apostolorum

1203 1730 1254 1767 sie
1275 1729 1441 1778 urserint,
1451 1730 1512 1767 sed
1529 1738 1717 1781 postquam
1733 1731 1768 1768 in
1788 1731 1870 1769 illos
1888 1732 2184 1780 incessc1·ant,de-

1202 1790 1365 1828 stiterint.
1380 1790 1434 1827 Ita
1457 1790 1644 1842 provisum
1663 1800 1724 1839 est,
1746 1800 1783 1828 ut
1806 1792 2026 1844 Jerosolyma
2043 1794 2183 1831 recede—

1201 1859 1264 1898 ret,
1284 1864 1366 1888 cum
1388 1851 1520 1888 talibus
1541 1850 1621 1888 feris
1638 1850 1837 1899 decertans,
1857 1860 1889 1888 et
1911 1860 2027 1889 tamen
2046 1852 2100 1890 illi
2117 1868 2180 1892 ro—

1202 1919 1285 1961 gant
1311 1911 1430 1963 ipsum
1449 1926 1488 1949 co
1512 1911 1643 1948 adduci
1665 1911 1914 1962 judicandum.
1935 1912 2084 1959 Secthic
2102 1928 2181 1951 rur—

1202 1985 1280 2009 sum
1299 1972 1465 2024 apparuit
1481 1972 1547 2010 Dei
1566 1972 1807 2024 providentia,
1821 1972 1881 2022 qui
1904 1973 1942 2010 id
1956 1973 2115 2024 judicem
2129 1976 2180 2012 sa-

1203 2044 1277 2068 cere
1294 2045 1363 2069 non
1379 2031 1562 2083 permisit:
1576 2031 1770 2070 verisimile
1783 2041 1874 2069 certe
1889 2042 1962 2070 erat
1980 2033 2098 2084 ipsum
2115 2049 2180 2072 nu-

1200 2106 1264 2143 per
1281 2091 1326 2129 ad
1347 2092 1587 2144 principatum
1617 2102 1791 2143 evectum,
1814 2093 1854 2131 id
1884 2094 2061 2132 facturum
2083 2094 2119 2132 in
2140 2094 2182 2132 il-

1200 2152 1317 2189 lorum
1335 2152 1483 2203 gratiam
1505 2166 1597 2201 esse;
1613 2153 1674 2190 sed.
1693 2167 1761 2190 non
1781 2154 1941 2191 concedit
1956 2156 2064 2192 Deus.
2083 2158 2183 2194 Post-

1199 2226 1306 2262 quam
1335 2221 1453 2249 autem
1481 2211 1745 2260 descenderant,
1768 2212 2010 2264 impudentius
2026 2225 2059 2253 ct
2077 2216 2182 2254 vehe-

1199 2272 1350 2309 mentius
1372 2272 1610 2310 accusationes
1629 2273 1801 2311 intentant
1824 2289 1832 2310 :
1851 2288 2001 2325 cumque
2021 2290 2088 2313 non
2103 2291 2182 2329 pos-

1198 2342 1274 2370 sent
1296 2333 1400 2370 illum
1421 2347 1467 2370 ex
1484 2333 1661 2384 legalibus
1692 2348 1828 2386 capere,
1847 2349 1970 2373 rursus
1997 2351 2062 2388 pro
2085 2352 2184 2376 more

1199 2407 1262 2430 suo
1293 2393 1464 2431 Caesarem
1502 2393 1677 2431 inducunt
1690 2424 1701 2444 ,
1726 2403 1764 2431 ut
1794 2395 1935 2434 Christo
1960 2397 2176 2450 objecerunt.

1199 2454 1352 2492 Paulum
1374 2454 1465 2491 enim
1489 2469 1524 2492 se
1541 2454 1727 2493 defendere
1742 2455 1786 2493 de
1802 2455 1947 2508 objectis
1967 2468 2087 2497 eontra
2105 2461 2181 2498 Cae-

1198 2529 1311 2552 sarem
1330 2515 1493 2566 peccatis,
1512 2515 1632 2566 palam
1660 2524 1745 2565 erat,
1766 2516 1862 2553 unde
1894 2518 1970 2556 haee
1996 2518 2180 2558 declarans

1196 2577 1312 2629 pergit
1329 2593 1337 2613 :
1355 2579 1417 2616 ffl‘.
1428 2579 1594 2615 Biennio
1609 2586 1738 2615 autem
1754 2579 1916 2629 expleto,
1931 2585 2077 2632 accepit
2095 2597 2178 2621 suc-

1197 2652 1383 2676 cessorem
1402 2639 1519 2676 Felix
1540 2641 1720 2676 Porcium
1746 2641 1915 2677 Festum.
1944 2642 2083 2681 Valens
2102 2658 2176 2681 au-

1197 2710 1271 2738 tem
1290 2704 1459 2753 gratiam
1488 2711 1673 2752 praestare
1698 2704 1847 2741 Jadoeis
1873 2704 2002 2750 Felix,
2022 2707 2175 2758 reliquit

1196 2762 1364 2799 Paulam
1378 2764 1563 2798 vinctam.
1582 2763 1597 2797 1
1611 2792 1617 2798 .
1632 2763 1770 2799 Festus
1784 2777 1873 2814 ergo
1893 2774 2067 2815 suscepta
2088 2781 2176 2818 pro—
2189 2777 2262 2806 Cff.
2300 2787 2373 2808 xxv,

1198 2826 1338 2869 vincia,
1361 2831 1446 2874 post
1473 2823 1641 2860 triduum
1662 2825 1835 2861 aseendit
1856 2826 2034 2864 Coesarea
2066 2829 2176 2865 Jero-

1196 2886 1402 2933 solymam.
1423 2887 1458 2921 9.
1483 2884 1754 2936 Adieruntque
1771 2885 1882 2922 illum
1898 2890 2090 2939 principes
2111 2904 2175 2927 sa-

1196 2946 1391 2983 cerdotum
1415 2953 1448 2982 et
1470 2947 1587 2995 primi
1612 2946 1836 2983 Judoeorum
1864 2948 2046 2985 adversus
2070 2951 2176 2987 Pau-

1198 3007 1290 3048 lum,
1305 3015 1341 3042 et
1361 3007 1550 3057 rogabant
1571 3020 1654 3043 eum
1665 3023 1678 3050 ,·
1696 3007 1731 3044 5.
1751 3008 1993 3057 postulantes
2007 3013 2176 3060 gratiam

1197 3067 1379 3103 adversus
1394 3080 1493 3112 eum,
1513 3075 1551 3103 ut
1566 3069 1713 3117 juberet
1732 3068 1891 3118 perduci
1907 3083 1992 3106 eum
2007 3073 2047 3106 in
2060 3072 2175 3109 Jeru—

1197 3125 1331 3169 salem,
1354 3126 1514 3162 iusidias
1537 3126 1732 3162 tendentes
1751 3135 1791 3162 ut
1815 3128 2073 3177 interficerent
2089 3144 2176 3167 eam

1197 3190 1236 3223 ιή
1261 3189 1340 3224 via.
1360 3189 1395 3223 4.
1417 3189 1553 3224 Festus
1574 3202 1663 3224 vero
1687 3190 1944 3238 respondit‚ut
1958 3202 2177 3230 servaretur*

1184 3247 1335 3296 quidem
1364 3247 1511 3284 Paulus
1547 3247 1743 3294 Coesareoe,
1778 3262 1816 3286 se
1848 3263 1937 3287 vero
1971 3253 2075 3289 brevi
2105 3254 2175 3290 illo
