<?xml version="1.0" encoding="UTF-8"?>
<!DOCTYPE html PUBLIC "-//W3C//DTD XHTML 1.0 Transitional//EN"
    "http://www.w3.org/TR/xhtml1/DTD/xhtml1-transitional.dtd">
<html xmlns="http://www.w3.org/1999/xhtml" xml:lang="en" lang="en">
 <head>
  <title>
</title>
<meta http-equiv="Content-Type" content="text/html;charset=utf-8" />
  <meta name='ocr-system' content='tesseract 3.04.00' />
  <meta name='ocr-capabilities' content='ocr_page ocr_carea ocr_par ocr_line ocrx_word'/>
</head>
<body>
  <div class='ocr_page' id='page_1' title='image "./operaomniaquaeex09johnuoft/operaomniaquaeex09johnuoft_0205.png"; bbox 0 0 2466 3805; ppageno 0'>
   <div class='ocr_carea' id='block_1_1' title="bbox 631 241 825 271">
    <p class='ocr_par' dir='ltr' id='par_1_1' title="bbox 631 241 825 271">
     <span class='ocr_line' id='line_1_1' title="bbox 631 241 825 271; baseline -0.005 0"><span class='ocrx_word' id='word_1_1' title='bbox 631 241 673 271; x_wconf 86' lang='lat' dir='ltr'><strong>IN</strong></span> <span class='ocrx_word' id='word_1_2' title='bbox 710 241 825 271; x_wconf 88' lang='lat' dir='ltr'><strong>ACTA</strong></span> 
     </span>
    </p>
   </div>
   <div class='ocr_carea' id='block_1_2' title="bbox 45 320 1074 2247">
    <p class='ocr_par' dir='ltr' id='par_1_2' title="bbox 48 320 1074 1279">
     <span class='ocr_line' id='line_1_2' title="bbox 54 320 1074 374; baseline -0.002 -13"><span class='ocrx_word' id='word_1_3' title='bbox 54 325 112 361; x_wconf 90' lang='grc' dir='ltr'><strong>λια</strong></span> <span class='ocrx_word' id='word_1_4' title='bbox 129 321 285 374; x_wconf 83' lang='grc' dir='ltr'>λέγεται;</span> <span class='ocrx_word' id='word_1_5' title='bbox 304 320 359 359; x_wconf 82' lang='grc' dir='ltr'><strong>διὰ</strong></span> <span class='ocrx_word' id='word_1_6' title='bbox 384 321 418 359; x_wconf 87' lang='grc' dir='ltr'><strong>τί</strong></span> <span class='ocrx_word' id='word_1_7' title='bbox 443 321 491 372; x_wconf 84' lang='grc' dir='ltr'><strong>μὴ</strong></span> <span class='ocrx_word' id='word_1_8' title='bbox 522 321 580 359; x_wconf 69' lang='grc' dir='ltr'><strong>καὶ</strong></span> <span class='ocrx_word' id='word_1_9' title='bbox 600 325 699 360; x_wconf 87' lang='grc' dir='ltr'>τοῦτο</span> <span class='ocrx_word' id='word_1_10' title='bbox 730 321 944 374; x_wconf 69' lang='grc' dir='ltr'>προφητείας</span> <span class='ocrx_word' id='word_1_11' title='bbox 965 323 1011 360; x_wconf 85' lang='grc' dir='ltr'><strong>Εἰ</strong></span> <span class='ocrx_word' id='word_1_12' title='bbox 1039 320 1074 360; x_wconf 78' lang='grc' dir='ltr'><strong>δὲ</strong></span> 
     </span>
     <span class='ocr_line' id='line_1_3' title="bbox 55 381 1073 434; baseline -0.001 -14"><span class='ocrx_word' id='word_1_13' title='bbox 55 382 142 434; x_wconf 80' lang='grc' dir='ltr'>μηδὲ</span> <span class='ocrx_word' id='word_1_14' title='bbox 160 382 194 420; x_wconf 86' lang='grc' dir='ltr'><strong>τί</strong></span> <span class='ocrx_word' id='word_1_15' title='bbox 223 385 314 421; x_wconf 78' lang='grc' dir='ltr'>ἐστιν</span> <span class='ocrx_word' id='word_1_16' title='bbox 342 381 528 433; x_wconf 83' lang='grc' dir='ltr'>εὐαγγέλια</span> <span class='ocrx_word' id='word_1_17' title='bbox 556 382 698 430; x_wconf 75' lang='grc' dir='ltr'>εἰδότες,</span> <span class='ocrx_word' id='word_1_18' title='bbox 720 382 809 421; x_wconf 79' lang='grc' dir='ltr'>οὕτω</span> <span class='ocrx_word' id='word_1_19' title='bbox 826 388 1073 434; x_wconf 78' lang='grc' dir='ltr'>καταφρονεῖτε</span> 
     </span>
     <span class='ocr_line' id='line_1_4' title="bbox 51 442 1072 496; baseline 0 -15"><span class='ocrx_word' id='word_1_20' title='bbox 51 447 113 490; x_wconf 72' lang='grc' dir='ltr'><strong>τῆς</strong></span> <span class='ocrx_word' id='word_1_21' title='bbox 130 447 197 481; x_wconf 82' lang='grc' dir='ltr'><strong>τῶν</strong></span> <span class='ocrx_word' id='word_1_22' title='bbox 219 446 366 496; x_wconf 81' lang='grc' dir='ltr'>Γραφῶν</span> <span class='ocrx_word' id='word_1_23' title='bbox 388 442 630 493; x_wconf 80' lang='grc' dir='ltr'>ἀναγνώσεως·</span> <span class='ocrx_word' id='word_1_24' title='bbox 654 443 688 481; x_wconf 92' lang='grc' dir='ltr'><strong>τί</strong></span> <span class='ocrx_word' id='word_1_25' title='bbox 711 447 790 494; x_wconf 81' lang='grc' dir='ltr'>ὑμῖν</span> <span class='ocrx_word' id='word_1_26' title='bbox 808 445 895 496; x_wconf 76' lang='grc' dir='ltr'>ε’ρῶ;</span> <span class='ocrx_word' id='word_1_27' title='bbox 916 443 1018 481; x_wconf 82' lang='grc' dir='ltr'>Εἴπω</span> <span class='ocrx_word' id='word_1_28' title='bbox 1039 459 1072 481; x_wconf 89' lang='grc' dir='ltr'><strong>τι</strong></span> 
     </span>
     <span class='ocr_line' id='line_1_5' title="bbox 52 503 1071 556; baseline -0.001 -14"><span class='ocrx_word' id='word_1_29' title='bbox 52 505 111 542; x_wconf 84' lang='grc' dir='ltr'><strong>καὶ</strong></span> <span class='ocrx_word' id='word_1_30' title='bbox 131 504 266 556; x_wconf 83' lang='grc' dir='ltr'>ἕτερον·</span> <span class='ocrx_word' id='word_1_31' title='bbox 288 503 344 541; x_wconf 84' lang='grc' dir='ltr'><strong>διὰ</strong></span> <span class='ocrx_word' id='word_1_32' title='bbox 371 503 406 541; x_wconf 91' lang='grc' dir='ltr'><strong>τί</strong></span> <span class='ocrx_word' id='word_1_33' title='bbox 440 504 592 556; x_wconf 83' lang='grc' dir='ltr'>τέσσαρα</span> <span class='ocrx_word' id='word_1_34' title='bbox 621 504 840 555; x_wconf 80' lang='grc' dir='ltr'>Εὖαγγέλια;</span> <span class='ocrx_word' id='word_1_35' title='bbox 868 503 925 542; x_wconf 85' lang='grc' dir='ltr'><strong>διὰ</strong></span> <span class='ocrx_word' id='word_1_36' title='bbox 954 503 988 541; x_wconf 88' lang='grc' dir='ltr'><strong>τί</strong></span> <span class='ocrx_word' id='word_1_37' title='bbox 1023 503 1071 555; x_wconf 84' lang='grc' dir='ltr'><strong>μὴ</strong></span> 
     </span>
     <span class='ocr_line' id='line_1_6' title="bbox 52 563 1071 617; baseline -0.003 -13"><span class='ocrx_word' id='word_1_38' title='bbox 52 566 152 613; x_wconf 50' lang='lat' dir='ltr'><strong>Seme,</strong></span> <span class='ocrx_word' id='word_1_39' title='bbox 175 565 230 602; x_wconf 85' lang='grc' dir='ltr'><strong>διὰ</strong></span> <span class='ocrx_word' id='word_1_40' title='bbox 248 564 283 603; x_wconf 86' lang='grc' dir='ltr'><strong>τί</strong></span> <span class='ocrx_word' id='word_1_41' title='bbox 303 563 351 616; x_wconf 85' lang='grc' dir='ltr'><strong>μὴ</strong></span> <span class='ocrx_word' id='word_1_42' title='bbox 368 564 519 613; x_wconf 51' lang='grc' dir='ltr'>Πεῖκοση</span> <span class='ocrx_word' id='word_1_43' title='bbox 542 565 598 602; x_wconf 83' lang='grc' dir='ltr'><strong>διὰ</strong></span> <span class='ocrx_word' id='word_1_44' title='bbox 619 565 653 602; x_wconf 92' lang='grc' dir='ltr'><strong>τί</strong></span> <span class='ocrx_word' id='word_1_45' title='bbox 674 565 721 615; x_wconf 82' lang='grc' dir='ltr'><strong>μὴ</strong></span> <span class='ocrx_word' id='word_1_46' title='bbox 745 564 867 603; x_wconf 77' lang='grc' dir='ltr'>πολλοὶ</span> <span class='ocrx_word' id='word_1_47' title='bbox 886 564 1071 617; x_wconf 81' lang='grc' dir='ltr'>ἐπεχείρη-</span> 
     </span>
     <span class='ocr_line' id='line_1_7' title="bbox 52 619 1072 677; baseline -0.003 -13"><span class='ocrx_word' id='word_1_48' title='bbox 52 642 115 664; x_wconf 87' lang='grc' dir='ltr'><strong>σαν</strong></span> <span class='ocrx_word' id='word_1_49' title='bbox 144 625 372 668; x_wconf 81' lang='grc' dir='ltr'>συντάξασθαι</span> <span class='ocrx_word' id='word_1_50' title='bbox 395 625 614 677; x_wconf 78' lang='grc' dir='ltr'>Εὐαγγέλια;</span> <span class='ocrx_word' id='word_1_51' title='bbox 635 625 691 662; x_wconf 81' lang='grc' dir='ltr'><strong>διὰ</strong></span> <span class='ocrx_word' id='word_1_52' title='bbox 711 625 745 662; x_wconf 90' lang='grc' dir='ltr'><strong>τί</strong></span> <span class='ocrx_word' id='word_1_53' title='bbox 763 624 810 674; x_wconf 83' lang='grc' dir='ltr'><strong>μὴ</strong></span> <span class='ocrx_word' id='word_1_54' title='bbox 827 619 893 672; x_wconf 73' lang='grc' dir='ltr'>εἶς;</span> <span class='ocrx_word' id='word_1_55' title='bbox 916 624 972 662; x_wconf 84' lang='grc' dir='ltr'><strong>διὰ</strong></span> <span class='ocrx_word' id='word_1_56' title='bbox 989 624 1024 662; x_wconf 90' lang='grc' dir='ltr'><strong>τί</strong></span> <span class='ocrx_word' id='word_1_57' title='bbox 1041 627 1072 662; x_wconf 77' lang='grc' dir='ltr'>οἱ</span> 
     </span>
     <span class='ocr_line' id='line_1_8' title="bbox 53 684 1072 738; baseline -0.001 -15"><span class='ocrx_word' id='word_1_58' title='bbox 53 686 226 738; x_wconf 82' lang='grc' dir='ltr'>μαθηταί;</span> <span class='ocrx_word' id='word_1_59' title='bbox 248 685 304 724; x_wconf 80' lang='grc' dir='ltr'><strong>διὰ</strong></span> <span class='ocrx_word' id='word_1_60' title='bbox 323 685 357 723; x_wconf 86' lang='grc' dir='ltr'><strong>τί</strong></span> <span class='ocrx_word' id='word_1_61' title='bbox 375 689 405 724; x_wconf 84' lang='grc' dir='ltr'>οἱ</span> <span class='ocrx_word' id='word_1_62' title='bbox 423 686 470 736; x_wconf 85' lang='grc' dir='ltr'><strong>μὴ</strong></span> <span class='ocrx_word' id='word_1_63' title='bbox 493 685 666 736; x_wconf 81' lang='grc' dir='ltr'>μαθηταί;</span> <span class='ocrx_word' id='word_1_64' title='bbox 690 685 746 723; x_wconf 79' lang='grc' dir='ltr'><strong>διὰ</strong></span> <span class='ocrx_word' id='word_1_65' title='bbox 766 685 800 722; x_wconf 91' lang='grc' dir='ltr'><strong>τί</strong></span> <span class='ocrx_word' id='word_1_66' title='bbox 834 684 869 723; x_wconf 81' lang='grc' dir='ltr'><strong>δὲ</strong></span> <span class='ocrx_word' id='word_1_67' title='bbox 902 684 990 727; x_wconf 72' lang='grc' dir='ltr'>ὅλως</span> <span class='ocrx_word' id='word_1_68' title='bbox 1013 685 1072 722; x_wconf 79' lang='grc' dir='ltr'><strong>καὶ</strong></span> 
     </span>
     <span class='ocr_line' id='line_1_9' title="bbox 52 744 1070 799; baseline -0.001 -15"><span class='ocrx_word' id='word_1_69' title='bbox 52 750 87 784; x_wconf 84' lang='grc' dir='ltr'><strong>αἱ</strong></span> <span class='ocrx_word' id='word_1_70' title='bbox 110 746 263 799; x_wconf 78' lang='grc' dir='ltr'>Γραφαί;</span> <span class='ocrx_word' id='word_1_71' title='bbox 292 745 414 784; x_wconf 87' lang='grc' dir='ltr'>Καίτοι</span> <span class='ocrx_word' id='word_1_72' title='bbox 434 762 474 797; x_wconf 87' lang='grc' dir='ltr'><strong>γε</strong></span> <span class='ocrx_word' id='word_1_73' title='bbox 499 745 692 784; x_wconf 87' lang='grc' dir='ltr'>τούναντίον</span> <span class='ocrx_word' id='word_1_74' title='bbox 717 744 820 797; x_wconf 84' lang='grc' dir='ltr'>φησίν</span> <span class='ocrx_word' id='word_1_75' title='bbox 851 749 873 790; x_wconf 80' lang='grc' dir='ltr'>ἡ</span> <span class='ocrx_word' id='word_1_76' title='bbox 908 745 1070 783; x_wconf 80' lang='grc' dir='ltr'>Παλαιά·</span> 
     </span>
     <span class='ocr_line' id='line_1_10' title="bbox 51 804 1071 856; baseline -0.002 -13"><span class='ocrx_word' id='word_1_77' title='bbox 51 807 162 844; x_wconf 85' lang='grc' dir='ltr'>Δώσω</span> <span class='ocrx_word' id='word_1_78' title='bbox 182 810 261 856; x_wconf 76' lang='grc' dir='ltr'>ὑμῖν</span> <span class='ocrx_word' id='word_1_79' title='bbox 282 807 460 853; x_wconf 85' lang='grc' dir='ltr'>Διαθήκην</span> <span class='ocrx_word' id='word_1_80' title='bbox 478 806 612 852; x_wconf 87' lang='grc' dir='ltr'>καινήν.</span> <span class='ocrx_word' id='word_1_81' title='bbox 633 807 708 843; x_wconf 85' lang='grc' dir='ltr'>Ποῦ</span> <span class='ocrx_word' id='word_1_82' title='bbox 740 807 824 842; x_wconf 85' lang='grc' dir='ltr'>εἶσιν</span> <span class='ocrx_word' id='word_1_83' title='bbox 844 805 886 842; x_wconf 81' lang='grc' dir='ltr'>οἱ·</span> <span class='ocrx_word' id='word_1_84' title='bbox 896 804 1071 854; x_wconf 83' lang='grc' dir='ltr'>λέγοντες,</span> 
     </span>
     <span class='ocr_line' id='line_1_11' title="bbox 51 863 1070 917; baseline -0.003 -14"><span class='ocrx_word' id='word_1_85' title='bbox 51 867 103 904; x_wconf 81' lang='grc' dir='ltr'><strong>ἀεὶ</strong></span> <span class='ocrx_word' id='word_1_86' title='bbox 135 867 179 904; x_wconf 78' lang='grc' dir='ltr'><strong>τὰ</strong></span> <span class='ocrx_word' id='word_1_87' title='bbox 214 867 319 915; x_wconf 74' lang='grc' dir='ltr'>αὐτά;</span> <span class='ocrx_word' id='word_1_88' title='bbox 346 869 392 905; x_wconf 83' lang='grc' dir='ltr'><strong>Εἰ</strong></span> <span class='ocrx_word' id='word_1_89' title='bbox 411 871 520 904; x_wconf 88' lang='grc' dir='ltr'>ταῦτα</span> <span class='ocrx_word' id='word_1_90' title='bbox 544 866 676 917; x_wconf 85' lang='grc' dir='ltr'>ᾔδειτε,</span> <span class='ocrx_word' id='word_1_91' title='bbox 698 864 770 911; x_wconf 76' lang='grc' dir='ltr'>ὅτι,</span> <span class='ocrx_word' id='word_1_92' title='bbox 789 863 852 901; x_wconf 77' lang='grc' dir='ltr'><strong>κᾶν</strong></span> <span class='ocrx_word' id='word_1_93' title='bbox 870 864 976 916; x_wconf 88' lang='grc' dir='ltr'>μυρία</span> <span class='ocrx_word' id='word_1_94' title='bbox 1010 863 1070 910; x_wconf 82' lang='grc' dir='ltr'><strong>ἔτη</strong></span> 
     </span>
     <span class='ocr_line' id='line_1_12' title="bbox 50 924 1071 976; baseline -0.003 -13"><span class='ocrx_word' id='word_1_95' title='bbox 50 927 138 976; x_wconf 85' lang='grc' dir='ltr'>ζήσῃ</span> <span class='ocrx_word' id='word_1_96' title='bbox 169 927 363 976; x_wconf 79' lang='grc' dir='ltr'>ἅνθρωπος,</span> <span class='ocrx_word' id='word_1_97' title='bbox 388 928 450 964; x_wconf 84' lang='grc' dir='ltr'>οὐκ</span> <span class='ocrx_word' id='word_1_98' title='bbox 479 925 552 963; x_wconf 82' lang='grc' dir='ltr'>ἔστι</span> <span class='ocrx_word' id='word_1_99' title='bbox 582 924 626 962; x_wconf 85' lang='grc' dir='ltr'><strong>τὰ</strong></span> <span class='ocrx_word' id='word_1_100' title='bbox 657 924 763 970; x_wconf 85' lang='grc' dir='ltr'>αὐτὰ,</span> <span class='ocrx_word' id='word_1_101' title='bbox 784 926 844 961; x_wconf 86' lang='grc' dir='ltr'>οὐκ</span> <span class='ocrx_word' id='word_1_102' title='bbox 882 924 920 961; x_wconf 84' lang='grc' dir='ltr'><strong>ἂν</strong></span> <span class='ocrx_word' id='word_1_103' title='bbox 951 924 1071 961; x_wconf 86' lang='grc' dir='ltr'>εἴπατε</span> 
     </span>
     <span class='ocr_line' id='line_1_13' title="bbox 48 983 1070 1037; baseline -0.002 -13"><span class='ocrx_word' id='word_1_104' title='bbox 48 993 168 1025; x_wconf 78' lang='grc' dir='ltr'>ταῦτα.</span> <span class='ocrx_word' id='word_1_105' title='bbox 197 988 436 1034; x_wconf 76' lang='grc' dir='ltr'>Πιστεύσατε,</span> <span class='ocrx_word' id='word_1_106' title='bbox 456 988 516 1025; x_wconf 85' lang='grc' dir='ltr'>οὐκ</span> <span class='ocrx_word' id='word_1_107' title='bbox 538 989 604 1037; x_wconf 78' lang='grc' dir='ltr'><strong>ἐρῶ</strong></span> <span class='ocrx_word' id='word_1_108' title='bbox 624 988 705 1035; x_wconf 77' lang='grc' dir='ltr'>ὑμῖν</span> <span class='ocrx_word' id='word_1_109' title='bbox 725 983 820 1022; x_wconf 83' lang='grc' dir='ltr'>οὐδὲν</span> <span class='ocrx_word' id='word_1_110' title='bbox 839 984 982 1031; x_wconf 83' lang='grc' dir='ltr'>τούτων,</span> <span class='ocrx_word' id='word_1_111' title='bbox 1009 987 1070 1022; x_wconf 84' lang='grc' dir='ltr'>οὐκ</span> 
     </span>
     <span class='ocr_line' id='line_1_14' title="bbox 50 1043 1069 1099; baseline -0.001 -15"><span class='ocrx_word' id='word_1_112' title='bbox 50 1048 138 1099; x_wconf 68' lang='grc' dir='ltr'>ἰδίᾳ,</span> <span class='ocrx_word' id='word_1_113' title='bbox 155 1051 191 1086; x_wconf 88' lang='grc' dir='ltr'>οὐ</span> <span class='ocrx_word' id='word_1_114' title='bbox 209 1051 305 1099; x_wconf 76' lang='grc' dir='ltr'>κοινῇ</span> <span class='ocrx_word' id='word_1_115' title='bbox 318 1064 325 1070; x_wconf 94' lang='grc'>·</span> <span class='ocrx_word' id='word_1_116' title='bbox 345 1047 435 1084; x_wconf 85' lang='grc' dir='ltr'>ἀλλὰ</span> <span class='ocrx_word' id='word_1_117' title='bbox 451 1049 479 1084; x_wconf 85' lang='grc' dir='ltr'><strong>εἷ</strong></span> <span class='ocrx_word' id='word_1_118' title='bbox 497 1046 558 1096; x_wconf 84' lang='grc' dir='ltr'><strong>μέν</strong></span> <span class='ocrx_word' id='word_1_119' title='bbox 578 1062 629 1089; x_wconf 89' lang='grc' dir='ltr'><strong>τις</strong></span> <span class='ocrx_word' id='word_1_120' title='bbox 646 1045 747 1097; x_wconf 78' lang='grc' dir='ltr'>εὕρῃ,</span> <span class='ocrx_word' id='word_1_121' title='bbox 768 1043 954 1082; x_wconf 78' lang='grc' dir='ltr'>ἐπινεύσω·</span> <span class='ocrx_word' id='word_1_122' title='bbox 977 1044 1017 1082; x_wconf 81' lang='grc' dir='ltr'><strong>ἂν</strong></span> <span class='ocrx_word' id='word_1_123' title='bbox 1033 1043 1069 1083; x_wconf 80' lang='grc' dir='ltr'><strong>δὲ</strong></span> 
     </span>
     <span class='ocr_line' id='line_1_15' title="bbox 49 1103 1069 1158; baseline -0.003 -14"><span class='ocrx_word' id='word_1_124' title='bbox 49 1107 121 1157; x_wconf 81' lang='grc' dir='ltr'>μὴ,</span> <span class='ocrx_word' id='word_1_125' title='bbox 149 1107 251 1145; x_wconf 75' lang='grc' dir='ltr'>ἐάσω.</span> <span class='ocrx_word' id='word_1_126' title='bbox 284 1106 386 1143; x_wconf 80' lang='grc' dir='ltr'>Οὕτω</span> <span class='ocrx_word' id='word_1_127' title='bbox 413 1106 480 1158; x_wconf 80' lang='grc' dir='ltr'><strong>γὰρ</strong></span> <span class='ocrx_word' id='word_1_128' title='bbox 498 1108 588 1156; x_wconf 76' lang='grc' dir='ltr'>ὑμᾶς</span> <span class='ocrx_word' id='word_1_129' title='bbox 617 1103 829 1154; x_wconf 80' lang='grc' dir='ltr'>ἐποιήσαμεν</span> <span class='ocrx_word' id='word_1_130' title='bbox 849 1103 1069 1155; x_wconf 78' lang='grc' dir='ltr'>ἀχρήστους,</span> 
     </span>
     <span class='ocr_line' id='line_1_16' title="bbox 49 1164 1068 1218; baseline -0.004 -13"><span class='ocrx_word' id='word_1_131' title='bbox 49 1168 103 1205; x_wconf 77' lang='grc' dir='ltr'><strong>ἀεὶ</strong></span> <span class='ocrx_word' id='word_1_132' title='bbox 123 1168 236 1205; x_wconf 81' lang='grc' dir='ltr'>πάντα</span> <span class='ocrx_word' id='word_1_133' title='bbox 255 1167 288 1210; x_wconf 81' lang='grc' dir='ltr'><strong>ἐξ</strong></span> <span class='ocrx_word' id='word_1_134' title='bbox 305 1167 442 1216; x_wconf 79' lang='grc' dir='ltr'>ἑτοίμου</span> <span class='ocrx_word' id='word_1_135' title='bbox 462 1167 635 1218; x_wconf 79' lang='grc' dir='ltr'>λέγοντες,</span> <span class='ocrx_word' id='word_1_136' title='bbox 652 1166 711 1203; x_wconf 78' lang='grc' dir='ltr'><strong>καὶ</strong></span> <span class='ocrx_word' id='word_1_137' title='bbox 729 1165 785 1202; x_wconf 78' lang='grc' dir='ltr'><strong>ὅτε</strong></span> <span class='ocrx_word' id='word_1_138' title='bbox 802 1164 871 1217; x_wconf 82' lang='grc' dir='ltr'><strong>χρὴ</strong></span> <span class='ocrx_word' id='word_1_139' title='bbox 893 1167 954 1202; x_wconf 86' lang='grc' dir='ltr'>οὐκ</span> <span class='ocrx_word' id='word_1_140' title='bbox 979 1166 1068 1202; x_wconf 83' lang='grc' dir='ltr'>ἀνα-</span> 
     </span>
     <span class='ocr_line' id='line_1_17' title="bbox 48 1225 1068 1279; baseline -0.002 -15"><span class='ocrx_word' id='word_1_141' title='bbox 48 1228 208 1271; x_wconf 83' lang='grc' dir='ltr'>νεύοντες.</span> <span class='ocrx_word' id='word_1_142' title='bbox 229 1227 316 1265; x_wconf 78' lang='grc' dir='ltr'>Ἰδοὺ</span> <span class='ocrx_word' id='word_1_143' title='bbox 336 1227 434 1279; x_wconf 74' lang='grc' dir='ltr'>ἔχετε</span> <span class='ocrx_word' id='word_1_144' title='bbox 453 1227 638 1278; x_wconf 86' lang='grc' dir='ltr'>ζητήματα</span> <span class='ocrx_word' id='word_1_145' title='bbox 656 1227 759 1265; x_wconf 77' lang='grc' dir='ltr'>ἱκανοί</span> <span class='ocrx_word' id='word_1_146' title='bbox 771 1242 778 1249; x_wconf 94' lang='grc'>·</span> <span class='ocrx_word' id='word_1_147' title='bbox 800 1227 975 1278; x_wconf 79' lang='grc' dir='ltr'>σκέψασθε</span> <span class='ocrx_word' id='word_1_148' title='bbox 987 1256 997 1273; x_wconf 87' lang='grc'>,</span> <span class='ocrx_word' id='word_1_149' title='bbox 1017 1225 1068 1263; x_wconf 76' lang='grc' dir='ltr'><strong>εἴ-</strong></span> 
     </span>
    </p>

    <p class='ocr_par' dir='ltr' id='par_1_3' title="bbox 45 1285 1069 2247">
     <span class='ocr_line' id='line_1_18' title="bbox 46 1285 1066 1338; baseline -0.002 -13.939"><span class='ocrx_word' id='word_1_150' title='bbox 46 1304 134 1326; x_wconf 88' lang='grc' dir='ltr'>πατε</span> <span class='ocrx_word' id='word_1_151' title='bbox 155 1288 217 1334; x_wconf 84' lang='grc' dir='ltr'><strong>τὴν</strong></span> <span class='ocrx_word' id='word_1_152' title='bbox 246 1287 372 1325; x_wconf 82' lang='grc' dir='ltr'>αἰτίαν.</span> <span class='ocrx_word' id='word_1_153' title='bbox 394 1287 463 1325; x_wconf 85' lang='grc' dir='ltr'><strong>Διὰ</strong></span> <span class='ocrx_word' id='word_1_154' title='bbox 482 1287 515 1324; x_wconf 91' lang='grc' dir='ltr'><strong>τί</strong></span> <span class='ocrx_word' id='word_1_155' title='bbox 545 1286 748 1338; x_wconf 79' lang='grc' dir='ltr'>εὐαγγέλια;</span> <span class='ocrx_word' id='word_1_156' title='bbox 768 1285 825 1324; x_wconf 83' lang='grc' dir='ltr'><strong>διὰ</strong></span> <span class='ocrx_word' id='word_1_157' title='bbox 843 1285 877 1323; x_wconf 89' lang='grc' dir='ltr'><strong>τί</strong></span> <span class='ocrx_word' id='word_1_158' title='bbox 907 1285 954 1336; x_wconf 64' lang='grc' dir='ltr'><strong>τιὴ</strong></span> <span class='ocrx_word' id='word_1_159' title='bbox 976 1300 1066 1336; x_wconf 88' lang='grc' dir='ltr'>προ-</span> 
     </span>
     <span class='ocr_line' id='line_1_19' title="bbox 45 1346 1066 1400; baseline -0.003 -14"><span class='ocrx_word' id='word_1_160' title='bbox 45 1365 129 1400; x_wconf 64' lang='grc' dir='ltr'>φητ..</span> <span class='ocrx_word' id='word_1_161' title='bbox 116 1354 202 1396; x_wconf 78' lang='grc' dir='ltr'>εῖαι;</span> <span class='ocrx_word' id='word_1_162' title='bbox 222 1347 278 1386; x_wconf 78' lang='grc' dir='ltr'><strong>διὰ</strong></span> <span class='ocrx_word' id='word_1_163' title='bbox 292 1347 326 1385; x_wconf 83' lang='grc' dir='ltr'><strong>τί</strong></span> <span class='ocrx_word' id='word_1_164' title='bbox 341 1347 384 1385; x_wconf 86' lang='grc' dir='ltr'><strong>τὰ</strong></span> <span class='ocrx_word' id='word_1_165' title='bbox 399 1347 557 1399; x_wconf 84' lang='grc' dir='ltr'>πρακτέα</span> <span class='ocrx_word' id='word_1_166' title='bbox 577 1350 610 1385; x_wconf 79' lang='grc' dir='ltr'><strong>ἐν</strong></span> <span class='ocrx_word' id='word_1_167' title='bbox 629 1353 698 1391; x_wconf 87' lang='grc' dir='ltr'>τοῖς</span> <span class='ocrx_word' id='word_1_168' title='bbox 712 1346 960 1398; x_wconf 83' lang='grc' dir='ltr'>Εὐαγγελίοις·</span> <span class='ocrx_word' id='word_1_169' title='bbox 950 1376 961 1395; x_wconf 88' lang='lat'><strong>,</strong></span> <span class='ocrx_word' id='word_1_170' title='bbox 991 1346 1066 1384; x_wconf 87' lang='grc' dir='ltr'><strong>Κᾶν</strong></span> 
     </span>
     <span class='ocr_line' id='line_1_20' title="bbox 45 1407 1066 1460; baseline -0.001 -13"><span class='ocrx_word' id='word_1_171' title='bbox 45 1413 140 1452; x_wconf 73' lang='grc' dir='ltr'>οὗτος</span> <span class='ocrx_word' id='word_1_172' title='bbox 171 1408 330 1460; x_wconf 77' lang='grc' dir='ltr'>ἀπορήσῃ</span> <span class='ocrx_word' id='word_1_173' title='bbox 345 1438 354 1456; x_wconf 83' lang='grc'>,</span> <span class='ocrx_word' id='word_1_174' title='bbox 374 1409 486 1460; x_wconf 78' lang='grc' dir='ltr'>ἕτερος</span> <span class='ocrx_word' id='word_1_175' title='bbox 507 1407 675 1455; x_wconf 87' lang='grc' dir='ltr'>ζητείτω,</span> <span class='ocrx_word' id='word_1_176' title='bbox 693 1407 753 1446; x_wconf 83' lang='grc' dir='ltr'><strong>καὶ</strong></span> <span class='ocrx_word' id='word_1_177' title='bbox 769 1407 812 1445; x_wconf 85' lang='grc' dir='ltr'><strong>τὰ</strong></span> <span class='ocrx_word' id='word_1_178' title='bbox 826 1423 899 1460; x_wconf 88' lang='grc' dir='ltr'><strong>παρ</strong></span> <span class='ocrx_word' id='word_1_179' title='bbox 935 1409 1066 1446; x_wconf 78' lang='grc' dir='ltr'>ἑαυτων</span> 
     </span>
     <span class='ocr_line' id='line_1_21' title="bbox 45 1467 1066 1521; baseline 0 -15"><span class='ocrx_word' id='word_1_180' title='bbox 45 1469 207 1515; x_wconf 86' lang='grc' dir='ltr'>ἀλληλοις</span> <span class='ocrx_word' id='word_1_181' title='bbox 225 1469 478 1521; x_wconf 80' lang='grc' dir='ltr'>συνεισφέρετε</span> <span class='ocrx_word' id='word_1_182' title='bbox 512 1469 630 1507; x_wconf 80' lang='grc' dir='ltr'>λοιπὸν</span> <span class='ocrx_word' id='word_1_183' title='bbox 662 1467 697 1506; x_wconf 78' lang='grc' dir='ltr'><strong>δὲ</strong></span> <span class='ocrx_word' id='word_1_184' title='bbox 731 1472 832 1519; x_wconf 80' lang='grc' dir='ltr'>ἡμεῖς</span> <span class='ocrx_word' id='word_1_185' title='bbox 864 1467 1016 1519; x_wconf 83' lang='grc' dir='ltr'>σιγήσου.</span> <span class='ocrx_word' id='word_1_186' title='bbox 1009 1485 1066 1506; x_wconf 87' lang='grc' dir='ltr'>..εν</span> 
     </span>
     <span class='ocr_line' id='line_1_22' title="bbox 46 1529 1066 1582; baseline -0.002 -14"><span class='ocrx_word' id='word_1_187' title='bbox 46 1532 90 1568; x_wconf 81' lang='grc' dir='ltr'><strong>Εἰ</strong></span> <span class='ocrx_word' id='word_1_188' title='bbox 126 1529 191 1581; x_wconf 84' lang='grc' dir='ltr'><strong>γὰρ</strong></span> <span class='ocrx_word' id='word_1_189' title='bbox 229 1530 272 1567; x_wconf 84' lang='grc' dir='ltr'><strong>τὰ</strong></span> <span class='ocrx_word' id='word_1_190' title='bbox 307 1530 471 1582; x_wconf 81' lang='grc' dir='ltr'>εἰρημένα</span> <span class='ocrx_word' id='word_1_191' title='bbox 517 1529 610 1567; x_wconf 76' lang='grc' dir='ltr'>οὐδὲν</span> <span class='ocrx_word' id='word_1_192' title='bbox 653 1532 743 1580; x_wconf 74' lang='grc' dir='ltr'>ὑμᾶς</span> <span class='ocrx_word' id='word_1_193' title='bbox 776 1529 910 1576; x_wconf 86' lang='grc' dir='ltr'>ὤνησε,</span> <span class='ocrx_word' id='word_1_194' title='bbox 947 1531 1066 1581; x_wconf 77' lang='grc' dir='ltr'>πολλῷ</span> 
     </span>
     <span class='ocr_line' id='line_1_23' title="bbox 49 1589 1065 1644; baseline -0.001 -16"><span class='ocrx_word' id='word_1_195' title='bbox 49 1593 178 1641; x_wconf 76' lang='grc' dir='ltr'>μᾶλλον</span> <span class='ocrx_word' id='word_1_196' title='bbox 204 1591 273 1628; x_wconf 77' lang='grc' dir='ltr'>οὐδ’</span> <span class='ocrx_word' id='word_1_197' title='bbox 290 1591 328 1628; x_wconf 84' lang='grc' dir='ltr'><strong>ἂν</strong></span> <span class='ocrx_word' id='word_1_198' title='bbox 350 1591 451 1643; x_wconf 77' lang='grc' dir='ltr'>ἕτερα</span> <span class='ocrx_word' id='word_1_199' title='bbox 479 1590 723 1644; x_wconf 80' lang='grc' dir='ltr'>προσθείημεν.</span> <span class='ocrx_word' id='word_1_200' title='bbox 742 1589 880 1632; x_wconf 80' lang='grc' dir='ltr'>Ὄντως</span> <span class='ocrx_word' id='word_1_201' title='bbox 901 1592 947 1632; x_wconf 89' lang='grc' dir='ltr'><strong>εἷς</strong></span> <span class='ocrx_word' id='word_1_202' title='bbox 966 1590 1065 1628; x_wconf 85' lang='grc' dir='ltr'>πίθον</span> 
     </span>
     <span class='ocr_line' id='line_1_24' title="bbox 46 1650 1063 1703; baseline 0 -15"><span class='ocrx_word' id='word_1_203' title='bbox 46 1651 302 1703; x_wconf 81' lang='grc' dir='ltr'>τετρυπημένον</span> <span class='ocrx_word' id='word_1_204' title='bbox 323 1653 526 1702; x_wconf 71' lang='grc' dir='ltr'>ἀντλοῦμεν,</span> <span class='ocrx_word' id='word_1_205' title='bbox 550 1651 641 1689; x_wconf 77' lang='grc' dir='ltr'>ἔνθεν</span> <span class='ocrx_word' id='word_1_206' title='bbox 675 1651 798 1702; x_wconf 87' lang='grc' dir='ltr'>μείζων</span> <span class='ocrx_word' id='word_1_207' title='bbox 833 1653 913 1701; x_wconf 75' lang='grc' dir='ltr'>ὑμῖν</span> <span class='ocrx_word' id='word_1_208' title='bbox 947 1650 1007 1688; x_wconf 82' lang='grc' dir='ltr'><strong>καὶ</strong></span> <span class='ocrx_word' id='word_1_209' title='bbox 1042 1655 1063 1697; x_wconf 84' lang='grc' dir='ltr'>ἡ</span> 
     </span>
     <span class='ocr_line' id='line_1_25' title="bbox 46 1710 1067 1763; baseline 0.001 -15"><span class='ocrx_word' id='word_1_210' title='bbox 46 1711 198 1754; x_wconf 80' lang='grc' dir='ltr'>κόλασις.</span> <span class='ocrx_word' id='word_1_211' title='bbox 225 1712 360 1749; x_wconf 84' lang='grc' dir='ltr'>Οὐκοῦν</span> <span class='ocrx_word' id='word_1_212' title='bbox 381 1711 437 1748; x_wconf 78' lang='grc' dir='ltr'><strong>διὰ</strong></span> <span class='ocrx_word' id='word_1_213' title='bbox 454 1715 552 1749; x_wconf 89' lang='grc' dir='ltr'>τοῦτο</span> <span class='ocrx_word' id='word_1_214' title='bbox 572 1711 774 1763; x_wconf 83' lang='grc' dir='ltr'>σιγήσομεν.</span> <span class='ocrx_word' id='word_1_215' title='bbox 790 1711 909 1762; x_wconf 76' lang='grc' dir='ltr'>“Οπερ</span> <span class='ocrx_word' id='word_1_216' title='bbox 931 1710 988 1749; x_wconf 74' lang='grc' dir='ltr'><strong>ἵνα</strong></span> <span class='ocrx_word' id='word_1_217' title='bbox 1019 1711 1067 1762; x_wconf 89' lang='grc' dir='ltr'><strong>μὴ</strong></span> 
     </span>
     <span class='ocr_line' id='line_1_26' title="bbox 46 1771 1069 1824; baseline 0 -15"><span class='ocrx_word' id='word_1_218' title='bbox 46 1771 208 1821; x_wconf 80' lang='grc' dir='ltr'>γένηται,</span> <span class='ocrx_word' id='word_1_219' title='bbox 225 1774 321 1822; x_wconf 76' lang='grc' dir='ltr'>ὑμεῖς</span> <span class='ocrx_word' id='word_1_220' title='bbox 347 1771 469 1824; x_wconf 83' lang='grc' dir='ltr'>κύριοι.</span> <span class='ocrx_word' id='word_1_221' title='bbox 501 1773 546 1809; x_wconf 82' lang='grc' dir='ltr'><strong>Εἰ</strong></span> <span class='ocrx_word' id='word_1_222' title='bbox 566 1771 632 1823; x_wconf 81' lang='grc' dir='ltr'><strong>γὰρ</strong></span> <span class='ocrx_word' id='word_1_223' title='bbox 664 1771 858 1822; x_wconf 81' lang='grc' dir='ltr'>θεασόμεθα</span> <span class='ocrx_word' id='word_1_224' title='bbox 884 1774 978 1821; x_wconf 76' lang='grc' dir='ltr'>ὑμῶν</span> <span class='ocrx_word' id='word_1_225' title='bbox 1006 1771 1069 1818; x_wconf 86' lang='grc' dir='ltr'><strong>τὴν</strong></span> 
     </span>
     <span class='ocr_line' id='line_1_27' title="bbox 47 1831 1067 1884; baseline 0.002 -16"><span class='ocrx_word' id='word_1_226' title='bbox 47 1831 196 1878; x_wconf 79' lang='grc' dir='ltr'>σπουδὴν</span> <span class='ocrx_word' id='word_1_227' title='bbox 208 1860 221 1879; x_wconf 83' lang='lat'>‚</span> <span class='ocrx_word' id='word_1_228' title='bbox 235 1831 317 1875; x_wconf 87' lang='grc' dir='ltr'>ἴσως</span> <span class='ocrx_word' id='word_1_229' title='bbox 334 1832 439 1870; x_wconf 82' lang='grc' dir='ltr'>πάλιν</span> <span class='ocrx_word' id='word_1_230' title='bbox 455 1835 595 1884; x_wconf 75' lang='grc' dir='ltr'>ἐροῦμεν</span> <span class='ocrx_word' id='word_1_231' title='bbox 610 1863 619 1880; x_wconf 88' lang='grc'>,</span> <span class='ocrx_word' id='word_1_232' title='bbox 634 1831 690 1870; x_wconf 81' lang='grc' dir='ltr'><strong>ἵνα</strong></span> <span class='ocrx_word' id='word_1_233' title='bbox 705 1832 764 1870; x_wconf 78' lang='grc' dir='ltr'><strong>καὶ</strong></span> <span class='ocrx_word' id='word_1_234' title='bbox 782 1834 879 1881; x_wconf 79' lang='grc' dir='ltr'>ὑμεῖς</span> <span class='ocrx_word' id='word_1_235' title='bbox 892 1832 949 1869; x_wconf 78' lang='grc' dir='ltr'><strong>ἐπὶ</strong></span> <span class='ocrx_word' id='word_1_236' title='bbox 964 1832 1067 1870; x_wconf 85' lang='grc' dir='ltr'>πλέον</span> 
     </span>
     <span class='ocr_line' id='line_1_28' title="bbox 47 1892 1069 1946; baseline 0.001 -18"><span class='ocrx_word' id='word_1_237' title='bbox 47 1892 270 1942; x_wconf 73' lang='grc' dir='ltr'>εὐδοκιμῆτε,</span> <span class='ocrx_word' id='word_1_238' title='bbox 304 1893 362 1930; x_wconf 82' lang='grc' dir='ltr'><strong>καὶ</strong></span> <span class='ocrx_word' id='word_1_239' title='bbox 394 1897 494 1943; x_wconf 80' lang='grc' dir='ltr'>ἡμεῖς</span> <span class='ocrx_word' id='word_1_240' title='bbox 528 1893 580 1944; x_wconf 75' lang='grc' dir='ltr'><strong>ἐφ’</strong></span> <span class='ocrx_word' id='word_1_241' title='bbox 600 1895 680 1942; x_wconf 76' lang='grc' dir='ltr'>ὑμῖν</span> <span class='ocrx_word' id='word_1_242' title='bbox 702 1892 982 1946; x_wconf 79' lang='grc' dir='ltr'>εὐφραινώμεθα,</span> <span class='ocrx_word' id='word_1_243' title='bbox 1013 1893 1069 1930; x_wconf 76' lang='grc' dir='ltr'><strong>ἐπὶ</strong></span> 
     </span>
     <span class='ocr_line' id='line_1_29' title="bbox 46 1953 1068 2006; baseline 0.001 -16"><span class='ocrx_word' id='word_1_244' title='bbox 46 1960 133 1991; x_wconf 76' lang='grc' dir='ltr'>πᾶσι</span> <span class='ocrx_word' id='word_1_245' title='bbox 162 1953 355 1997; x_wconf 78' lang='grc' dir='ltr'>δοξάζοντες</span> <span class='ocrx_word' id='word_1_246' title='bbox 382 1954 440 1992; x_wconf 82' lang='grc' dir='ltr'><strong>τὸν</strong></span> <span class='ocrx_word' id='word_1_247' title='bbox 458 1954 547 1992; x_wconf 77' lang='grc' dir='ltr'>Θεὸν</span> <span class='ocrx_word' id='word_1_248' title='bbox 582 1953 641 1990; x_wconf 78' lang='grc' dir='ltr'><strong>καὶ</strong></span> <span class='ocrx_word' id='word_1_249' title='bbox 677 1953 822 2005; x_wconf 83' lang='grc' dir='ltr'>Πατέρα</span> <span class='ocrx_word' id='word_1_250' title='bbox 849 1957 908 1990; x_wconf 85' lang='grc' dir='ltr'><strong>τοῦ</strong></span> <span class='ocrx_word' id='word_1_251' title='bbox 939 1953 1068 2006; x_wconf 86' lang='grc' dir='ltr'>Κυρίου</span> 
     </span>
     <span class='ocr_line' id='line_1_30' title="bbox 45 2010 1068 2066; baseline 0.002 -16"><span class='ocrx_word' id='word_1_252' title='bbox 45 2016 145 2063; x_wconf 82' lang='grc' dir='ltr'>ἡμῶν</span> <span class='ocrx_word' id='word_1_253' title='bbox 167 2014 281 2060; x_wconf 87' lang='grc' dir='ltr'>Ἰησοῦ</span> <span class='ocrx_word' id='word_1_254' title='bbox 312 2016 484 2066; x_wconf 83' lang='grc' dir='ltr'>Χριστοῦ·</span> <span class='ocrx_word' id='word_1_255' title='bbox 514 2010 541 2066; x_wconf 73' lang='grc' dir='ltr'>ᾧ</span> <span class='ocrx_word' id='word_1_256' title='bbox 555 2017 577 2060; x_wconf 80' lang='grc' dir='ltr'>ἡ</span> <span class='ocrx_word' id='word_1_257' title='bbox 598 2013 698 2060; x_wconf 79' lang='grc' dir='ltr'>δόξα,</span> <span class='ocrx_word' id='word_1_258' title='bbox 719 2014 778 2051; x_wconf 78' lang='grc' dir='ltr'><strong>καὶ</strong></span> <span class='ocrx_word' id='word_1_259' title='bbox 796 2015 835 2052; x_wconf 84' lang='grc' dir='ltr'><strong>τὸ</strong></span> <span class='ocrx_word' id='word_1_260' title='bbox 851 2014 992 2065; x_wconf 84' lang='grc' dir='ltr'>κράτος,</span> <span class='ocrx_word' id='word_1_261' title='bbox 1009 2014 1068 2052; x_wconf 79' lang='grc' dir='ltr'><strong>καὶ</strong></span> 
     </span>
     <span class='ocr_line' id='line_1_31' title="bbox 47 2074 1067 2128; baseline 0.001 -17"><span class='ocrx_word' id='word_1_262' title='bbox 47 2079 67 2120; x_wconf 75' lang='grc' dir='ltr'>ἦ</span> <span class='ocrx_word' id='word_1_263' title='bbox 93 2076 338 2125; x_wconf 68' lang='grc' dir='ltr'>μεγαλωσύνη,</span> <span class='ocrx_word' id='word_1_264' title='bbox 359 2075 418 2112; x_wconf 83' lang='grc' dir='ltr'><strong>καὶ</strong></span> <span class='ocrx_word' id='word_1_265' title='bbox 436 2078 457 2121; x_wconf 81' lang='grc' dir='ltr'>ἡ</span> <span class='ocrx_word' id='word_1_266' title='bbox 478 2075 587 2126; x_wconf 82' lang='grc' dir='ltr'>τιμὴ,</span> <span class='ocrx_word' id='word_1_267' title='bbox 608 2075 666 2113; x_wconf 77' lang='grc' dir='ltr'><strong>σὺν</strong></span> <span class='ocrx_word' id='word_1_268' title='bbox 685 2078 735 2127; x_wconf 81' lang='grc' dir='ltr'><strong>τῷ</strong></span> <span class='ocrx_word' id='word_1_269' title='bbox 768 2074 910 2126; x_wconf 76' lang='grc' dir='ltr'>ἀνάρχῳ</span> <span class='ocrx_word' id='word_1_270' title='bbox 933 2075 1067 2128; x_wconf 80' lang='grc' dir='ltr'>Πατρὶ,</span> 
     </span>
     <span class='ocr_line' id='line_1_32' title="bbox 47 2135 1068 2187; baseline 0.003 -16"><span class='ocrx_word' id='word_1_271' title='bbox 47 2135 105 2171; x_wconf 76' lang='grc' dir='ltr'>καὶ</span> <span class='ocrx_word' id='word_1_272' title='bbox 124 2139 172 2187; x_wconf 79' lang='grc' dir='ltr'><strong>τῷ</strong></span> <span class='ocrx_word' id='word_1_273' title='bbox 206 2136 292 2187; x_wconf 77' lang='grc' dir='ltr'>ἁγίῳ</span> <span class='ocrx_word' id='word_1_274' title='bbox 314 2139 418 2174; x_wconf 89' lang='grc' dir='ltr'>αὐτοῦ</span> <span class='ocrx_word' id='word_1_275' title='bbox 454 2136 656 2186; x_wconf 83' lang='grc' dir='ltr'>Πνεύματι,</span> <span class='ocrx_word' id='word_1_276' title='bbox 676 2139 734 2174; x_wconf 83' lang='grc' dir='ltr'><strong>νῦν</strong></span> <span class='ocrx_word' id='word_1_277' title='bbox 755 2135 814 2174; x_wconf 81' lang='grc' dir='ltr'><strong>καὶ</strong></span> <span class='ocrx_word' id='word_1_278' title='bbox 837 2136 908 2183; x_wconf 83' lang='grc' dir='ltr'>ἀεὶ,</span> <span class='ocrx_word' id='word_1_279' title='bbox 929 2135 988 2174; x_wconf 78' lang='grc' dir='ltr'><strong>καὶ</strong></span> <span class='ocrx_word' id='word_1_280' title='bbox 1020 2138 1068 2180; x_wconf 88' lang='grc' dir='ltr'><strong>εἷς</strong></span> 
     </span>
     <span class='ocr_line' id='line_1_33' title="bbox 45 2195 659 2247; baseline 0.002 -15"><span class='ocrx_word' id='word_1_281' title='bbox 45 2195 122 2240; x_wconf 65' lang='grc' dir='ltr'>τοὺς</span> <span class='ocrx_word' id='word_1_282' title='bbox 148 2199 273 2239; x_wconf 79' lang='grc' dir='ltr'>αἰῶνας</span> <span class='ocrx_word' id='word_1_283' title='bbox 288 2199 355 2234; x_wconf 86' lang='grc' dir='ltr'><strong>τῶν</strong></span> <span class='ocrx_word' id='word_1_284' title='bbox 376 2196 521 2234; x_wconf 86' lang='grc' dir='ltr'>αἰώνων.</span> <span class='ocrx_word' id='word_1_285' title='bbox 539 2195 659 2247; x_wconf 85' lang='grc' dir='ltr'>Ἀμήν.</span> 
     </span>
    </p>
   </div>
   <div class='ocr_carea' id='block_1_3' title="bbox 860 240 1534 272">
    <p class='ocr_par' dir='ltr' id='par_1_4' title="bbox 860 240 1534 272">
     <span class='ocr_line' id='line_1_34' title="bbox 860 240 1534 272; baseline 0.001 -2"><span class='ocrx_word' id='word_1_286' title='bbox 860 240 1186 271; x_wconf 76' lang='lat' dir='ltr'>APOSTOLORUM</span> <span class='ocrx_word' id='word_1_287' title='bbox 1194 261 1204 271; x_wconf 93' lang='lat'><strong>.</strong></span> <span class='ocrx_word' id='word_1_288' title='bbox 1242 241 1384 271; x_wconf 80' lang='lat' dir='ltr'><strong>floMlL</strong></span> <span class='ocrx_word' id='word_1_289' title='bbox 1392 261 1401 270; x_wconf 92' lang='lat'><strong>.</strong></span> <span class='ocrx_word' id='word_1_290' title='bbox 1439 241 1516 272; x_wconf 85' lang='lat' dir='ltr'><strong>XIX</strong></span> <span class='ocrx_word' id='word_1_291' title='bbox 1524 261 1534 271; x_wconf 84' lang='lat'><strong>.</strong></span> 
     </span>
    </p>
   </div>
   <div class='ocr_carea' id='block_1_4' title="bbox 1144 242 2133 736">
    <p class='ocr_par' dir='ltr' id='par_1_5' title="bbox 1144 242 2133 736">
     <span class='ocr_line' id='line_1_35' title="bbox 2046 242 2125 288; baseline -0.013 -16"><span class='ocrx_word' id='word_1_292' title='bbox 2046 245 2059 272; x_wconf 93' lang='lat'>1</span> <span class='ocrx_word' id='word_1_293' title='bbox 2074 242 2097 288; x_wconf 92' lang='lat'><strong>7</strong></span> <span class='ocrx_word' id='word_1_294' title='bbox 2111 242 2125 271; x_wconf 89' lang='lat'>1</span> 
     </span>
     <span class='ocr_line' id='line_1_36' title="bbox 1147 318 2133 372; baseline -0.001 -13"><span class='ocrx_word' id='word_1_295' title='bbox 1147 321 1266 360; x_wconf 74' lang='lat' dir='ltr'><strong>citur?</strong></span> <span class='ocrx_word' id='word_1_296' title='bbox 1283 321 1389 369; x_wconf 88' lang='lat' dir='ltr'><strong>Quod</strong></span> <span class='ocrx_word' id='word_1_297' title='bbox 1405 321 1435 360; x_wconf 89' lang='lat' dir='ltr'><strong>si</strong></span> <span class='ocrx_word' id='word_1_298' title='bbox 1453 322 1644 360; x_wconf 84' lang='lat' dir='ltr'><strong>nescientes</strong></span> <span class='ocrx_word' id='word_1_299' title='bbox 1677 318 1764 372; x_wconf 89' lang='lat' dir='ltr'><strong>quid</strong></span> <span class='ocrx_word' id='word_1_300' title='bbox 1777 319 1848 359; x_wconf 90' lang='lat' dir='ltr'><strong>sint</strong></span> <span class='ocrx_word' id='word_1_301' title='bbox 1864 320 2064 371; x_wconf 83' lang='lat' dir='ltr'><strong>evangelia,</strong></span> <span class='ocrx_word' id='word_1_302' title='bbox 2081 320 2133 358; x_wconf 91' lang='lat' dir='ltr'><strong>sic</strong></span> 
     </span>
     <span class='ocr_line' id='line_1_37' title="bbox 1144 380 2132 435; baseline -0.001 -16"><span class='ocrx_word' id='word_1_303' title='bbox 1144 382 1332 421; x_wconf 88' lang='lat' dir='ltr'><strong>lectionem</strong></span> <span class='ocrx_word' id='word_1_304' title='bbox 1363 382 1632 435; x_wconf 86' lang='lat' dir='ltr'><strong>Scripturarum</strong></span> <span class='ocrx_word' id='word_1_305' title='bbox 1662 381 1858 434; x_wconf 79' lang='lat' dir='ltr'><strong>despicitis,</strong></span> <span class='ocrx_word' id='word_1_306' title='bbox 1892 380 1983 432; x_wconf 85' lang='lat' dir='ltr'><strong>quid</strong></span> <span class='ocrx_word' id='word_1_307' title='bbox 2012 381 2132 419; x_wconf 82' lang='lat' dir='ltr'><strong>dicam</strong></span> 
     </span>
     <span class='ocr_line' id='line_1_38' title="bbox 1144 441 2130 494; baseline -0.002 -13"><span class='ocrx_word' id='word_1_308' title='bbox 1144 443 1271 482; x_wconf 79' lang='lat' dir='ltr'><strong>vobis?</strong></span> <span class='ocrx_word' id='word_1_309' title='bbox 1291 444 1419 482; x_wconf 82' lang='lat' dir='ltr'><strong>Dicam</strong></span> <span class='ocrx_word' id='word_1_310' title='bbox 1434 453 1466 481; x_wconf 89' lang='lat' dir='ltr'><strong>ct</strong></span> <span class='ocrx_word' id='word_1_311' title='bbox 1485 442 1586 480; x_wconf 86' lang='lat' dir='ltr'><strong>aliud</strong></span> <span class='ocrx_word' id='word_1_312' title='bbox 1602 458 1610 479; x_wconf 76' lang='grc' dir='ltr'><strong><em>ε</em></strong></span> <span class='ocrx_word' id='word_1_313' title='bbox 1627 443 1699 481; x_wconf 91' lang='lat' dir='ltr'><strong>Cur</strong></span> <span class='ocrx_word' id='word_1_314' title='bbox 1716 451 1870 494; x_wconf 88' lang='lat' dir='ltr'><strong>quatuor</strong></span> <span class='ocrx_word' id='word_1_315' title='bbox 1898 441 2095 493; x_wconf 81' lang='lat' dir='ltr'><strong>Evangelia</strong></span> <span class='ocrx_word' id='word_1_316' title='bbox 2111 442 2130 479; x_wconf 74' lang='grc' dir='ltr'><strong>ἱ)</strong></span> 
     </span>
     <span class='ocr_line' id='line_1_39' title="bbox 1146 502 2132 555; baseline -0.002 -14"><span class='ocrx_word' id='word_1_317' title='bbox 1146 518 1209 541; x_wconf 89' lang='lat' dir='ltr'><strong>cur</strong></span> <span class='ocrx_word' id='word_1_318' title='bbox 1227 518 1297 542; x_wconf 92' lang='lat' dir='ltr'><strong>non</strong></span> <span class='ocrx_word' id='word_1_319' title='bbox 1320 504 1467 542; x_wconf 76' lang='lat' dir='ltr'><strong>decem?</strong></span> <span class='ocrx_word' id='word_1_320' title='bbox 1487 518 1551 541; x_wconf 87' lang='lat' dir='ltr'><strong>cur</strong></span> <span class='ocrx_word' id='word_1_321' title='bbox 1565 517 1636 541; x_wconf 91' lang='lat' dir='ltr'><strong>non</strong></span> <span class='ocrx_word' id='word_1_322' title='bbox 1655 503 1813 555; x_wconf 74' lang='lat' dir='ltr'><strong>viginti?</strong></span> <span class='ocrx_word' id='word_1_323' title='bbox 1839 517 1903 540; x_wconf 91' lang='lat' dir='ltr'><strong>cur</strong></span> <span class='ocrx_word' id='word_1_324' title='bbox 1920 516 1991 541; x_wconf 91' lang='lat' dir='ltr'><strong>non</strong></span> <span class='ocrx_word' id='word_1_325' title='bbox 2023 502 2132 540; x_wconf 87' lang='lat' dir='ltr'><strong>multi</strong></span> 
     </span>
     <span class='ocr_line' id='line_1_40' title="bbox 1145 561 2132 615; baseline -0.003 -13"><span class='ocrx_word' id='word_1_326' title='bbox 1145 564 1339 615; x_wconf 81' lang='lat' dir='ltr'><strong>Evangelia</strong></span> <span class='ocrx_word' id='word_1_327' title='bbox 1357 564 1508 602; x_wconf 82' lang='lat' dir='ltr'><strong>scribere</strong></span> <span class='ocrx_word' id='word_1_328' title='bbox 1524 572 1606 602; x_wconf 93' lang='lat' dir='ltr'><strong>sunt</strong></span> <span class='ocrx_word' id='word_1_329' title='bbox 1623 563 1808 615; x_wconf 77' lang='lat' dir='ltr'><strong>aggressi?</strong></span> <span class='ocrx_word' id='word_1_330' title='bbox 1834 576 1898 600; x_wconf 90' lang='lat' dir='ltr'><strong>cur</strong></span> <span class='ocrx_word' id='word_1_331' title='bbox 1926 576 1996 600; x_wconf 92' lang='lat' dir='ltr'><strong>non</strong></span> <span class='ocrx_word' id='word_1_332' title='bbox 2012 561 2132 600; x_wconf 74' lang='lat' dir='ltr'><strong>unus?</strong></span> 
     </span>
     <span class='ocr_line' id='line_1_41' title="bbox 1145 623 2132 677; baseline -0.001 -15"><span class='ocrx_word' id='word_1_333' title='bbox 1145 639 1208 663; x_wconf 85' lang='lat' dir='ltr'><strong>cur</strong></span> <span class='ocrx_word' id='word_1_334' title='bbox 1225 625 1418 677; x_wconf 76' lang='lat' dir='ltr'><strong>discipuli?</strong></span> <span class='ocrx_word' id='word_1_335' title='bbox 1431 639 1493 662; x_wconf 89' lang='lat' dir='ltr'><strong>cur</strong></span> <span class='ocrx_word' id='word_1_336' title='bbox 1506 639 1576 663; x_wconf 92' lang='lat' dir='ltr'><strong>non</strong></span> <span class='ocrx_word' id='word_1_337' title='bbox 1591 625 1630 675; x_wconf 92' lang='lat' dir='ltr'><strong>ii,</strong></span> <span class='ocrx_word' id='word_1_338' title='bbox 1646 625 1709 676; x_wconf 91' lang='lat' dir='ltr'><strong>qui</strong></span> <span class='ocrx_word' id='word_1_339' title='bbox 1723 624 1893 676; x_wconf 88' lang='lat' dir='ltr'><strong>discipuli</strong></span> <span class='ocrx_word' id='word_1_340' title='bbox 1917 637 1989 662; x_wconf 72' lang='lat' dir='ltr'><strong>non,</strong></span> <span class='ocrx_word' id='word_1_341' title='bbox 2003 632 2103 661; x_wconf 82' lang='lat' dir='ltr'><strong>erant</strong></span> <span class='ocrx_word' id='word_1_342' title='bbox 2113 623 2132 662; x_wconf 71' lang='grc' dir='ltr'><strong>ἱ)</strong></span> 
     </span>
     <span class='ocr_line' id='line_1_42' title="bbox 1146 683 2131 736; baseline 0.001 -15"><span class='ocrx_word' id='word_1_343' title='bbox 1146 698 1209 721; x_wconf 90' lang='lat' dir='ltr'><strong>cur</strong></span> <span class='ocrx_word' id='word_1_344' title='bbox 1226 685 1370 723; x_wconf 89' lang='lat' dir='ltr'><strong>omnino</strong></span> <span class='ocrx_word' id='word_1_345' title='bbox 1395 685 1616 736; x_wconf 78' lang='lat' dir='ltr'><strong>Scripturae?</strong></span> <span class='ocrx_word' id='word_1_346' title='bbox 1649 685 1756 736; x_wconf 87' lang='lat' dir='ltr'><strong>Atqui</strong></span> <span class='ocrx_word' id='word_1_347' title='bbox 1793 684 2012 722; x_wconf 87' lang='lat' dir='ltr'><strong>contrarium</strong></span> <span class='ocrx_word' id='word_1_348' title='bbox 2042 683 2131 722; x_wconf 89' lang='lat' dir='ltr'><strong>dicit</strong></span> 
     </span>
    </p>
   </div>
   <div class='ocr_carea' id='block_1_5' title="bbox 1149 746 2331 785">
    <p class='ocr_par' dir='ltr' id='par_1_6' title="bbox 1149 746 2331 785">
     <span class='ocr_line' id='line_1_43' title="bbox 1149 746 2331 785; baseline -0.001 -3"><span class='ocrx_word' id='word_1_349' title='bbox 1149 754 1252 783; x_wconf 87' lang='lat' dir='ltr'><strong>vetus</strong></span> <span class='ocrx_word' id='word_1_350' title='bbox 1267 746 1327 783; x_wconf 82' lang='lat' dir='ltr'><strong>lex</strong></span> <span class='ocrx_word' id='word_1_351' title='bbox 1349 761 1356 781; x_wconf 92' lang='lat'>:</span> <span class='ocrx_word' id='word_1_352' title='bbox 1381 747 1498 783; x_wconf 86' lang='lat' dir='ltr'><em>Dabo</em></span> <span class='ocrx_word' id='word_1_353' title='bbox 1527 748 1640 783; x_wconf 83' lang='lat' dir='ltr'><strong>vobis</strong></span> <span class='ocrx_word' id='word_1_354' title='bbox 1664 747 1948 783; x_wconf 80' lang='lat' dir='ltr'><strong>Testamentum</strong></span> <span class='ocrx_word' id='word_1_355' title='bbox 1962 747 2331 785; x_wconf 77' lang='lat' dir='ltr'><strong>Novum.Jer.31.31.</strong></span> 
     </span>
    </p>
   </div>
   <div class='ocr_carea' id='block_1_6' title="bbox 1143 803 2132 972">
    <p class='ocr_par' dir='ltr' id='par_1_7' title="bbox 1143 803 2132 972">
     <span class='ocr_line' id='line_1_44' title="bbox 1146 803 2131 858; baseline 0.003 -16"><span class='ocrx_word' id='word_1_356' title='bbox 1146 805 1219 842; x_wconf 87' lang='lat' dir='ltr'><strong>Ubi</strong></span> <span class='ocrx_word' id='word_1_357' title='bbox 1243 814 1327 843; x_wconf 91' lang='lat' dir='ltr'><strong>sunt</strong></span> <span class='ocrx_word' id='word_1_358' title='bbox 1344 805 1383 854; x_wconf 93' lang='lat' dir='ltr'><strong>ii,</strong></span> <span class='ocrx_word' id='word_1_359' title='bbox 1404 805 1465 855; x_wconf 91' lang='lat' dir='ltr'><strong>qui</strong></span> <span class='ocrx_word' id='word_1_360' title='bbox 1480 803 1619 857; x_wconf 81' lang='lat' dir='ltr'><strong>dicunt,</strong></span> <span class='ocrx_word' id='word_1_361' title='bbox 1643 806 1791 858; x_wconf 84' lang='lat' dir='ltr'><strong>Semper</strong></span> <span class='ocrx_word' id='word_1_362' title='bbox 1823 805 1969 844; x_wconf 79' lang='lat' dir='ltr'><strong>eadem?</strong></span> <span class='ocrx_word' id='word_1_363' title='bbox 1998 807 2036 845; x_wconf 93' lang='lat' dir='ltr'><strong>Si</strong></span> <span class='ocrx_word' id='word_1_364' title='bbox 2054 807 2131 845; x_wconf 87' lang='lat' dir='ltr'><strong>haec</strong></span> 
     </span>
     <span class='ocr_line' id='line_1_45' title="bbox 1144 865 2132 915; baseline 0.003 -13"><span class='ocrx_word' id='word_1_365' title='bbox 1144 865 1291 914; x_wconf 85' lang='lat' dir='ltr'><strong>sciretis,</strong></span> <span class='ocrx_word' id='word_1_366' title='bbox 1319 865 1418 915; x_wconf 91' lang='lat' dir='ltr'><strong>quod</strong></span> <span class='ocrx_word' id='word_1_367' title='bbox 1438 865 1468 902; x_wconf 90' lang='lat' dir='ltr'><strong>si</strong></span> <span class='ocrx_word' id='word_1_368' title='bbox 1491 866 1600 903; x_wconf 90' lang='lat' dir='ltr'><strong>homo</strong></span> <span class='ocrx_word' id='word_1_369' title='bbox 1634 866 1757 904; x_wconf 89' lang='lat' dir='ltr'><strong>decem</strong></span> <span class='ocrx_word' id='word_1_370' title='bbox 1784 866 1882 903; x_wconf 89' lang='lat' dir='ltr'><strong>mille</strong></span> <span class='ocrx_word' id='word_1_371' title='bbox 1910 867 2011 904; x_wconf 79' lang='lat' dir='ltr'><strong>annis</strong></span> <span class='ocrx_word' id='word_1_372' title='bbox 2032 867 2132 905; x_wconf 85' lang='lat' dir='ltr'><strong>vive-</strong></span> 
     </span>
     <span class='ocr_line' id='line_1_46' title="bbox 1143 923 2128 972; baseline 0.003 -13"><span class='ocrx_word' id='word_1_373' title='bbox 1143 930 1208 971; x_wconf 87' lang='lat' dir='ltr'><strong>ret,</strong></span> <span class='ocrx_word' id='word_1_374' title='bbox 1234 936 1303 960; x_wconf 91' lang='lat' dir='ltr'><strong>non</strong></span> <span class='ocrx_word' id='word_1_375' title='bbox 1326 923 1397 960; x_wconf 92' lang='lat' dir='ltr'><strong>sint</strong></span> <span class='ocrx_word' id='word_1_376' title='bbox 1430 932 1548 960; x_wconf 88' lang='lat' dir='ltr'><strong>tamen</strong></span> <span class='ocrx_word' id='word_1_377' title='bbox 1569 923 1706 972; x_wconf 84' lang='lat' dir='ltr'><strong>eadem,</strong></span> <span class='ocrx_word' id='word_1_378' title='bbox 1743 923 1820 960; x_wconf 86' lang='lat' dir='ltr'><strong>haec</strong></span> <span class='ocrx_word' id='word_1_379' title='bbox 1851 937 1920 960; x_wconf 92' lang='lat' dir='ltr'><strong>non</strong></span> <span class='ocrx_word' id='word_1_380' title='bbox 1948 924 2128 962; x_wconf 90' lang='lat' dir='ltr'><strong>diceretis.</strong></span> 
     </span>
    </p>
   </div>
   <div class='ocr_carea' id='block_1_7' title="bbox 1136 982 2133 2189">
    <p class='ocr_par' dir='ltr' id='par_1_8' title="bbox 1136 982 2133 2189">
     <span class='ocr_line' id='line_1_47' title="bbox 1144 982 2132 1035; baseline 0 -15"><span class='ocrx_word' id='word_1_381' title='bbox 1144 982 1297 1030; x_wconf 85' lang='lat' dir='ltr'><strong>Credite,</strong></span> <span class='ocrx_word' id='word_1_382' title='bbox 1319 983 1411 1020; x_wconf 90' lang='lat' dir='ltr'><strong>nihil</strong></span> <span class='ocrx_word' id='word_1_383' title='bbox 1431 983 1563 1021; x_wconf 90' lang='lat' dir='ltr'><strong>horum</strong></span> <span class='ocrx_word' id='word_1_384' title='bbox 1588 984 1692 1023; x_wconf 87' lang='lat' dir='ltr'><strong>vobis</strong></span> <span class='ocrx_word' id='word_1_385' title='bbox 1716 983 1845 1033; x_wconf 79' lang='lat' dir='ltr'><strong>dicam,</strong></span> <span class='ocrx_word' id='word_1_386' title='bbox 1864 997 1933 1021; x_wconf 91' lang='lat' dir='ltr'><strong>non</strong></span> <span class='ocrx_word' id='word_1_387' title='bbox 1948 983 2132 1035; x_wconf 84' lang='lat' dir='ltr'><strong>privatim,</strong></span> 
     </span>
     <span class='ocr_line' id='line_1_48' title="bbox 1145 1042 2131 1095; baseline 0.001 -15"><span class='ocrx_word' id='word_1_388' title='bbox 1145 1056 1216 1080; x_wconf 92' lang='lat' dir='ltr'><strong>non</strong></span> <span class='ocrx_word' id='word_1_389' title='bbox 1234 1043 1378 1095; x_wconf 83' lang='lat' dir='ltr'><strong>publice</strong></span> <span class='ocrx_word' id='word_1_390' title='bbox 1386 1059 1398 1093; x_wconf 80' lang='lat'>3</span> <span class='ocrx_word' id='word_1_391' title='bbox 1429 1042 1490 1081; x_wconf 87' lang='lat' dir='ltr'><strong>sed</strong></span> <span class='ocrx_word' id='word_1_392' title='bbox 1510 1044 1539 1081; x_wconf 90' lang='lat' dir='ltr'><strong>si</strong></span> <span class='ocrx_word' id='word_1_393' title='bbox 1565 1043 1645 1094; x_wconf 86' lang='lat' dir='ltr'><strong>quis</strong></span> <span class='ocrx_word' id='word_1_394' title='bbox 1666 1043 1852 1092; x_wconf 89' lang='lat' dir='ltr'><strong>invenerit,</strong></span> <span class='ocrx_word' id='word_1_395' title='bbox 1875 1057 2028 1081; x_wconf 84' lang='lat' dir='ltr'><strong>annuam</strong></span> <span class='ocrx_word' id='word_1_396' title='bbox 2041 1059 2053 1094; x_wconf 78' lang='lat'>3</span> <span class='ocrx_word' id='word_1_397' title='bbox 2076 1044 2131 1082; x_wconf 91' lang='lat' dir='ltr'><strong>sin</strong></span> 
     </span>
     <span class='ocr_line' id='line_1_49' title="bbox 1141 1101 2133 1155; baseline 0.003 -16"><span class='ocrx_word' id='word_1_398' title='bbox 1141 1101 1272 1151; x_wconf 89' lang='lat' dir='ltr'><strong>minus,</strong></span> <span class='ocrx_word' id='word_1_399' title='bbox 1297 1103 1423 1140; x_wconf 84' lang='lat' dir='ltr'><strong>sinam.</strong></span> <span class='ocrx_word' id='word_1_400' title='bbox 1454 1102 1514 1141; x_wconf 89' lang='lat' dir='ltr'><strong>Sic</strong></span> <span class='ocrx_word' id='word_1_401' title='bbox 1533 1117 1597 1142; x_wconf 87' lang='lat' dir='ltr'><strong>vos</strong></span> <span class='ocrx_word' id='word_1_402' title='bbox 1626 1102 1775 1140; x_wconf 81' lang='lat' dir='ltr'><strong>fecimus</strong></span> <span class='ocrx_word' id='word_1_403' title='bbox 1807 1102 1964 1151; x_wconf 87' lang='lat' dir='ltr'><strong>inutiles,</strong></span> <span class='ocrx_word' id='word_1_404' title='bbox 1994 1117 2133 1155; x_wconf 85' lang='lat' dir='ltr'><strong>semper</strong></span> 
     </span>
     <span class='ocr_line' id='line_1_50' title="bbox 1141 1162 2132 1215; baseline 0 -15"><span class='ocrx_word' id='word_1_405' title='bbox 1141 1164 1260 1201; x_wconf 80' lang='lat' dir='ltr'><strong>omnia</strong></span> <span class='ocrx_word' id='word_1_406' title='bbox 1275 1173 1441 1215; x_wconf 88' lang='lat' dir='ltr'><strong>prompte</strong></span> <span class='ocrx_word' id='word_1_407' title='bbox 1476 1163 1643 1213; x_wconf 87' lang='lat' dir='ltr'><strong>dicentes,</strong></span> <span class='ocrx_word' id='word_1_408' title='bbox 1658 1177 1722 1200; x_wconf 90' lang='lat' dir='ltr'><strong>nec</strong></span> <span class='ocrx_word' id='word_1_409' title='bbox 1743 1162 1885 1213; x_wconf 83' lang='lat' dir='ltr'><strong>quando</strong></span> <span class='ocrx_word' id='word_1_410' title='bbox 1906 1171 2043 1215; x_wconf 87' lang='lat' dir='ltr'><strong>oportet</strong></span> <span class='ocrx_word' id='word_1_411' title='bbox 2077 1177 2132 1201; x_wconf 86' lang='lat' dir='ltr'><strong>re-</strong></span> 
     </span>
     <span class='ocr_line' id='line_1_51' title="bbox 1139 1223 2130 1274; baseline 0 -13"><span class='ocrx_word' id='word_1_412' title='bbox 1139 1234 1299 1262; x_wconf 86' lang='lat' dir='ltr'><strong>nuentes.</strong></span> <span class='ocrx_word' id='word_1_413' title='bbox 1323 1224 1414 1262; x_wconf 88' lang='lat' dir='ltr'><strong>Ecce</strong></span> <span class='ocrx_word' id='word_1_414' title='bbox 1445 1223 1584 1262; x_wconf 84' lang='lat' dir='ltr'><strong>habetis</strong></span> <span class='ocrx_word' id='word_1_415' title='bbox 1620 1224 1833 1274; x_wconf 74' lang='lat' dir='ltr'><strong>quaestiones</strong></span> <span class='ocrx_word' id='word_1_416' title='bbox 1864 1224 1995 1262; x_wconf 83' lang='lat' dir='ltr'><strong>multas</strong></span> <span class='ocrx_word' id='word_1_417' title='bbox 2019 1240 2026 1261; x_wconf 91' lang='lat'>:</span> <span class='ocrx_word' id='word_1_418' title='bbox 2047 1238 2130 1262; x_wconf 88' lang='lat' dir='ltr'><strong>eon-</strong></span> 
     </span>
     <span class='ocr_line' id='line_1_52' title="bbox 1138 1284 2131 1337; baseline 0.001 -15"><span class='ocrx_word' id='word_1_419' title='bbox 1138 1284 1303 1334; x_wconf 81' lang='lat' dir='ltr'><strong>siderate,</strong></span> <span class='ocrx_word' id='word_1_420' title='bbox 1319 1285 1428 1323; x_wconf 85' lang='lat' dir='ltr'><strong>dicite</strong></span> <span class='ocrx_word' id='word_1_421' title='bbox 1442 1299 1597 1323; x_wconf 80' lang='lat' dir='ltr'><strong>causam.</strong></span> <span class='ocrx_word' id='word_1_422' title='bbox 1615 1285 1689 1323; x_wconf 91' lang='lat' dir='ltr'><strong>Cur</strong></span> <span class='ocrx_word' id='word_1_423' title='bbox 1714 1285 1938 1337; x_wconf 77' lang='lat' dir='ltr'><strong>Evangelia?</strong></span> <span class='ocrx_word' id='word_1_424' title='bbox 1964 1300 2028 1323; x_wconf 88' lang='lat' dir='ltr'><strong>cur</strong></span> <span class='ocrx_word' id='word_1_425' title='bbox 2058 1299 2131 1323; x_wconf 92' lang='lat' dir='ltr'><strong>non</strong></span> 
     </span>
     <span class='ocr_line' id='line_1_53' title="bbox 1138 1345 2131 1398; baseline 0.002 -16"><span class='ocrx_word' id='word_1_426' title='bbox 1138 1346 1360 1398; x_wconf 75' lang='lat' dir='ltr'><strong>prophetiae?</strong></span> <span class='ocrx_word' id='word_1_427' title='bbox 1379 1360 1442 1383; x_wconf 87' lang='lat' dir='ltr'><strong>cur</strong></span> <span class='ocrx_word' id='word_1_428' title='bbox 1457 1360 1509 1396; x_wconf 83' lang='lat' dir='ltr'><strong>ea,</strong></span> <span class='ocrx_word' id='word_1_429' title='bbox 1529 1360 1607 1396; x_wconf 84' lang='lat' dir='ltr'><strong>quae</strong></span> <span class='ocrx_word' id='word_1_430' title='bbox 1637 1345 1797 1383; x_wconf 84' lang='lat' dir='ltr'><strong>facienda</strong></span> <span class='ocrx_word' id='word_1_431' title='bbox 1832 1354 1926 1396; x_wconf 87' lang='lat' dir='ltr'><strong>sunt,</strong></span> <span class='ocrx_word' id='word_1_432' title='bbox 1949 1346 1985 1383; x_wconf 91' lang='lat' dir='ltr'><strong>in</strong></span> <span class='ocrx_word' id='word_1_433' title='bbox 2009 1346 2131 1386; x_wconf 83' lang='lat' dir='ltr'><strong>Evan-</strong></span> 
     </span>
     <span class='ocr_line' id='line_1_54' title="bbox 1139 1409 2130 1460; baseline 0.001 -13"><span class='ocrx_word' id='word_1_434' title='bbox 1139 1409 1265 1460; x_wconf 76' lang='lat' dir='ltr'><strong>geliis?</strong></span> <span class='ocrx_word' id='word_1_435' title='bbox 1285 1411 1331 1448; x_wconf 87' lang='lat' dir='ltr'><strong>Et</strong></span> <span class='ocrx_word' id='word_1_436' title='bbox 1349 1409 1379 1447; x_wconf 89' lang='lat' dir='ltr'><strong>si</strong></span> <span class='ocrx_word' id='word_1_437' title='bbox 1394 1409 1455 1447; x_wconf 93' lang='lat' dir='ltr'><strong>hic</strong></span> <span class='ocrx_word' id='word_1_438' title='bbox 1469 1409 1624 1458; x_wconf 86' lang='lat' dir='ltr'><strong>dubitet,</strong></span> <span class='ocrx_word' id='word_1_439' title='bbox 1640 1409 1732 1447; x_wconf 77' lang='lat' dir='ltr'><strong>alius</strong></span> <span class='ocrx_word' id='word_1_440' title='bbox 1751 1418 1900 1460; x_wconf 83' lang='lat' dir='ltr'><strong>quaerat,</strong></span> <span class='ocrx_word' id='word_1_441' title='bbox 1920 1419 1954 1447; x_wconf 89' lang='lat' dir='ltr'><strong>et</strong></span> <span class='ocrx_word' id='word_1_442' title='bbox 1969 1424 2032 1448; x_wconf 83' lang='lat' dir='ltr'><strong>sua</strong></span> <span class='ocrx_word' id='word_1_443' title='bbox 2048 1409 2130 1448; x_wconf 82' lang='lat' dir='ltr'><strong>aliis</strong></span> 
     </span>
     <span class='ocr_line' id='line_1_55' title="bbox 1139 1469 2131 1508; baseline 0.002 -2"><span class='ocrx_word' id='word_1_444' title='bbox 1139 1478 1262 1507; x_wconf 90' lang='lat' dir='ltr'><strong>mutuo</strong></span> <span class='ocrx_word' id='word_1_445' title='bbox 1298 1470 1479 1508; x_wconf 77' lang='lat' dir='ltr'><strong>conferant</strong></span> <span class='ocrx_word' id='word_1_446' title='bbox 1499 1485 1507 1506; x_wconf 75' lang='grc' dir='ltr'><strong>ε</strong></span> <span class='ocrx_word' id='word_1_447' title='bbox 1537 1469 1682 1507; x_wconf 90' lang='lat' dir='ltr'><strong>demum</strong></span> <span class='ocrx_word' id='word_1_448' title='bbox 1710 1483 1774 1507; x_wconf 89' lang='lat' dir='ltr'><strong>nos</strong></span> <span class='ocrx_word' id='word_1_449' title='bbox 1808 1469 2001 1508; x_wconf 85' lang='lat' dir='ltr'><strong>silebimus.</strong></span> <span class='ocrx_word' id='word_1_450' title='bbox 2036 1471 2131 1508; x_wconf 86' lang='lat' dir='ltr'><strong>Nam</strong></span> 
     </span>
     <span class='ocr_line' id='line_1_56' title="bbox 1137 1529 2128 1582; baseline 0.003 -16"><span class='ocrx_word' id='word_1_451' title='bbox 1137 1529 1165 1567; x_wconf 89' lang='lat' dir='ltr'><strong>si</strong></span> <span class='ocrx_word' id='word_1_452' title='bbox 1188 1529 1284 1567; x_wconf 81' lang='lat' dir='ltr'><strong>dicta</strong></span> <span class='ocrx_word' id='word_1_453' title='bbox 1298 1530 1399 1568; x_wconf 85' lang='lat' dir='ltr'><strong>vohis</strong></span> <span class='ocrx_word' id='word_1_454' title='bbox 1421 1529 1513 1567; x_wconf 89' lang='lat' dir='ltr'><strong>nihil</strong></span> <span class='ocrx_word' id='word_1_455' title='bbox 1530 1530 1753 1581; x_wconf 88' lang='lat' dir='ltr'><strong>profuerunt,</strong></span> <span class='ocrx_word' id='word_1_456' title='bbox 1772 1531 1886 1568; x_wconf 85' lang='lat' dir='ltr'><strong>multo</strong></span> <span class='ocrx_word' id='word_1_457' title='bbox 1906 1530 2024 1568; x_wconf 89' lang='lat' dir='ltr'><strong>minus</strong></span> <span class='ocrx_word' id='word_1_458' title='bbox 2042 1545 2128 1582; x_wconf 91' lang='lat' dir='ltr'><strong>pro-</strong></span> 
     </span>
     <span class='ocr_line' id='line_1_57' title="bbox 1136 1589 2128 1642; baseline 0.002 -15"><span class='ocrx_word' id='word_1_459' title='bbox 1136 1589 1277 1638; x_wconf 81' lang='lat' dir='ltr'><strong>derunt,</strong></span> <span class='ocrx_word' id='word_1_460' title='bbox 1297 1604 1376 1641; x_wconf 85' lang='lat' dir='ltr'><strong>quae</strong></span> <span class='ocrx_word' id='word_1_461' title='bbox 1405 1589 1630 1642; x_wconf 82' lang='lat' dir='ltr'><strong>adjicientur.</strong></span> <span class='ocrx_word' id='word_1_462' title='bbox 1663 1592 1758 1630; x_wconf 87' lang='lat' dir='ltr'><strong>Vere</strong></span> <span class='ocrx_word' id='word_1_463' title='bbox 1785 1590 1883 1628; x_wconf 92' lang='lat' dir='ltr'><strong>dolio</strong></span> <span class='ocrx_word' id='word_1_464' title='bbox 1906 1605 1951 1628; x_wconf 79' lang='lat' dir='ltr'><strong>ex</strong></span> <span class='ocrx_word' id='word_1_465' title='bbox 1982 1600 2128 1642; x_wconf 91' lang='lat' dir='ltr'><strong>pertuso</strong></span> 
     </span>
     <span class='ocr_line' id='line_1_58' title="bbox 1137 1650 2127 1703; baseline 0.003 -16"><span class='ocrx_word' id='word_1_466' title='bbox 1137 1650 1322 1688; x_wconf 80' lang='lat' dir='ltr'><strong>haurimus</strong></span> <span class='ocrx_word' id='word_1_467' title='bbox 1339 1666 1346 1687; x_wconf 93' lang='lat'><strong>:</strong></span> <span class='ocrx_word' id='word_1_468' title='bbox 1363 1650 1459 1688; x_wconf 89' lang='lat' dir='ltr'><strong>unde</strong></span> <span class='ocrx_word' id='word_1_469' title='bbox 1472 1651 1588 1702; x_wconf 83' lang='lat' dir='ltr'><strong>majus</strong></span> <span class='ocrx_word' id='word_1_470' title='bbox 1599 1651 1701 1690; x_wconf 83' lang='lat' dir='ltr'><strong>vobis</strong></span> <span class='ocrx_word' id='word_1_471' title='bbox 1713 1652 1931 1703; x_wconf 88' lang='lat' dir='ltr'><strong>supplicium</strong></span> <span class='ocrx_word' id='word_1_472' title='bbox 1943 1651 2020 1689; x_wconf 86' lang='lat' dir='ltr'><strong>erit.</strong></span> <span class='ocrx_word' id='word_1_473' title='bbox 2041 1651 2127 1690; x_wconf 88' lang='lat' dir='ltr'><strong>Ideo</strong></span> 
     </span>
     <span class='ocr_line' id='line_1_59' title="bbox 1137 1711 2123 1761; baseline 0.002 -13"><span class='ocrx_word' id='word_1_474' title='bbox 1137 1724 1220 1761; x_wconf 84' lang='lat' dir='ltr'><strong>ergo</strong></span> <span class='ocrx_word' id='word_1_475' title='bbox 1240 1711 1448 1749; x_wconf 81' lang='lat' dir='ltr'><strong>tacebimus.</strong></span> <span class='ocrx_word' id='word_1_476' title='bbox 1470 1711 1578 1757; x_wconf 85' lang='lat' dir='ltr'><strong>Quod</strong></span> <span class='ocrx_word' id='word_1_477' title='bbox 1594 1725 1637 1749; x_wconf 90' lang='lat' dir='ltr'><strong>ne</strong></span> <span class='ocrx_word' id='word_1_478' title='bbox 1650 1712 1726 1760; x_wconf 83' lang='lat' dir='ltr'><strong>fiat,</strong></span> <span class='ocrx_word' id='word_1_479' title='bbox 1741 1712 1778 1749; x_wconf 91' lang='lat' dir='ltr'><strong>in</strong></span> <span class='ocrx_word' id='word_1_480' title='bbox 1798 1712 1901 1750; x_wconf 87' lang='lat' dir='ltr'><strong>nobis</strong></span> <span class='ocrx_word' id='word_1_481' title='bbox 1928 1713 2039 1750; x_wconf 82' lang='lat' dir='ltr'><strong>situm</strong></span> <span class='ocrx_word' id='word_1_482' title='bbox 2057 1722 2123 1751; x_wconf 90' lang='lat' dir='ltr'><strong>est.</strong></span> 
     </span>
     <span class='ocr_line' id='line_1_60' title="bbox 1138 1771 2126 1822; baseline 0 -12"><span class='ocrx_word' id='word_1_483' title='bbox 1138 1771 1176 1810; x_wconf 91' lang='lat' dir='ltr'><strong>Si</strong></span> <span class='ocrx_word' id='word_1_484' title='bbox 1197 1772 1291 1810; x_wconf 87' lang='lat' dir='ltr'><strong>enim</strong></span> <span class='ocrx_word' id='word_1_485' title='bbox 1307 1772 1343 1808; x_wconf 92' lang='lat' dir='ltr'><strong>in</strong></span> <span class='ocrx_word' id='word_1_486' title='bbox 1356 1771 1462 1810; x_wconf 86' lang='lat' dir='ltr'><strong>vobis</strong></span> <span class='ocrx_word' id='word_1_487' title='bbox 1476 1772 1638 1809; x_wconf 86' lang='lat' dir='ltr'><strong>studium</strong></span> <span class='ocrx_word' id='word_1_488' title='bbox 1652 1771 1866 1822; x_wconf 88' lang='lat' dir='ltr'><strong>viderimus,</strong></span> <span class='ocrx_word' id='word_1_489' title='bbox 1886 1773 1977 1810; x_wconf 88' lang='lat' dir='ltr'><strong>forte</strong></span> <span class='ocrx_word' id='word_1_490' title='bbox 1996 1773 2126 1811; x_wconf 83' lang='lat' dir='ltr'><strong>iterum</strong></span> 
     </span>
     <span class='ocr_line' id='line_1_61' title="bbox 1138 1832 2125 1885; baseline 0.002 -16"><span class='ocrx_word' id='word_1_491' title='bbox 1138 1832 1339 1882; x_wconf 81' lang='lat' dir='ltr'><strong>loquemur,</strong></span> <span class='ocrx_word' id='word_1_492' title='bbox 1361 1841 1402 1870; x_wconf 89' lang='lat' dir='ltr'><strong>ut</strong></span> <span class='ocrx_word' id='word_1_493' title='bbox 1419 1841 1453 1870; x_wconf 85' lang='lat' dir='ltr'><strong>et</strong></span> <span class='ocrx_word' id='word_1_494' title='bbox 1468 1847 1532 1870; x_wconf 84' lang='lat' dir='ltr'><strong>vos</strong></span> <span class='ocrx_word' id='word_1_495' title='bbox 1548 1832 1661 1884; x_wconf 84' lang='lat' dir='ltr'><strong>magis</strong></span> <span class='ocrx_word' id='word_1_496' title='bbox 1674 1847 1715 1870; x_wconf 83' lang='lat' dir='ltr'><strong>ac</strong></span> <span class='ocrx_word' id='word_1_497' title='bbox 1734 1833 1847 1884; x_wconf 81' lang='lat' dir='ltr'><strong>magis</strong></span> <span class='ocrx_word' id='word_1_498' title='bbox 1867 1833 2001 1885; x_wconf 84' lang='lat' dir='ltr'><strong>accepti</strong></span> <span class='ocrx_word' id='word_1_499' title='bbox 2035 1833 2125 1883; x_wconf 89' lang='lat' dir='ltr'><strong>sitis,</strong></span> 
     </span>
     <span class='ocr_line' id='line_1_62' title="bbox 1138 1891 2126 1943; baseline 0 -13"><span class='ocrx_word' id='word_1_500' title='bbox 1138 1901 1171 1930; x_wconf 85' lang='lat' dir='ltr'><strong>et</strong></span> <span class='ocrx_word' id='word_1_501' title='bbox 1186 1906 1249 1930; x_wconf 88' lang='lat' dir='ltr'><strong>nos</strong></span> <span class='ocrx_word' id='word_1_502' title='bbox 1265 1892 1301 1929; x_wconf 87' lang='lat' dir='ltr'><strong>in</strong></span> <span class='ocrx_word' id='word_1_503' title='bbox 1322 1891 1426 1930; x_wconf 86' lang='lat' dir='ltr'><strong>vobis</strong></span> <span class='ocrx_word' id='word_1_504' title='bbox 1444 1892 1618 1941; x_wconf 88' lang='lat' dir='ltr'><strong>laetemur,</strong></span> <span class='ocrx_word' id='word_1_505' title='bbox 1631 1892 1669 1930; x_wconf 88' lang='lat' dir='ltr'><strong>in</strong></span> <span class='ocrx_word' id='word_1_506' title='bbox 1686 1893 1852 1930; x_wconf 89' lang='lat' dir='ltr'><strong>omnibus</strong></span> <span class='ocrx_word' id='word_1_507' title='bbox 1887 1893 2126 1943; x_wconf 83' lang='lat' dir='ltr'><strong>glorificantes</strong></span> 
     </span>
     <span class='ocr_line' id='line_1_63' title="bbox 1138 1953 2123 1993; baseline 0.002 -2"><span class='ocrx_word' id='word_1_508' title='bbox 1138 1954 1255 1991; x_wconf 84' lang='lat' dir='ltr'><strong>Deum</strong></span> <span class='ocrx_word' id='word_1_509' title='bbox 1272 1962 1305 1991; x_wconf 91' lang='lat' dir='ltr'><strong>et</strong></span> <span class='ocrx_word' id='word_1_510' title='bbox 1324 1955 1465 1991; x_wconf 80' lang='lat' dir='ltr'><strong>Patrem</strong></span> <span class='ocrx_word' id='word_1_511' title='bbox 1480 1953 1627 1991; x_wconf 88' lang='lat' dir='ltr'><strong>Domini</strong></span> <span class='ocrx_word' id='word_1_512' title='bbox 1646 1953 1758 1991; x_wconf 87' lang='lat' dir='ltr'><strong>nostri</strong></span> <span class='ocrx_word' id='word_1_513' title='bbox 1786 1955 1871 1993; x_wconf 88' lang='lat' dir='ltr'><strong>Jesu</strong></span> <span class='ocrx_word' id='word_1_514' title='bbox 1889 1954 2046 1992; x_wconf 88' lang='lat' dir='ltr'><strong>Christi:</strong></span> <span class='ocrx_word' id='word_1_515' title='bbox 2065 1955 2123 1993; x_wconf 90' lang='lat' dir='ltr'><strong>cui</strong></span> 
     </span>
     <span class='ocr_line' id='line_1_64' title="bbox 1138 2014 2125 2066; baseline 0.002 -15"><span class='ocrx_word' id='word_1_516' title='bbox 1138 2014 1263 2065; x_wconf 83' lang='lat' dir='ltr'><strong>gloria,</strong></span> <span class='ocrx_word' id='word_1_517' title='bbox 1285 2014 1488 2066; x_wconf 87' lang='lat' dir='ltr'><strong>imperium,</strong></span> <span class='ocrx_word' id='word_1_518' title='bbox 1502 2014 1765 2065; x_wconf 80' lang='lat' dir='ltr'><strong>magnificentia</strong></span> <span class='ocrx_word' id='word_1_519' title='bbox 1783 2023 1817 2051; x_wconf 92' lang='lat' dir='ltr'><strong>et</strong></span> <span class='ocrx_word' id='word_1_520' title='bbox 1831 2014 1944 2052; x_wconf 90' lang='lat' dir='ltr'><strong>honor</strong></span> <span class='ocrx_word' id='word_1_521' title='bbox 1961 2029 2042 2053; x_wconf 89' lang='lat' dir='ltr'><strong>cum</strong></span> <span class='ocrx_word' id='word_1_522' title='bbox 2057 2017 2125 2053; x_wconf 84' lang='lat' dir='ltr'><strong>Pa-</strong></span> 
     </span>
     <span class='ocr_line' id='line_1_65' title="bbox 1136 2076 2125 2129; baseline 0.003 -15"><span class='ocrx_word' id='word_1_523' title='bbox 1136 2085 1189 2115; x_wconf 86' lang='lat' dir='ltr'><strong>tre</strong></span> <span class='ocrx_word' id='word_1_524' title='bbox 1205 2076 1382 2128; x_wconf 86' lang='lat' dir='ltr'><strong>principio</strong></span> <span class='ocrx_word' id='word_1_525' title='bbox 1397 2086 1547 2126; x_wconf 82' lang='lat' dir='ltr'><strong>carente,</strong></span> <span class='ocrx_word' id='word_1_526' title='bbox 1565 2086 1599 2114; x_wconf 91' lang='lat' dir='ltr'><strong>et</strong></span> <span class='ocrx_word' id='word_1_527' title='bbox 1613 2077 1690 2128; x_wconf 89' lang='lat' dir='ltr'><strong>ejus</strong></span> <span class='ocrx_word' id='word_1_528' title='bbox 1709 2077 1847 2129; x_wconf 89' lang='lat' dir='ltr'><strong>Spiritu</strong></span> <span class='ocrx_word' id='word_1_529' title='bbox 1865 2087 1999 2127; x_wconf 82' lang='lat' dir='ltr'><strong>sancto,</strong></span> <span class='ocrx_word' id='word_1_530' title='bbox 2029 2092 2125 2117; x_wconf 86' lang='lat' dir='ltr'><strong>nunc</strong></span> 
     </span>
     <span class='ocr_line' id='line_1_66' title="bbox 1137 2137 1972 2189; baseline 0.002 -15"><span class='ocrx_word' id='word_1_531' title='bbox 1137 2146 1171 2175; x_wconf 91' lang='lat' dir='ltr'><strong>et</strong></span> <span class='ocrx_word' id='word_1_532' title='bbox 1190 2151 1339 2189; x_wconf 87' lang='lat' dir='ltr'><strong>semper,</strong></span> <span class='ocrx_word' id='word_1_533' title='bbox 1355 2137 1441 2175; x_wconf 89' lang='lat' dir='ltr'><strong>etin</strong></span> <span class='ocrx_word' id='word_1_534' title='bbox 1460 2137 1591 2175; x_wconf 84' lang='lat' dir='ltr'><strong>saecula</strong></span> <span class='ocrx_word' id='word_1_535' title='bbox 1603 2137 1825 2176; x_wconf 89' lang='lat' dir='ltr'><strong>saeculorum.</strong></span> <span class='ocrx_word' id='word_1_536' title='bbox 1846 2140 1972 2176; x_wconf 86' lang='lat' dir='ltr'><strong>Amen.</strong></span> 
     </span>
    </p>
   </div>
   <div class='ocr_carea' id='block_1_8' title="bbox 87 2317 1259 2361">
    <p class='ocr_par' dir='ltr' id='par_1_9' title="bbox 87 2317 1259 2361">
     <span class='ocr_line' id='line_1_67' title="bbox 87 2317 1259 2361; baseline 0.003 -12"><span class='ocrx_word' id='word_1_537' title='bbox 87 2328 100 2342; x_wconf 55' lang='grc' dir='ltr'><strong><em>ἢ</em></strong></span> <span class='ocrx_word' id='word_1_538' title='bbox 117 2317 203 2349; x_wconf 76' lang='lat' dir='ltr'><strong>Alius</strong></span> <span class='ocrx_word' id='word_1_539' title='bbox 218 2323 336 2357; x_wconf 76' lang='grc' dir='ltr'>εἴκοσιν,</span> <span class='ocrx_word' id='word_1_540' title='bbox 356 2322 380 2350; x_wconf 75' lang='grc' dir='ltr'><strong>εἰ</strong></span> <span class='ocrx_word' id='word_1_541' title='bbox 394 2321 497 2352; x_wconf 66' lang='grc' dir='ltr'>πολλοὶ</span> <span class='ocrx_word' id='word_1_542' title='bbox 517 2321 710 2361; x_wconf 76' lang='grc' dir='ltr'>ἐπεχείρησαν</span> <span class='ocrx_word' id='word_1_543' title='bbox 725 2321 929 2356; x_wconf 71' lang='grc' dir='ltr'>ἀνατάξασθαι</span> <span class='ocrx_word' id='word_1_544' title='bbox 943 2321 1083 2360; x_wconf 73' lang='grc' dir='ltr'>διήγησιν.</span> <span class='ocrx_word' id='word_1_545' title='bbox 1101 2320 1149 2352; x_wconf 77' lang='grc' dir='ltr'><strong>διὸ.</strong></span> <span class='ocrx_word' id='word_1_546' title='bbox 1162 2321 1191 2352; x_wconf 86' lang='grc' dir='ltr'><em>τί</em></span> <span class='ocrx_word' id='word_1_547' title='bbox 1202 2324 1259 2359; x_wconf 87' lang='grc' dir='ltr'>μή.</span> 
     </span>
    </p>
   </div>
   <div class='ocr_carea' id='block_1_9' title="bbox 427 2537 677 2576">
    <p class='ocr_par' dir='ltr' id='par_1_10' title="bbox 427 2537 677 2576">
     <span class='ocr_line' id='line_1_68' title="bbox 427 2537 677 2576; baseline 0.004 -1"><span class='ocrx_word' id='word_1_548' title='bbox 427 2538 605 2576; x_wconf 86' lang='grc' dir='ltr'><strong>ΟΜΙΛΙΑ</strong></span> <span class='ocrx_word' id='word_1_549' title='bbox 633 2537 677 2576; x_wconf 83' lang='grc' dir='ltr'><strong>κ’.</strong></span> 
     </span>
    </p>
   </div>
   <div class='ocr_carea' id='block_1_10' title="bbox 43 2631 1062 3121">
    <p class='ocr_par' dir='ltr' id='par_1_11' title="bbox 43 2631 1062 3121">
     <span class='ocr_line' id='line_1_69' title="bbox 43 2631 1060 2716; baseline 0.004 -40"><span class='ocrx_word' id='word_1_550' title='bbox 43 2631 113 2676; x_wconf 67' lang='grc' dir='ltr'><strong>ῗΗν</strong></span> <span class='ocrx_word' id='word_1_551' title='bbox 139 2638 175 2677; x_wconf 75' lang='grc' dir='ltr'><strong>δέ</strong></span> <span class='ocrx_word' id='word_1_552' title='bbox 200 2655 251 2682; x_wconf 88' lang='grc' dir='ltr'><strong>τις</strong></span> <span class='ocrx_word' id='word_1_553' title='bbox 271 2639 427 2690; x_wconf 83' lang='grc' dir='ltr'>μαθητὴς</span> <span class='ocrx_word' id='word_1_554' title='bbox 455 2642 489 2678; x_wconf 80' lang='grc' dir='ltr'><strong>ἐν</strong></span> <span class='ocrx_word' id='word_1_555' title='bbox 517 2642 697 2694; x_wconf 73' lang='grc' dir='ltr'>Δαμασκῷ</span> <span class='ocrx_word' id='word_1_556' title='bbox 717 2641 862 2716; x_wconf 84' lang='grc' dir='ltr'>ὀνόματι</span> <span class='ocrx_word' id='word_1_557' title='bbox 884 2641 1060 2691; x_wconf 83' lang='grc' dir='ltr'>Ἀνανίας,</span> 
     </span>
     <span class='ocr_line' id='line_1_70' title="bbox 96 2700 1060 2755; baseline 0.006 -19"><span class='ocrx_word' id='word_1_558' title='bbox 96 2700 155 2737; x_wconf 81' lang='grc' dir='ltr'><strong>καὶ</strong></span> <span class='ocrx_word' id='word_1_559' title='bbox 173 2704 246 2738; x_wconf 84' lang='grc' dir='ltr'>εἶπε</span> <span class='ocrx_word' id='word_1_560' title='bbox 268 2701 353 2751; x_wconf 82' lang='grc' dir='ltr'>πρὸς</span> <span class='ocrx_word' id='word_1_561' title='bbox 377 2701 478 2739; x_wconf 82' lang='grc' dir='ltr'>αὐτὸν</span> <span class='ocrx_word' id='word_1_562' title='bbox 496 2704 513 2739; x_wconf 86' lang='grc' dir='ltr'>ὃ</span> <span class='ocrx_word' id='word_1_563' title='bbox 534 2702 688 2754; x_wconf 71' lang='grc' dir='ltr'>Κυριος’</span> <span class='ocrx_word' id='word_1_564' title='bbox 674 2719 708 2741; x_wconf 90' lang='grc' dir='ltr'><strong>εν</strong></span> <span class='ocrx_word' id='word_1_565' title='bbox 726 2703 889 2755; x_wconf 82' lang='grc' dir='ltr'>ὁράματι,</span> <span class='ocrx_word' id='word_1_566' title='bbox 910 2703 1060 2742; x_wconf 84' lang='grc' dir='ltr'>Ἀνανία.</span> 
     </span>
     <span class='ocr_line' id='line_1_71' title="bbox 97 2759 1060 2840; baseline 0.007 -43.081"><span class='ocrx_word' id='word_1_567' title='bbox 97 2759 187 2797; x_wconf 67' lang='lat'><strong>‘?0</strong></span> <span class='ocrx_word' id='word_1_568' title='bbox 170 2775 205 2798; x_wconf 84' lang='grc' dir='ltr'><strong>οε</strong></span> <span class='ocrx_word' id='word_1_569' title='bbox 231 2765 336 2808; x_wconf 79' lang='grc' dir='ltr'>εἶπεν,</span> <span class='ocrx_word' id='word_1_570' title='bbox 359 2761 430 2799; x_wconf 81' lang='grc' dir='ltr'>ἷδου</span> <span class='ocrx_word' id='word_1_571' title='bbox 449 2761 538 2813; x_wconf 82' lang='grc' dir='ltr'>ἐγὼ,</span> <span class='ocrx_word' id='word_1_572' title='bbox 561 2762 683 2815; x_wconf 81' lang='grc' dir='ltr'>Κύριε.</span> <span class='ocrx_word' id='word_1_573' title='bbox 703 2763 747 2802; x_wconf 90' lang='lat'>0</span> <span class='ocrx_word' id='word_1_574' title='bbox 769 2765 803 2802; x_wconf 80' lang='grc' dir='ltr'><strong>δὲ</strong></span> <span class='ocrx_word' id='word_1_575' title='bbox 823 2764 948 2840; x_wconf 84' lang='grc' dir='ltr'>Κύριος</span> <span class='ocrx_word' id='word_1_576' title='bbox 975 2765 1060 2817; x_wconf 82' lang='grc' dir='ltr'>πρὸς</span> 
     </span>
     <span class='ocr_line' id='line_1_72' title="bbox 97 2820 1060 2877; baseline 0.005 -19"><span class='ocrx_word' id='word_1_577' title='bbox 97 2820 196 2858; x_wconf 90' lang='grc' dir='ltr'>αὐτον</span> <span class='ocrx_word' id='word_1_578' title='bbox 223 2826 336 2860; x_wconf 82' lang='grc' dir='ltr'>εἶπεν·</span> <span class='ocrx_word' id='word_1_579' title='bbox 355 2823 505 2864; x_wconf 85' lang='grc' dir='ltr'>ἀναστὰς</span> <span class='ocrx_word' id='word_1_580' title='bbox 539 2823 724 2877; x_wconf 82' lang='grc' dir='ltr'>πορεύθητι</span> <span class='ocrx_word' id='word_1_581' title='bbox 759 2825 817 2863; x_wconf 83' lang='grc' dir='ltr'><strong>ἐπι</strong></span> <span class='ocrx_word' id='word_1_582' title='bbox 848 2824 913 2871; x_wconf 85' lang='grc' dir='ltr'><strong>τὴν</strong></span> <span class='ocrx_word' id='word_1_583' title='bbox 947 2826 1060 2877; x_wconf 80' lang='grc' dir='ltr'>ρύμην</span> 
     </span>
     <span class='ocr_line' id='line_1_73' title="bbox 95 2881 1059 2940; baseline 0.009 -23"><span class='ocrx_word' id='word_1_584' title='bbox 95 2881 157 2927; x_wconf 74' lang='grc' dir='ltr'><strong>τὴν</strong></span> <span class='ocrx_word' id='word_1_585' title='bbox 191 2883 406 2933; x_wconf 82' lang='grc' dir='ltr'>καλουμένην</span> <span class='ocrx_word' id='word_1_586' title='bbox 439 2887 583 2933; x_wconf 82' lang='grc' dir='ltr'>εὐθεῖαν,</span> <span class='ocrx_word' id='word_1_587' title='bbox 621 2901 681 2923; x_wconf 87' lang='grc' dir='ltr'><strong>και</strong></span> <span class='ocrx_word' id='word_1_588' title='bbox 717 2885 865 2933; x_wconf 81' lang='grc' dir='ltr'>ζήτησον</span> <span class='ocrx_word' id='word_1_589' title='bbox 900 2902 935 2925; x_wconf 90' lang='grc' dir='ltr'><strong>εν</strong></span> <span class='ocrx_word' id='word_1_590' title='bbox 968 2887 1059 2940; x_wconf 81' lang='grc' dir='ltr'>οἰκίᾳ</span> 
     </span>
     <span class='ocr_line' id='line_1_74' title="bbox 97 2941 1062 3001; baseline 0.009 -23.123"><span class='ocrx_word' id='word_1_591' title='bbox 97 2941 209 2979; x_wconf 69' lang='grc' dir='ltr'>ἰούδα</span> <span class='ocrx_word' id='word_1_592' title='bbox 230 2945 362 2982; x_wconf 86' lang='grc' dir='ltr'>Σαῦλον</span> <span class='ocrx_word' id='word_1_593' title='bbox 393 2945 559 2995; x_wconf 84' lang='grc' dir='ltr'>ὀνόματι,</span> <span class='ocrx_word' id='word_1_594' title='bbox 580 2945 748 3000; x_wconf 80' lang='grc' dir='ltr'>Ταρσέα·</span> <span class='ocrx_word' id='word_1_595' title='bbox 771 2947 842 2985; x_wconf 84' lang='grc' dir='ltr'>ἷδου</span> <span class='ocrx_word' id='word_1_596' title='bbox 869 2948 936 2999; x_wconf 86' lang='grc' dir='ltr'><strong>γὰρ</strong></span> <span class='ocrx_word' id='word_1_597' title='bbox 955 2963 1062 3001; x_wconf 87' lang='grc' dir='ltr'>προσ-</span> 
     </span>
     <span class='ocr_line' id='line_1_75' title="bbox 98 2999 1059 3084; baseline 0.008 -46"><span class='ocrx_word' id='word_1_598' title='bbox 98 3002 247 3053; x_wconf 69' lang='grc' dir='ltr'>εύχεται.</span> <span class='ocrx_word' id='word_1_599' title='bbox 280 3004 349 3042; x_wconf 87' lang='grc' dir='ltr'><strong>Και</strong></span> <span class='ocrx_word' id='word_1_600' title='bbox 379 2999 464 3043; x_wconf 79' lang='grc' dir='ltr'>εἶδεν</span> <span class='ocrx_word' id='word_1_601' title='bbox 495 3009 529 3044; x_wconf 77' lang='grc' dir='ltr'><strong>ἐν</strong></span> <span class='ocrx_word' id='word_1_602' title='bbox 562 3007 713 3082; x_wconf 81' lang='grc' dir='ltr'>ὁράματι</span> <span class='ocrx_word' id='word_1_603' title='bbox 739 3007 847 3060; x_wconf 83' lang='grc' dir='ltr'>ἄνδρα</span> <span class='ocrx_word' id='word_1_604' title='bbox 863 3007 1059 3084; x_wconf 52' lang='lat' dir='ltr'><strong>U²Av0tvi0cv,</strong></span> 
     </span>
     <span class='ocr_line' id='line_1_76' title="bbox 96 3061 1060 3121; baseline 0.009 -21.438"><span class='ocrx_word' id='word_1_605' title='bbox 96 3061 319 3102; x_wconf 83' lang='grc' dir='ltr'>εἰσελθόντα</span> <span class='ocrx_word' id='word_1_606' title='bbox 343 3065 402 3103; x_wconf 78' lang='grc' dir='ltr'><strong>καὶ</strong></span> <span class='ocrx_word' id='word_1_607' title='bbox 421 3067 581 3106; x_wconf 81' lang='grc' dir='ltr'>ἐπιθεντα</span> <span class='ocrx_word' id='word_1_608' title='bbox 600 3070 694 3121; x_wconf 81' lang='grc' dir='ltr'>αὖτῳ</span> <span class='ocrx_word' id='word_1_609' title='bbox 712 3075 838 3121; x_wconf 84' lang='grc' dir='ltr'>χεῖρα,</span> <span class='ocrx_word' id='word_1_610' title='bbox 859 3085 952 3112; x_wconf 88' lang='grc' dir='ltr'>οπως</span> <span class='ocrx_word' id='word_1_611' title='bbox 977 3072 1060 3108; x_wconf 82' lang='grc' dir='ltr'>ἀνα-</span> 
     </span>
    </p>
   </div>
   <div class='ocr_carea' id='block_1_11' title="bbox 99 3122 222 3174">
    <p class='ocr_par' dir='ltr' id='par_1_12' title="bbox 99 3122 222 3174">
     <span class='ocr_line' id='line_1_77' title="bbox 99 3122 222 3174; baseline 0.016 -15"><span class='ocrx_word' id='word_1_612' title='bbox 99 3122 222 3174; x_wconf 65' lang='grc' dir='ltr'>ἔλέψῃ.</span> 
     </span>
    </p>
   </div>
   <div class='ocr_carea' id='block_1_12' title="bbox 96 3285 1052 3343">
    <p class='ocr_par' dir='ltr' id='par_1_13' title="bbox 96 3285 1052 3343">
     <span class='ocr_line' id='line_1_78' title="bbox 96 3285 1052 3343; baseline 0.01 -21"><span class='ocrx_word' id='word_1_613' title='bbox 96 3288 127 3323; x_wconf 85' lang='grc' dir='ltr'>Τ</span> <span class='ocrx_word' id='word_1_614' title='bbox 133 3285 142 3322; x_wconf 78' lang='grc' dir='ltr'>ί</span> <span class='ocrx_word' id='word_1_615' title='bbox 163 3286 288 3331; x_wconf 74' lang='grc' dir='ltr'>δήποτε</span> <span class='ocrx_word' id='word_1_616' title='bbox 306 3288 426 3327; x_wconf 80' lang='grc' dir='ltr'>οὐδένα</span> <span class='ocrx_word' id='word_1_617' title='bbox 451 3292 518 3328; x_wconf 79' lang='grc' dir='ltr'><strong>τῶν</strong></span> <span class='ocrx_word' id='word_1_618' title='bbox 541 3291 733 3343; x_wconf 83' lang='grc' dir='ltr'>κορυφαίων</span> <span class='ocrx_word' id='word_1_619' title='bbox 755 3292 956 3331; x_wconf 84' lang='grc' dir='ltr'>ἀποστόλων</span> <span class='ocrx_word' id='word_1_620' title='bbox 975 3292 1052 3332; x_wconf 87' lang='grc' dir='ltr'>οὔτε</span> 
     </span>
    </p>
   </div>
   <div class='ocr_carea' id='block_1_13' title="bbox 1469 2537 1783 2577">
    <p class='ocr_par' dir='ltr' id='par_1_14' title="bbox 1469 2537 1783 2577">
     <span class='ocr_line' id='line_1_79' title="bbox 1469 2537 1783 2577; baseline 0.006 -2"><span class='ocrx_word' id='word_1_621' title='bbox 1469 2537 1679 2577; x_wconf 90' lang='lat' dir='ltr'><strong>HOMlLIA</strong></span> <span class='ocrx_word' id='word_1_622' title='bbox 1698 2538 1783 2577; x_wconf 90' lang='lat' dir='ltr'><strong>XX.</strong></span> 
     </span>
    </p>
   </div>
   <div class='ocr_carea' id='block_1_14' title="bbox 1134 2641 2121 3243">
    <p class='ocr_par' dir='ltr' id='par_1_15' title="bbox 1134 2641 2121 3243">
     <span class='ocr_line' id='line_1_80' title="bbox 1134 2641 2121 2696; baseline 0.003 -16"><span class='ocrx_word' id='word_1_623' title='bbox 1134 2643 1223 2680; x_wconf 77' lang='lat' dir='ltr'><strong>CAP.</strong></span> <span class='ocrx_word' id='word_1_624' title='bbox 1239 2641 1307 2680; x_wconf 90' lang='lat' dir='ltr'><strong>IX.</strong></span> <span class='ocrx_word' id='word_1_625' title='bbox 1327 2656 1362 2681; x_wconf 89' lang='lat' dir='ltr'><strong>v.</strong></span> <span class='ocrx_word' id='word_1_626' title='bbox 1385 2643 1445 2680; x_wconf 93' lang='grc'><strong>10.</strong></span> <span class='ocrx_word' id='word_1_627' title='bbox 1461 2643 1563 2680; x_wconf 82' lang='lat' dir='ltr'><strong>Erat</strong></span> <span class='ocrx_word' id='word_1_628' title='bbox 1582 2651 1710 2680; x_wconf 81' lang='lat' dir='ltr'><strong>autem</strong></span> <span class='ocrx_word' id='word_1_629' title='bbox 1733 2644 1893 2695; x_wconf 81' lang='lat' dir='ltr'><strong>quidam</strong></span> <span class='ocrx_word' id='word_1_630' title='bbox 1908 2644 2121 2696; x_wconf 84' lang='lat' dir='ltr'><strong>discipulus</strong></span> 
     </span>
     <span class='ocr_line' id='line_1_81' title="bbox 1187 2703 2118 2749; baseline 0.003 -9"><span class='ocrx_word' id='word_1_631' title='bbox 1187 2704 1391 2749; x_wconf 87' lang='lat' dir='ltr'><strong>Damasci,</strong></span> <span class='ocrx_word' id='word_1_632' title='bbox 1412 2704 1567 2739; x_wconf 85' lang='lat' dir='ltr'><strong>nomine</strong></span> <span class='ocrx_word' id='word_1_633' title='bbox 1584 2703 1773 2740; x_wconf 84' lang='lat' dir='ltr'><strong>Ananias</strong></span> <span class='ocrx_word' id='word_1_634' title='bbox 1791 2717 1802 2738; x_wconf 92' lang='lat'><strong>.·</strong></span> <span class='ocrx_word' id='word_1_635' title='bbox 1819 2711 1857 2740; x_wconf 85' lang='lat' dir='ltr'><strong>et</strong></span> <span class='ocrx_word' id='word_1_636' title='bbox 1878 2704 1979 2741; x_wconf 68' lang='lat' dir='ltr'><strong>dizit</strong></span> <span class='ocrx_word' id='word_1_637' title='bbox 1999 2706 2053 2742; x_wconf 85' lang='lat' dir='ltr'><strong>ad</strong></span> <span class='ocrx_word' id='word_1_638' title='bbox 2069 2705 2118 2743; x_wconf 86' lang='lat' dir='ltr'><strong>il-</strong></span> 
     </span>
     <span class='ocr_line' id='line_1_82' title="bbox 1186 2763 2120 2803; baseline 0.003 -3"><span class='ocrx_word' id='word_1_639' title='bbox 1186 2763 1268 2800; x_wconf 83' lang='lat' dir='ltr'><strong>lum</strong></span> <span class='ocrx_word' id='word_1_640' title='bbox 1287 2765 1328 2800; x_wconf 90' lang='lat' dir='ltr'><strong>in</strong></span> <span class='ocrx_word' id='word_1_641' title='bbox 1343 2765 1434 2800; x_wconf 85' lang='lat' dir='ltr'><strong>visu</strong></span> <span class='ocrx_word' id='word_1_642' title='bbox 1447 2764 1638 2800; x_wconf 85' lang='lat' dir='ltr'><strong>Dominus</strong></span> <span class='ocrx_word' id='word_1_643' title='bbox 1655 2778 1664 2799; x_wconf 78' lang='lat' dir='ltr'><strong>t</strong></span> <span class='ocrx_word' id='word_1_644' title='bbox 1685 2763 1866 2800; x_wconf 83' lang='lat' dir='ltr'><strong>Anania.</strong></span> <span class='ocrx_word' id='word_1_645' title='bbox 1889 2765 1942 2801; x_wconf 82' lang='lat' dir='ltr'><strong>Et</strong></span> <span class='ocrx_word' id='word_1_646' title='bbox 1962 2765 2031 2802; x_wconf 84' lang='lat' dir='ltr'><strong>ille</strong></span> <span class='ocrx_word' id='word_1_647' title='bbox 2040 2767 2120 2803; x_wconf 83' lang='lat' dir='ltr'><strong>ait.-</strong></span> 
     </span>
     <span class='ocr_line' id='line_1_83' title="bbox 1184 2824 2117 2875; baseline -0.001 -13"><span class='ocrx_word' id='word_1_648' title='bbox 1184 2825 1288 2862; x_wconf 78' lang='lat' dir='ltr'><strong>Ecce</strong></span> <span class='ocrx_word' id='word_1_649' title='bbox 1301 2837 1382 2875; x_wconf 84' lang='lat' dir='ltr'><strong>eg0,</strong></span> <span class='ocrx_word' id='word_1_650' title='bbox 1400 2824 1579 2862; x_wconf 85' lang='lat' dir='ltr'><strong>Domine.</strong></span> <span class='ocrx_word' id='word_1_651' title='bbox 1590 2825 1606 2861; x_wconf 91' lang='grc'>1</span> <span class='ocrx_word' id='word_1_652' title='bbox 1617 2826 1632 2861; x_wconf 88' lang='grc'>1</span> <span class='ocrx_word' id='word_1_653' title='bbox 1645 2825 1714 2862; x_wconf 79' lang='lat' dir='ltr'><strong>‚Et</strong></span> <span class='ocrx_word' id='word_1_654' title='bbox 1726 2825 1919 2863; x_wconf 83' lang='lat' dir='ltr'><strong>Dominus</strong></span> <span class='ocrx_word' id='word_1_655' title='bbox 1938 2826 1993 2861; x_wconf 89' lang='lat' dir='ltr'><strong>ad</strong></span> <span class='ocrx_word' id='word_1_656' title='bbox 2009 2839 2117 2863; x_wconf 83' lang='lat' dir='ltr'><strong>eum.-</strong></span> 
     </span>
     <span class='ocr_line' id='line_1_84' title="bbox 1183 2886 2116 2938; baseline -0.002 -14"><span class='ocrx_word' id='word_1_657' title='bbox 1183 2886 1348 2938; x_wconf 81' lang='lat' dir='ltr'><strong>Surgens</strong></span> <span class='ocrx_word' id='word_1_658' title='bbox 1362 2886 1466 2923; x_wconf 83' lang='lat' dir='ltr'><strong>vade</strong></span> <span class='ocrx_word' id='word_1_659' title='bbox 1479 2887 1520 2922; x_wconf 90' lang='lat' dir='ltr'><strong>in</strong></span> <span class='ocrx_word' id='word_1_660' title='bbox 1531 2887 1678 2933; x_wconf 80' lang='lat' dir='ltr'><strong>vicum,</strong></span> <span class='ocrx_word' id='word_1_661' title='bbox 1694 2887 1761 2937; x_wconf 81' lang='lat' dir='ltr'><strong>qui</strong></span> <span class='ocrx_word' id='word_1_662' title='bbox 1776 2894 1942 2923; x_wconf 82' lang='lat' dir='ltr'><strong>vocatur</strong></span> <span class='ocrx_word' id='word_1_663' title='bbox 1956 2888 2116 2925; x_wconf 83' lang='lat' dir='ltr'><strong>Rectus.-</strong></span> 
     </span>
     <span class='ocr_line' id='line_1_85' title="bbox 1184 2947 2113 2997; baseline 0.002 -14"><span class='ocrx_word' id='word_1_664' title='bbox 1184 2954 1222 2983; x_wconf 71' lang='grc' dir='ltr'><strong>εἰ</strong></span> <span class='ocrx_word' id='word_1_665' title='bbox 1248 2960 1375 2997; x_wconf 82' lang='lat' dir='ltr'><strong>quoere</strong></span> <span class='ocrx_word' id='word_1_666' title='bbox 1401 2948 1444 2984; x_wconf 87' lang='lat' dir='ltr'><strong>in</strong></span> <span class='ocrx_word' id='word_1_667' title='bbox 1473 2947 1586 2983; x_wconf 90' lang='lat' dir='ltr'><strong>domo</strong></span> <span class='ocrx_word' id='word_1_668' title='bbox 1617 2947 1732 2984; x_wconf 81' lang='lat' dir='ltr'><em>Judoe</em></span> <span class='ocrx_word' id='word_1_669' title='bbox 1754 2947 1916 2984; x_wconf 82' lang='lat' dir='ltr'><strong>Saulum</strong></span> <span class='ocrx_word' id='word_1_670' title='bbox 1945 2950 2113 2995; x_wconf 88' lang='lat' dir='ltr'><strong>nomine,</strong></span> 
     </span>
     <span class='ocr_line' id='line_1_86' title="bbox 1187 3009 2118 3052; baseline 0.002 -7"><span class='ocrx_word' id='word_1_671' title='bbox 1187 3009 1221 3045; x_wconf 85' lang='lat' dir='ltr'><em>T</em></span> <span class='ocrx_word' id='word_1_672' title='bbox 1219 3021 1431 3052; x_wconf 86' lang='lat' dir='ltr'><strong>arsensem;</strong></span> <span class='ocrx_word' id='word_1_673' title='bbox 1448 3020 1534 3045; x_wconf 87' lang='lat' dir='ltr'><strong>ecce</strong></span> <span class='ocrx_word' id='word_1_674' title='bbox 1555 3010 1658 3045; x_wconf 87' lang='lat' dir='ltr'><strong>enim</strong></span> <span class='ocrx_word' id='word_1_675' title='bbox 1675 3015 1772 3045; x_wconf 85' lang='lat' dir='ltr'><strong>orat.</strong></span> <span class='ocrx_word' id='word_1_676' title='bbox 1791 3009 1855 3046; x_wconf 63' lang='lat'><strong>42.</strong></span> <span class='ocrx_word' id='word_1_677' title='bbox 1883 3009 1937 3045; x_wconf 81' lang='lat' dir='ltr'><strong>Et</strong></span> <span class='ocrx_word' id='word_1_678' title='bbox 1953 3009 2057 3046; x_wconf 81' lang='lat' dir='ltr'><strong>vidit</strong></span> <span class='ocrx_word' id='word_1_679' title='bbox 2075 3011 2118 3047; x_wconf 90' lang='lat' dir='ltr'><strong>in</strong></span> 
     </span>
     <span class='ocr_line' id='line_1_87' title="bbox 1184 3067 2114 3108; baseline 0.002 -2"><span class='ocrx_word' id='word_1_680' title='bbox 1184 3070 1337 3106; x_wconf 82' lang='lat' dir='ltr'><strong>visione</strong></span> <span class='ocrx_word' id='word_1_681' title='bbox 1355 3070 1486 3107; x_wconf 79' lang='lat' dir='ltr'><strong>viram</strong></span> <span class='ocrx_word' id='word_1_682' title='bbox 1507 3067 1715 3106; x_wconf 86' lang='lat' dir='ltr'><strong>Ananiam</strong></span> <span class='ocrx_word' id='word_1_683' title='bbox 1745 3070 1898 3106; x_wconf 87' lang='lat' dir='ltr'><strong>nomine</strong></span> <span class='ocrx_word' id='word_1_684' title='bbox 1916 3071 2114 3108; x_wconf 80' lang='lat' dir='ltr'><strong>introeun-</strong></span> 
     </span>
     <span class='ocr_line' id='line_1_88' title="bbox 1184 3130 2117 3182; baseline 0.002 -15"><span class='ocrx_word' id='word_1_685' title='bbox 1184 3137 1260 3167; x_wconf 86' lang='lat' dir='ltr'><strong>tem</strong></span> <span class='ocrx_word' id='word_1_686' title='bbox 1277 3137 1313 3167; x_wconf 84' lang='lat' dir='ltr'><strong>et</strong></span> <span class='ocrx_word' id='word_1_687' title='bbox 1343 3132 1604 3182; x_wconf 86' lang='lat' dir='ltr'><strong>imponentem</strong></span> <span class='ocrx_word' id='word_1_688' title='bbox 1623 3130 1697 3167; x_wconf 84' lang='lat' dir='ltr'><strong>sibi</strong></span> <span class='ocrx_word' id='word_1_689' title='bbox 1724 3143 1897 3176; x_wconf 83' lang='lat' dir='ltr'><strong>manum,</strong></span> <span class='ocrx_word' id='word_1_690' title='bbox 1917 3137 1960 3168; x_wconf 82' lang='lat' dir='ltr'><strong>ut</strong></span> <span class='ocrx_word' id='word_1_691' title='bbox 1984 3132 2117 3169; x_wconf 82' lang='lat' dir='ltr'><strong>visum</strong></span> 
     </span>
     <span class='ocr_line' id='line_1_89' title="bbox 1185 3193 1360 3243; baseline 0.006 -14"><span class='ocrx_word' id='word_1_692' title='bbox 1185 3193 1360 3243; x_wconf 85' lang='lat' dir='ltr'><strong>recipiat.</strong></span> 
     </span>
    </p>
   </div>
   <div class='ocr_carea' id='block_1_15' title="bbox 1180 3292 2115 3347">
    <p class='ocr_par' dir='ltr' id='par_1_16' title="bbox 1180 3292 2115 3347">
     <span class='ocr_line' id='line_1_90' title="bbox 1180 3292 2115 3347; baseline 0.004 -16"><span class='ocrx_word' id='word_1_693' title='bbox 1180 3297 1214 3331; x_wconf 85' lang='grc'><strong>1.</strong></span> <span class='ocrx_word' id='word_1_694' title='bbox 1251 3295 1324 3333; x_wconf 89' lang='lat' dir='ltr'><strong>Cur</strong></span> <span class='ocrx_word' id='word_1_695' title='bbox 1356 3293 1531 3334; x_wconf 88' lang='lat' dir='ltr'><strong>neminem</strong></span> <span class='ocrx_word' id='word_1_696' title='bbox 1556 3307 1601 3332; x_wconf 83' lang='lat' dir='ltr'><strong>ex</strong></span> <span class='ocrx_word' id='word_1_697' title='bbox 1626 3292 1826 3345; x_wconf 81' lang='lat' dir='ltr'><strong>coryphaeis</strong></span> <span class='ocrx_word' id='word_1_698' title='bbox 1856 3294 2024 3347; x_wconf 80' lang='lat' dir='ltr'><strong>apostolis</strong></span> <span class='ocrx_word' id='word_1_699' title='bbox 2051 3309 2115 3335; x_wconf 86' lang='lat' dir='ltr'><strong>vo-</strong></span> 
     </span>
    </p>
   </div>
   <div class='ocr_carea' id='block_1_16' title="bbox 92 3393 1191 3445">
    <p class='ocr_par' dir='ltr' id='par_1_17' title="bbox 92 3393 1191 3445">
     <span class='ocr_line' id='line_1_91' title="bbox 92 3393 1191 3445; baseline 0.01 -20"><span class='ocrx_word' id='word_1_700' title='bbox 92 3399 103 3415; x_wconf 59' lang='lat' dir='ltr'><strong>f·</strong></span> <span class='ocrx_word' id='word_1_701' title='bbox 123 3393 319 3435; x_wconf 56' lang='grc' dir='ltr'>[προελθόντα</span> <span class='ocrx_word' id='word_1_702' title='bbox 341 3395 380 3426; x_wconf 92' lang='lat' dir='ltr'><strong>D.</strong></span> <span class='ocrx_word' id='word_1_703' title='bbox 399 3396 447 3428; x_wconf 81' lang='lat' dir='ltr'><strong>Ex</strong></span> <span class='ocrx_word' id='word_1_704' title='bbox 474 3396 589 3431; x_wconf 86' lang='lat' dir='ltr'><strong>eodem</strong></span> <span class='ocrx_word' id='word_1_705' title='bbox 606 3409 703 3442; x_wconf 85' lang='lat' dir='ltr'><strong>supra</strong></span> <span class='ocrx_word' id='word_1_706' title='bbox 726 3406 802 3442; x_wconf 82' lang='lat' dir='ltr'><strong>post</strong></span> <span class='ocrx_word' id='word_1_707' title='bbox 827 3402 885 3434; x_wconf 75' lang='grc' dir='ltr'>ἰδού</span> <span class='ocrx_word' id='word_1_708' title='bbox 913 3399 1092 3443; x_wconf 72' lang='lat' dir='ltr'><strong>adjecimus</strong></span> <span class='ocrx_word' id='word_1_709' title='bbox 1106 3403 1191 3445; x_wconf 54' lang='grc' dir='ltr'><strong>ἐγώ]</strong></span> 
     </span>
    </p>
   </div>
  </div>
 </body>
</html>
