2466 3805
626 285 668 314 IN
708 285 821 315 ACTA
858 282 1201 314 A-POSTOIORUM

2107 264 2125 273 »a

1242 281 1404 311 ΠΟΜΠ.
2038 275 2126 310 210

1438 280 1562 312 xxtv.

63 367 127 412 ἔξω
147 365 364 420 ἐρριμμένον,
396 365 460 403 κᾶν
489 358 611 417 {1317ss
633 367 773 404 ἐπιτετα
776 365 922 418 (υένος,
956 359 1225 426 &9²06199Aejus
1240 376 1309 401 non
1329 375 1478 413 gereies,
1492 362 1629 400 etiamsi
1645 375 1741 412 eum,
1759 361 1913 399 cuicuia
1927 361 2127 408 commissa,

62 429 157 482 λήψῃ
187 434 286 467 τοῦτο
316 444 374 465 και
405 426 563 471 εἷσοίσεις
594 430 626 466 ἐν
655 431 697 479 τῇ
733 428 845 480 οἰκίᾳ,
867 427 906 465 ἂν
941 427 1078 477 ἱμάτιον

62 490 215 532 ἁπλως’
201 491 346 541 ερριμμε
350 505 417 536 νον,
437 488 500 525 κᾶν
523 487 570 538 μὴ
600 488 683 540 ἔχῃς
712 505 775 535 την
807 487 993 540 φροντίδα,
1015 487 1079 525 κᾶν

62 550 210 602 «εἶ-,(θρὸςῖΑ
220 553 261 601 ἠς
282 553 340 586 τοῦ
359 547 652 600 προστεταχότος,
676 548 731 586 διὰ
762 548 823 595 τὴν
855 551 900 591 εἷς
931 548 987 586 τὸν
1023 549 1079 585 δε-

62 609 194 657 σπότην
219 610 365 656 εὔνοιαν,
386 611 422 647 οὐ
455 609 568 656 θησεις
598 613 700 647 τοῦτο
728 611 864 657 καλῶς,
886 609 990 647 Οὕτω
1022 606 1081 646 καὶ

62 676 132 711 νῦν.
155 672 271 719 Σκεύη
290 671 401 710 ταῦτά
429 674 519 709 ἐστιν
534 687 542 694 ·
566 670 604 708 ἂν
635 671 710 723 ἴδῃς
740 671 897 714 ἀτάκτως
919 670 1080 720 κείμενα,

65 734 339 786 μεταρρύθμισον
352 749 359 756 ·
380 732 457 783 ἐμοὶ
472 731 660 784 πρόσελθε,
677 734 713 770 οὐ
728 736 984 784 παραιτοῦμαι·
1003 729 1081 781 ἐμοὶ

64 794 160 841 εἰπὲ,
191 796 293 839 δῆλον
328 791 564 840 κατάστησον·
598 795 634 830 οὐ
665 792 811 842 δύναμαι
841 792 955 830 πάντα
986 794 1080 844 ὃρᾷν,

64 854 249 907 σύγγνωτε.
264 855 404 905 (Ορᾶτε,
423 853 486 900 ὅση
503 853 610 891 κακία
628 853 691 899 τὴν
710 853 911 903 οἰκουμένην
929 852 1081 904 κατέχει.

65 917 126 962 Μή
146 933 179 953 τι
200 917 318 958 ἁπλῶς
340 915 468 965 ἔλεγον,
488 914 541 952 ὅτι
566 913 698 959 πλῆθός
718 915 822 962 ἐσμεν
851 912 1000 965 χόρτου,
1022 911 1083 949 πέ-

64 978 168 1028 λαγος
188 977 358 1020 ἄτακτον,
380 976 432 1012 Οὐ
451 973 566 1024 λέγω,
589 973 639 1010 ὅτι
663 974 786 1011 ἐκεῖνοι
804 977 946 1010 τοιαῦτα
961 975 1082 1009 ποιοῦ-

64 1052 131 1084 σιν,
152 1038 228 1074 ἀλλ’
259 1035 311 1073 ὅτι
330 1039 489 1076 τοσοῦτος
510 1033 612 1076 ὕπνος
633 1037 839 1083 καταχεῖται
866 1035 934 1069 τῶν
955 1031 1082 1069 εἰσιόν-

63 1112 146 1143 των,
164 1095 255 1134 ὥστε
279 1094 366 1146 μηδὲ
384 1099 493 1131 ταῦτα
522 1094 687 1145 διορθοῦν.
710 1091 826 1130 Πάλιν
852 1092 988 1143 ἑτέρους
1012 1094 1081 1143 ὁρῶ

65 1156 341 1206 διαλεγομένους
359 1157 530 1201 ἑστῶτας,
558 1156 621 1199 τῆς
648 1155 751 1204 εὐχῆς
773 1153 971 1204 γινομένης·
993 1156 1022 1189 ot
1045 1151 1082 1190 δὲ

64 1216 311 1268 ἐπιεικέστεροι
338 1217 463 1260 αὐτῶν,
487 1213 563 1252 οὐδὲ
592 1216 654 1259 τῆς
675 1216 777 1265 εὐχῆς
804 1213 986 1265 γινομένης
1021 1213 1083 1264 μό-

63 1293 132 1325 νον,
152 1276 241 1315 ἀλλὰ
263 1277 322 1314 καὶ
341 1278 556 1326 εὐλογοῦντος
567 1280 626 1313 τοῦ
643 1275 770 1328 ἱερέως.
790 1275 839 1313 Ὢ
855 1277 917 1321 τῆς
932 1275 1081 1325 τόλμης·

65 1338 148 1377 πότε
163 1338 260 1376 ἔσται
276 1338 451 1389 σωτηρία,
465 1335 480 1357 b

494 1339 568 1380 πῶς
585 1336 801 1387 δυνησόμεθα
823 1337 880 1375 τὸν
900 1337 989 1375 Θεὸν
1010 1336 1082 1381 ἐξι-

64 1399 278 1447 λεώσασθαι,
300 1401 358 1442 Εἷς
379 1398 519 1436 παιδιὰν
539 1397 577 1435 ἂν
594 1397 764 1449 ἀπέλθῃς,
783 1397 859 1450 ὄψει
878 1397 1012 1440 πάντας
1030 1399 1083 1434 εὐ-

69 1461 212 1513 ρύθμους
241 1460 466 1512 χορεύοντας,
486 1459 545 1497 καὶ
573 1459 666 1497 οὐδὲν
696 1458 1002 1512 παρημελημένον.
1023 1458 1085 1503 Ὡς

67 1516 124 1560 οὐν
150 1523 183 1559 ἓν
214 1521 301 1574 λύρα
320 1519 544 1572 παναρμονίῳ
577 1520 636 1558 καὶ
665 1519 830 1563 ποικίλως
850 1520 1083 1572 ἐσκευασμένη

69 1582 133 1634 μία
153 1598 204 1625 τις
235 1581 357 1633 εὕηχος
389 1581 570 1633 συμφωνία
594 1582 814 1619 ἀποτελεῖται
843 1583 882 1618 ἐκ
914 1584 976 1628 τῆς
1006 1583 1083 1619 καθ’

68 1644 213 1681 ἕκαστον
234 1642 390 1686 εὐταξίας
405 1645 474 1680 τῶν
494 1642 728 1693 συγκειμένων
745 1658 752 1665 ·
775 1641 865 1680 οὕτω
893 1641 934 1687 δὴ
955 1642 1014 1679 καὶ
1034 1643 1086 1680 ἐν·

71 1707 182 1741 ταῦθα
203 1703 283 1753 μίαν
305 1702 339 1746 ἐξ
365 1702 527 1740 ἁπάντων
549 1701 729 1754 σύμφωνον
754 1702 920 1756 ἁρμονίαν
949 1705 1086 1754 προσῆ-

70 1780 126 1802 κεν
158 1766 410 1801 ἀποτελεῖσθαι.
440 1763 517 1801 Μία
553 1761 619 1814 γὰρ
650 1762 838 1814 γεγόναμεν
871 1762 1087 1810 Ἐκκλησία,

71 1830 153 1874 μιᾶς
174 1825 326 1876 κεφαλῆς
350 1822 696 1875 συναρμολογούμενα
727 1823 815 1874 μέλη
848 1826 1026 1874 τελοῦμεν,
1055 1823 1088 1861 ἓν

69 1887 99 1922 οἱ
117 1884 244 1927 πάντες
258 1884 478 1934 κατέστημεν
507 1887 626 1934 σῶμα·
659 1883 698 1921 ἂν
719 1886 877 1936 ἀμεληθῇ
907 1885 946 1923 τὸ
973 1884 1090 1936 τυχὸν,

69 1946 109 1984 τὸ
127 1953 196 1983 πᾶν
213 1945 390 1996 ἠμέληται
407 1945 467 1983 καὶ
487 1945 700 1997 διέφθαρται.
721 1945 826 1983 Οὕτω
850 1949 892 1998 τῇ
911 1949 979 1984 τῶν
1003 1948 1092 1984 πολ-

71 2008 140 2044 λῶν
161 2006 298 2058 εὐταξίᾳ
314 2010 336 2052 ἡ
355 2012 414 2045 τοῦ
437 2006 509 2050 ἑνὸς
529 2006 653 2050 ἀταξία
674 2006 891 2057 λυμαίνεται.
909 2008 979 2045 Καὶ
994 2008 1033 2046 τὸ
1049 2009 1076 2045 ὃ·

71 2067 231 2120 φοῧερὸν,
254 2067 306 2106 ὅτι
333 2069 478 2105 ἐνταῦθα
497 2068 574 2119 οὐχὶ
592 2068 735 2106 παιδιὰν
750 2067 825 2107 οὐδὲ
850 2069 989 2120 χορείαν
1006 2069 1091 2121 ἔρχῃ

70 2128 259 2180 χορεύσων,
279 2128 339 2166 καὶ
355 2127 505 2175 ἕστηκας
527 2128 690 2171 ἄτακτος.
711 2130 787 2166 Οὐκ
806 2123 916 2175 οἶδας,
936 2128 989 2167 ὅτι
1004 2129 1093 2180 μετὰ

72 2187 231 2240 ἀγγέλων
256 2188 423 2236 ἕστηκας,
445 2189 522 2240 μετ’
544 2189 683 2227 ἐκείνων
713 2189 827 2240 ᾄδεις,
849 2192 922 2240 μετ’
955 2189 1094 2228 ἐκείνων

70 2252 199 2298 ὃμνεῖς,
210 2248 268 2286 καὶ
280 2249 427 2295 ἕστηκας
438 2252 565 2301 γελῶν,
576 2248 660 2287 εΌτι
675 2249 742 2300 γὰρ
757 2249 909 2295 σκηπτὸς
925 2251 986 2287 οὐκ
997 2249 1093 2301 ἀφίε-

70 2325 144 2357 ται,
159 2309 219 2346 οὐκ
231 2308 286 2346 ἐπ’
297 2309 446 2352 ἐκείνους
463 2309 578 2359 μόνον,
590 2309 679 2346 ἀλλὰ
692 2309 750 2347 καὶ
761 2311 812 2361 ἐφ’
828 2313 922 2360 ἡμᾶς
935 2339 945 2357 ,
961 2311 998 2347 οὐ
1014 2313 1093 2348 θαυ-

72 2368 225 2420 μαστόν,
243 2368 322 2412 ἄξια
335 2369 402 2421 γὰρ
419 2373 574 2416 σκηπτοῦ
589 2373 710 2408 ταῦτα.
726 2369 929 2421 *Πάρεστιν
953 2373 970 2408 ὅ
991 2372 1093 2421 βασι-

72 2429 167 2477 λεὺς,
186 2433 305 2482 θεωρεῖ
322 2430 361 2468 τὸ
383 2429 615 2484 στρατόπεδον
633 2447 640 2453 ·
662 2430 701 2469 σὺ
718 2430 752 2469 δὲ
773 2431 840 2469 ὑπὸ
858 2437 934 2475 ταῖς
952 2430 1091 2469 ἐκείνων

73 2490 191 2540 ὄψεσιν
223 2490 370 2537 ἕστηκας
406 2491 531 2541 γελῶν,
563 2490 585 2537 ἢ
621 2491 678 2529 τὸν
714 2493 870 2542 γελῶντα
903 2494 1093 2545 περιορῶν,

75 2550 180 2588 Ἀλλὰ
208 2550 313 2602 μέχρι
340 2551 432 2595 τίνος
462 2553 693 2603 ἐγκαλοῦμεν,
720 2551 825 2604 μέχρι
848 2553 938 2595 τίνος
962 2551 1095 2604 μεμφό-

79 2613 189 2660 μεθα,
206 2613 259 2648 Οὐ
278 2611 344 2663 γὰρ
364 2614 410 2655 ὡς
432 2613 631 2662 λυμεῶνας,
657 2614 694 2650 οὐ
713 2613 781 2664 γὰρ
801 2616 847 2656 ὡς
872 2613 1039 2665 φθορέας,
1059 2614 1095 2650 οὐ

77 2670 143 2722 γὰρ
166 2674 212 2715 ὡς
228 2671 363 2716 ἐξώλεις
379 2673 438 2711 καὶ
458 2672 725 2726 διεφθαρμένους
742 2673 819 2717 τοὺς
837 2674 1022 2721 τοιούτους,
1037 2672 1096 2711 καὶ

79 2731 209 2784 μυρίων
229 2732 398 2783 γέμοντας
427 2738 543 2772 κακῶν
573 2737 635 2780 τ’ἧς
662 2735 877 2781 Ἐκκλησίας
907 2734 1096 2773 ἀπελαύνε-

79 2796 156 2830 σθαι
177 2792 266 2841 ἔδει,
285 2794 377 2832 Πότε
403 2789 496 2832 οῦτοι
514 2794 692 2846 φείσονται
722 2796 889 2846 γέλωτος,
909 2799 940 2835 οἱ
969 2799 1003 2834 ἐν
1023 2794 1098 2847 ὥρᾳ

79 2853 202 2905 φρίκης
222 2856 408 2904 γελῶντες,
429 2855 514 2894 πότε
533 2856 714 2908 ἀφέξονται
733 2857 921 2911 φλυαρίας,
943 2861 974 2896 οἱ
999 2860 1033 2896 ἓν
1047 2860 1098 2909 τῷ

80 2916 190 2965 καιρῷ
217 2917 278 2960 τ’ῆς
308 2916 464 2968 εὐλογίας
486 2917 744 2970 διαλεγόμενοι,
765 2920 802 2957 οὐ
828 2918 906 2962 τοὺς
925 2918 1099 2971 παρόντας

82 2975 275 3024 αἰδοῦνται,
296 2979 332 3014 οὐ
351 2977 417 3029 γὰρ
432 2978 490 3017 τὸν
506 2978 597 3017 Θεὸν
618 2979 833 3027 δεδοίκασιν,
854 2982 890 3018 οὐ
908 2980 976 3032 γὰρ
1001 2983 1100 3034 ἀρκεῖ

81 3038 166 3084 ἡμῖν
186 3037 207 3080 ἦ
229 3035 319 3074 κατὰ
344 3037 493 3077 διάνοιαν
526 3039 700 3092 ῥᾳθυμία,
728 3041 803 3078 οὐδὲ
835 3040 887 3078 ὅτι
920 3040 1100 3092 εὐχόμενοι

1102 398 1232 460 Aodio
1249 423 1358 460 habei
1360 437 1422 472 es,
1415 437 1530 461 annon
1542 423 1587 461 ob
1600 423 1713 461 benex
1716 422 1904 461 olentiam
1895 436 1931 460 in
1943 422 2130 460 dominum

1150 483 1243 521 illud
1255 492 1335 535 apte
1354 484 1500 522 leducei
1503 498 1562 522 es
1553 485 1571 509 5)
1588 487 1640 522 lta
1660 493 1693 522 et
1713 498 1816 522 nunc.
1829 485 1914 522 Haec
1930 494 2126 523 vasasunt·

1150 545 1180 583 si
1200 545 1321 584 videas
1337 546 1398 582 illa
1416 546 1645 598 incomposite
1670 547 1835 598 jacentia,
1854 547 1964 584 reduc
2000 547 2035 584 in
2067 562 2126 585 or—

1151 604 1271 643 dinem
1291 621 1298 641 :
1316 606 1440 643 accede
1463 606 1509 644 ad
1534 621 1601 655 me,
1622 621 1691 645 non
1711 619 1856 645 recuso:
1877 606 1935 644 dic
1955 607 2060 657 mihi,
2077 608 2132 645 sao

1153 680 1209 704 me
1236 666 1443 705 certiorem:
1463 681 1532 704 non
1557 682 1699 718 possum
1719 668 1837 706 omnia
1858 668 1980 707 videre
1993 684 2004 718 3
2033 668 2132 720 igno-

1153 727 1251 763 scite.
1279 726 1409 765 Videte
1425 757 1435 776 ,
1474 738 1605 778 quanta
1635 729 1790 779 nequitia
1819 730 1939 767 orbem
1972 740 2130 782 occupat.

1153 788 1250 825 Num
1268 788 1341 825 sine
1351 802 1454 825 causa
1471 788 1649 838 dicebam,
1672 804 1734 826 nos
1751 804 1824 827 esse
1842 805 2008 829 acervum
2024 792 2108 828 soeni
2122 822 2131 839 ‚

1152 862 1248 885 mare
1267 848 1658 900 inc‹)1nposit11n]{’N0n
1691 850 1771 887 dico
1792 851 1871 888 illos
1893 852 1976 889 talia
1992 853 2104 890 facere
2125 883 2134 901 ,

1154 907 1215 945 sed
1233 917 1328 944 tanta
1361 909 1545 946 oscitantia
1578 910 1747 946 intrantes
1780 911 1940 948 laborare
1955 942 1964 959 ,
1994 921 2032 949 ut
2061 913 2136 950 hsce

1154 981 1222 1004 non
1245 968 1434 1018 corrigant.
1460 969 1614 1006 Rursum
1633 969 1720 1006 alios
1747 969 1867 1020 video,
1901 971 2137 1020 colloquentes

1154 1036 1245 1064 stare
1258 1027 1345 1064 dum
1371 1028 1412 1065 fit
1446 1028 1558 1066 oratio
1581 1044 1588 1064 :
1609 1029 1699 1066 alios
1731 1028 1959 1067 modestiores
1988 1031 2135 1081 scilicet,

1154 1102 1221 1126 non
1240 1088 1346 1126 modo
1368 1088 1456 1126 dum
1488 1089 1528 1127 fit
1562 1090 1684 1134 oratiQ
1708 1090 1772 1127 sed
1792 1090 1897 1128 etiam
1916 1091 2003 1128 dum
2023 1106 2137 1130 sacer*

1154 1150 1217 1187 dos
1226 1149 1454 1188 benedicit.0
1466 1151 1650 1188 audaciam
1662 1150 1913 1198 {Quandonam
1929 1153 1995 1190 erit
2011 1154 2105 1191 salus
2119 1154 2137 1189 ἒ)

1154 1210 1332 1262 quomodo
1350 1212 1545 1263 poterimus
1562 1214 1678 1250 Deum
1695 1212 1837 1264 placare
1852 1213 1868 1250 ‚⁰
1900 1213 1937 1251 Si
1952 1214 1997 1251 ad
2013 1214 2139 1252 ludum

1155 1272 1275 1321 abeas,
1309 1273 1447 1311 videbis
1476 1288 1596 1311 omnes
1616 1274 1784 1312 concinne
1807 1275 1951 1312 choreas
1967 1285 2109 1326 agentes
2128 1306 2137 1324 ,

1155 1331 1314 1383 nihilque
1330 1333 1475 1385 negligi.
1495 1334 1594 1372 Sicut
1609 1348 1692 1385 ergo
1713 1334 1749 1370 in
1771 1334 1850 1386 lyra
1872 1335 1968 1372 varie
1990 1345 2023 1372 et
2051 1345 2143 1373 reete

1154 1393 1344 1445 composita
1361 1403 1440 1445 apta
1457 1394 1619 1444 quaedam
1631 1394 1844 1447 symphonia
1863 1396 2006 1433 exbono
2021 1396 2144 1434 ordine

1155 1454 1329 1492 efficitur:
1345 1454 1392 1492 ita
1405 1464 1438 1492 et
1448 1455 1507 1493 hic
1520 1469 1628 1493 unam
1645 1456 1804 1493 omnium
1815 1465 1847 1494 et
1863 1471 2053 1495 consonam
2063 1458 2145 1495 har-

1156 1514 1311 1552 moniam
1330 1516 1421 1553 effici
1437 1530 1502 1568 par
1517 1525 1618 1554 esset.
1642 1517 1721 1554 Una
1732 1517 1826 1554 enim
1840 1531 1963 1555 sumus
1973 1517 2145 1568 Ecclesia,

1158 1575 1262 1613 unius
1271 1576 1396 1628 capitis
1412 1577 1570 1614 membra
1580 1576 1866 1630 decenteraptata
1876 1593 1887 1628 3
1902 1593 2013 1616 unum
2025 1593 2147 1616 sumus

1158 1651 1278 1676 omnes
1291 1652 1418 1690 corpus
1436 1654 1443 1675 ε
1463 1639 1491 1676 si
1507 1639 1596 1690 quid
1607 1639 1805 1690 neglectum
1817 1639 1935 1689 fuerit,
1956 1649 2069 1678 totum
2089 1654 2147 1678 ne-

1160 1699 1313 1750 glectum
1323 1708 1355 1736 et
1365 1709 1573 1752 corruptum
1583 1700 1661 1737 erit.
1679 1701 1732 1737 Ita
1744 1709 1776 1738 et
1798 1701 1994 1738 multorum
2014 1710 2149 1739 rectum

1161 1759 1324 1798 ordinem
1336 1760 1440 1798 unius
1449 1760 1662 1798 inordinatio
1672 1761 1870 1800 labefactat.
1893 1762 2070 1812 Quodque
2081 1773 2150 1799 ter-

1162 1819 1334 1868 ribileest,
1352 1834 1421 1857 non
1437 1820 1508 1858 huc
1522 1820 1703 1858 adludum
1719 1821 1951 1872 choreamque
1961 1823 2152 1860 saltaturus

1163 1879 1275 1927 venis,
1296 1889 1329 1917 et
1343 1879 1599 1932 incompositus
1618 1890 1702 1918 stas.
1724 1881 1843 1918 Nescis
1868 1891 1902 1919 te
1917 1896 1998 1919 cum
2018 1882 2152 1933 angelis

1164 1940 1280 1977 stare?
1296 1941 1386 1977 Cum
1400 1940 1472 1977 illis
1482 1950 1599 1978 cantas
1610 1940 1832 1992 hymnosque
1848 1941 2017 1991 celebras,
2036 1951 2069 1979 ct
2081 1951 2151 1979 stas

1164 2002 1308 2040 ridens?
1323 2004 1447 2041 Annon
1457 2003 1589 2040 mirum
1601 2012 1663 2052 est,
1677 2002 1773 2053 quod
1783 2003 1915 2041 fulmen
1932 2018 2000 2041 non
2014 2003 2149 2041 immit-

1164 2072 1273 2114 tatur,
1285 2078 1353 2102 non
1367 2065 1401 2102 in
1419 2065 1497 2102 illos
1507 2073 1565 2101 tan
1573 2073 1659 2112 tum,
1672 2063 1732 2102 sed
1746 2073 1780 2102 et
1791 2065 1827 2102 in
1840 2079 1903 2103 nos
1915 2065 2061 2103 omnes?
2076 2066 2154 2103 haec

1166 2125 1298 2176 quippe
1315 2125 1464 2162 fulmine
1479 2124 1588 2175 digna
1602 2134 1695 2162 sunt.
1708 2124 1817 2162 Adest
1831 2140 1908 2174 reX,
1929 2125 2030 2164 videt
2048 2140 2151 2163 exer-

1166 2185 1276 2222 citum
1292 2200 1303 2233 ,
1329 2194 1367 2222 tu
1379 2199 1466 2222 xero
1485 2185 1556 2222 illis
1571 2184 1773 2222 videntibus
1787 2194 1857 2222 stas
1877 2185 2007 2235 ridens,
2023 2186 2082 2225 vel
2102 2186 2151 2223 ri-

1166 2245 1310 2283 dentem
1322 2246 1501 2297 negligis?
1516 2245 1587 2283 Sed
1602 2260 1785 2296 quousque
1801 2246 2023 2299 increpamus
2037 2248 2054 2285 ἷ)
2069 2262 2154 2298 quo-

1166 2320 1278 2357 usque
1299 2306 1591 2358 reprehendimus
1606 2306 1624 2344 ἱ)
1643 2308 1769 2344 Annon
1784 2317 1823 2345 ut
1841 2317 1967 2359 pestes,
1987 2323 2101 2346 annon
2117 2318 2156 2347 ut

1167 2377 1405 2420 corruptores,
1423 2382 1539 2405 annon
1557 2376 1594 2405 ut
1611 2377 1794 2420 corruptos
1813 2377 1847 2405 et
1866 2369 2078 2421 perniciosos
2091 2370 2156 2407 hu-

1162 2428 1323 2480 jusmodi
1350 2428 1523 2478 homines,
1544 2428 1807 2479 innumerisque
1832 2429 1935 2467 malis
1949 2440 2092 2469 onustos
2112 2431 2157 2469 ab

1167 2490 1325 2528 Ecclesia
1340 2490 1423 2542 pelli
1441 2490 1654 2542 oportuisset
1670 2491 1687 2527 P
1702 2491 1939 2537 Quandonam
1967 2492 2021 2530 illi
2045 2507 2064 2530 a
2084 2493 2156 2531 risu

1164 2550 1406 2600 abstinebunt,
1426 2550 1489 2600 qui
1504 2550 1539 2587 in
1554 2550 1640 2588 hora
1655 2550 1836 2588 tremenda
1855 2551 2001 2590 rident?
2015 2553 2156 2603 quando

1164 2625 1184 2649 a
1205 2612 1309 2663 nugis
1328 2611 1567 2658 abstinebunt,
1591 2612 1652 2661 qui
1669 2611 1706 2648 in
1726 2620 1884 2663 tempore
1899 2613 2156 2652 benedictionis

1164 2672 1352 2724 garriunt?
1372 2686 1440 2709 non
1456 2681 1640 2724 praesentes
1655 2681 1874 2723 reverentur,
1891 2687 1961 2710 non
1978 2675 2095 2712 Deum
2110 2675 2154 2712 ti-

1164 2743 1259 2771 ment
1267 2734 1284 2769 Ξ)
1292 2747 1406 2770 annon
1415 2732 1547 2771 sufficit
1556 2733 1658 2770 nobis
1670 2733 1794 2771 mentis
1804 2733 1961 2771 socordia
1969 2735 1986 2771 P
1994 2749 2062 2772 non
2071 2736 2155 2774 satis

1165 2804 1216 2833 est
1234 2794 1331 2846 quod
1348 2804 1486 2832 orantes
1504 2794 1573 2832 alio
1591 2794 1872 2846 evagem1113sed
1885 2804 1918 2833 ct
1935 2795 2081 2834 risumet
2101 2811 2155 2835 ca-

1167 2856 1313 2894 chinnos
1322 2855 1473 2894 multos
1464 2855 1679 2907 lngerimus.
1670 2856 1688 2883 ἶ)
1709 2857 1762 2892 An
1773 2856 1888 2893 theati
1890 2857 2032 2896 umhaec
2044 2867 2144 2896 sunt.
2137 2859 2154 2884 ‘'

2247 2871 2277 2898 C
2282 2878 2353 2900 »ntra

1167 2917 1236 2955 Sed
1257 2916 1325 2953 hoc
1339 2925 1426 2968 puto
1446 2930 1465 2953 a
1485 2916 1630 2954 theatlis
1646 2915 1757 2953 oriri:
1772 2916 2040 2967 inobsequentes
2058 2919 2151 2956 enim
2165 2913 2354 2951 T¹¹⁰³¹s¹⁵r⁹

1168 2977 1298 3015 multos
1321 2986 1354 3015 et
1385 2977 1637 3029 incompositos
1656 2976 1826 3014 efficiunt.
1851 2979 1940 3024 Quae
1958 2978 2017 3016 hic
2041 2980 2154 3018 aedifi-

1169 3052 1304 3087 camus,
1326 3038 1401 3076 illic
1422 3037 1656 3076 destruuntur
1674 3053 1681 3074 :
1704 3052 1814 3089 neque
1828 3038 1896 3076 hoc
1920 3039 2035 3077 solum
2049 3070 2059 3089 ,
2094 3041 2155 3080 sed

82 3096 148 3134 ἀλλ
151 3110 171 3130 α
174 3110 236 3146 χου
257 3097 479 3148 ῥεμοόμεθα·
497 3099 587 3137 ἀλλὰ
603 3116 664 3138 και
680 3101 839 3152 (γέλωτα
873 3101 1100 3153 ἕπεισάγομεν
1123 3107 1147 3137 Ε
1171 3110 1204 3139 et
1221 3100 1303 3138 aliis
1338 3099 1577 3138 immunditiis
1600 3113 1737 3138 necesse
1766 3109 1817 3137 cst
1838 3100 1918 3138 illos
1942 3101 2086 3153 repleri.
2108 3102 2156 3141 Et

83 3155 142 3193 καὶ
163 3154 269 3193 πολυν
294 3155 350 3193 τὸν
379 3159 603 3210 καγχασμόν,
621 3160 683 3208 Μὴ
700 3162 767 3214 γὰρ
787 3162 930 3214 θέατρόν
957 3165 1031 3201 ἐστι
1059 3161 1104 3200 τὰ

86 3217 250 3263 ἐνταῦθα,
269 3215 358 3254 Ἀλλ’
364 3221 510 3268 ,οἰμαι,
527 3236 571 3258 τα
590 3221 718 3273 θέατρα
742 3227 842 3261 τοῦτο
860 3228 977 3261 ποιεῖ’
1002 3223 1105 3269 δυση-

130 3357 143 3371 ³
161 3351 193 3390 ἧς
209 3353 260 3381 τοῦ
276 3352 522 3393 ἑπιτεταγμένου,
537 3353 583 3385 sic
599 3353 735 3396 quidam
753 3363 786 3387 ct
801 3354 952 3389 Savilius.

133 3399 148 3422 b
165 3400 226 3429 Hic
250 3402 360 3432 omnia
386 3403 593 3435 invertuntur
615 3406 648 3438 in
665 3417 748 3447 saepe
764 3416 948 3441 memorato
965 3408 1088 3441 Codice

87 3449 317 3493 [Codicibus]‚
337 3454 404 3485 sine
421 3465 531 3487 sensus
549 3455 749 3492 discrimine.

1172 3161 1321 3216 perinde
1339 3162 1395 3212 fit,
1413 3176 1453 3199 ac
1471 3161 1499 3199 si
1515 3161 1594 3212 quis
1609 3174 1776 3212 campum
1794 3161 1986 3199 emundare
1998 3163 2100 3214 velit,
2119 3164 2155 3202 in

1174 3239 1278 3276 quem
1297 3237 1446 3277 superne
1478 3223 1554 3261 fons
1585 3222 1701 3259 lutum
1722 3222 1916 3273 immittat,
1942 3223 2030 3263 dum
2062 3226 2154 3265 enim

1196 3355 1212 3373 '¹²
1234 3357 1444 3401 [παρέστησεν
1467 3355 1524 3395 Ῑ).]

1199 3414 1209 3427 ⁰
1226 3407 1287 3440 Alii
1304 3411 1420 3450 γέλωτα
1436 3409 1588 3440 &rr-:mimi
1605 3412 1662 3448 χρὴ
1680 3410 1727 3438 καὶ
1749 3409 1850 3439 πολύν.

2165 2956 2286 2984 ctacula
