2502 3810
816 232 858 262 IN
895 232 1036 262 EPIST.
1077 231 1136 259 AD
1175 229 1283 259 ROM.

173 314 293 365 μικρὸν
314 314 349 351 δὲ
369 318 467 352 τοῦτο
486 314 532 356 εἷς
551 314 589 351 τὸ
607 315 833 351 καταστεῖλαι
851 313 913 360 τὴν
933 313 1071 351 ἐκείνων
1093 311 1183 349 ἀπό-

170 389 282 421 νοιαν,
299 373 378 411 ὅταν
394 373 452 411 καὶ
471 376 617 412 ἐνταῦθα
639 373 745 424 μηδὲν
765 374 873 425 ἔχωσι
888 373 991 411 πλέον
1008 376 1075 410 τῶν
1096 371 1185 410 Ἕλ-

168 434 294 480 λήνων,
316 435 391 471 ἀλλ’
413 433 539 483 ὁμοίως
567 426 632 472 ὦσι
657 433 900 486 προδεδομένοι
930 434 1020 471 κατὰ
1037 433 1094 471 τὸν
1125 435 1187 478 τῆς

170 493 343 547 σωτηρίας
362 494 475 546 λόγον.
496 494 540 532 ‘O
565 494 632 546 γὰρ
650 494 811 537 ὑπόδικος
837 494 962 545 κυρίως
990 493 1028 530 ἂν
1059 495 1186 535 ἐκεῖνος

169 555 321 605 λέγοιτο,
349 557 366 591 ὃ
396 554 444 604 μὴ
466 555 652 605 δυνάμενος
678 556 794 606 ἀρκεῖν
823 557 933 606 ἑαυτῷ
953 554 1038 605 πρὸς
1057 555 1184 592 ἀπολο-

169 614 258 662 γίαν,
277 614 367 652 ἀλλὰ
384 618 446 661 τῆς
465 615 580 667 ἑτέρου
601 615 758 666 δεόμενος
776 615 933 666 βοηθείας
949 630 956 638 ·
977 608 1031 652 οἶα
1057 608 1099 658 ἦν
1127 613 1186 650 καὶ

168 674 212 712 τὰ
227 675 380 726 ἡμέτερα
401 674 528 722 πάντα,
545 675 816 713 ἀπολωλεκότων
833 677 934 725 ἡμῶν
950 675 994 712 τὰ
1009 674 1093 725 πρὸς
1112 689 1185 711 σω-

169 735 292 787 τηρίαν
318 735 545 773 συντείνοντα.
566 734 633 773 Διὰ
655 735 722 786 γὰρ
740 734 846 785 νόμου
866 734 1049 784 ἐπίγνωσις
1069 734 1186 784 ἆμαρ-

167 794 255 851 τίας.
275 796 391 833 Ποίλιν
410 795 562 847 ε’φήλατο
579 798 628 846 τῷ
643 795 756 846 νόμῳ,
783 794 870 844 μετὰ
887 795 1020 845 φειδοῦς
1036 793 1097 843 μέν
1118 808 1126 816 ·
1146 794 1183 830 οὖ

168 855 235 908 γὰρ
265 857 369 893 αὐτοῦ
396 854 589 907 κατηγορία
618 854 657 892 τὸ
687 853 882 905 εἰρημένον,
912 852 1002 890 ἀλλὰ
1030 856 1091 898 τῆς
1116 855 1184 889 τῶν

169 915 344 954 Ἰουδαίων
370 916 537 969 ῥᾳθυμίας
553 930 560 937 ·
580 913 671 960 πλὴν
691 915 766 951 ἀλλ’
787 913 881 962 ὅμως
897 911 1108 950 ἐσπούδακεν
1134 914 1186 948 ἐν·

168 980 296 1023 ταῦθα,
319 975 437 1021 ἐπειδὴ
461 975 578 1025 μέλλει
604 974 660 1012 τὸν
687 973 766 1024 περὶ
791 975 851 1017 τῆς
870 971 1019 1015 πίστεως
1035 971 1182 1021 εἰσάγειν

167 1036 287 1085 λόγον,
307 1035 412 1078 δεῖξαι
432 1035 531 1072 αὐτὸν
561 1033 691 1084 σφόδρα
718 1033 946 1079 ἠσθενηκότα.
968 1033 1013 1069 Εἰ
1029 1031 1096 1084 γὰρ
1122 1033 1184 1069 αὖ-

163 1109 203 1143 γε
206 1099 236 1135 ῖς
263 1095 320 1131 ἐπι
338 1098 387 1144 τῷ
411 1094 520 1145 νόμῳ,
540 1093 660 1144 φησὶν,
691 1092 816 1134 (Ιαῦτός
840 1109 878 1131 σε
902 1094 1032 1142 μᾶλλον
1061 1107 1184 1129 καται-

165 1153 284 1217 σχύνει
301 1170 308 1177 ·
340 1149 437 1197 offro}
466 1169 525 1192 σου
555 1153 617 1196 τὰς
635 1153 808 1204 ἁμαρτίας
836 1155 979 1203 ἐκπομπ
981 1168 1062 1190 ευει.
1090 1152 1182 1190 Ἀλλ

165 1215 227 1251 οὐκ
247 1218 340 1252 εἶπεν
355 1230 445 1251 ουτω
469 1213 636 1266 τραχέως,
663 1215 740 1252 ἀλλ’
757 1213 947 1266 ὑφειμένως
963 1213 1035 1251 πα)
1040 1228 1094 1250 ιν
1116 1212 1184 1250 Δια

164 1274 242 1355 γὰρ
250 1274 355 1324 νόμου
373 1274 555 1326 ἐπίγνωσις
571 1274 755 1325 ἁμαρτίας.
776 1276 911 1312 Οὐκοῦν
926 1274 984 1311 καὶ
1000 1277 1021 1320 ἡ
1042 1273 1107 1311 κό)
1099 1289 1186 1317 ασις

166 1334 312 1384 μείζων,
335 1334 425 1372 οὒλὰ
440 1333 569 1386 παρα
552 1336 620 1372 τῶν
638 1333 829 1372 Ἰουδαίων.
847 1333 891 1372 Ο
913 1333 973 1384 μὲν
990 1350 1058 1386 γαρ
1083 1334 1186 1384 νόμος

162 1394 275 1440 ἤνυε
258 1394 297 1432 τὸ
312 1394 460 1447 φανεράν
481 1408 536 1432 σοι
551 1398 697 1441 ποι-’ἧσαι
719 1394 781 1441 τὴν
798 1394 991 1446 ἁμαρτίαν,
1010 1395 1067 1432 σὸν
1090 1395 1125 1432 οὲ
1142 1399 1183 1441 ἦν

163 1455 283 1493 λοιπον
299 1455 337 1493 τὸ
352 1460 493 1507 φυγεῖν·
510 1454 558 1504 μὴ
576 1454 692 1506 φυγὼν
707 1454 831 1502 τοίνυν,
849 1456 1010 1504 μᾶλλον’
996 1472 1037 1492 ε,
1013 1470 1108 1493 ἐσπ
1110 1454 1184 1492 οίσω

164 1515 227 1563 τὴν
251 1516 392 1554 κόλασιν
403 1546 414 1562 ,
430 1515 489 1553 καὶ
507 1515 546 1553 τὸ
563 1519 622 1553 τοῦ
643 1515 748 1566 νόμου
765 1515 976 1567 κατόρθωμα
995 1515 1116 1566 γέγονέ
1131 1531 1184 1553 σοι

166 1576 316 1625 μείζονος
338 1576 469 1628 ἐφόδιον
489 1576 677 1628 τιμωρίας,

214 1642 303 1681 ”Οτε
322 1643 434 1681 τοίνυν
453 1643 510 1681 τὸν
533 1642 637 1694 φόὸον
654 1642 801 1690 ηὔξησε,
822 1641 898 1680 τότε
917 1642 1038 1680 λοιπὸν
1059 1642 1181 1694 ἓποίγει

165 1703 208 1741 τὰ
225 1719 288 1748 της
304 1704 468 1754 γάριτος,
497 1706 531 1742 ἐν
551 1704 663 1754 πολλῇ
690 1703 913 1749 καταστήσας
931 1703 1098 1756 ἐπιθυμία
1120 1720 1183 1749 της

163 1765 232 1800 τῶν
249 1764 429 1814 ἁμαρτιῶν
447 1764 620 1816 ἀφεσεως,
642 1763 818 1815 καίφησι·
839 1765 912 1801 Νῦν
937 1763 971 1801 δὲ
994 1780 1101 1816 χωρις
1120 1766 1180 1802 νό-

165 1839 230 1873 μου
260 1824 459 1871 δικαιοσύνκ·
494 1827 585 1863 Θεοῦ
615 1824 868 1875 πεφανέρωται.
901 1823 1003 1874 Μέγα
1034 1827 1181 1863 ἐνταῦθα

164 1860 371 1935 ἐφθέγξατο,
394 1885 453 1922 καὶ
481 1886 612 1931 πολλῆς
632 1885 790 1934 δεόμενον
805 1886 867 1929 τῆς
888 1889 1119 1931 κατασκευῆς.
1136 1887 1180 1924 Εἰ

162 1944 229 1996 γὰρ
247 1947 278 1982 οἱ
297 1946 331 1981 ἐν
351 1944 448 1996 νόμῳ
467 1946 589 1988 ζῶντες
609 1947 646 1982 οὐ
669 1944 770 1995 μόνον
798 1946 858 1982 οὒκ
884 1945 1006 1996 ἔφυγον
1022 1946 1178 1994 κόλασιν,

161 2006 250 2043 ἀλλὰ
266 2006 324 2043 καὶ
334 2005 437 2044 πλέον
453 2006 700 2058 ἕὸαρύνθησαν,
715 2010 789 2050 πῶς
804 2008 878 2045 ἐστι
891 2006 999 2058 χωρὶς
1011 2006 1117 2058 νόμου
1129 2009 1176 2058 μὴ

163 2066 264 2116 μόνον
274 2066 443 2117 τιμωρίαν
453 2072 584 2118 φυγεῖν,
599 2066 688 2105 ἀλλὰ
703 2067 762 2104 καὶ
775 2068 1016 2115 δικαιωθῆναι;
1029 2068 1100 2106 Δύο
1111 2069 1178 2122 γὰρ

164 2127 254 2177 ἄκρα
264 2129 409 2165 ἐνταῦθα
422 2127 552 2165 τέθεικε
562 2158 571 2175 ,
585 2127 644 2165 καὶ
657 2128 938 2174 τὸδικαιοῦσθαι,
954 2128 1014 2166 καὶ
1024 2129 1062 2166 τὸ
1071 2130 1179 2181 χωρὶς

164 2186 269 2236 νόμου
289 2187 418 2225 τούτων
439 2187 622 2239 τυγχάνειν
641 2190 709 2225 τῶν
730 2191 880 2238 ἀγαθῶν.
900 2188 968 2226 Διὰ
998 2192 1098 2227 τοῦτο
1113 2191 1180 2241 οὐχ

163 2247 283 2289 ἁπλως
299 2241 392 2293 εἷπε,
411 2247 630 2294 δικαιοσύνη,
650 2247 751 2295 ἀλλὰ,
766 2248 976 2296 Δικαιοσυνη
990 2251 1128 2296 Θεοῦ,
1109 2266 1178 2288 απο

161 2309 223 2352 τῆς
237 2309 276 2343 οἷ
263 2306 334 2350 ζίας
349 2312 409 2344 τοῦ
423 2307 609 2359 προσώπου
623 2324 682 2347 και
698 2309 837 2359 μείζονα
850 2309 960 2353 δείξας
973 2309 1036 2356 τὴν
1048 2310 1178 2361 δωρεὰν

160 2367 219 2404 καὶ
235 2367 382 2414 δυνατὴν
397 2368 460 2415 τὴν
474 2368 606 2420 ὑπόσχε
610 2384 687 2407 σιν·
705 2369 820 2408 πάντα
838 2369 905 2421 γὰρ
922 2372 1015 2422 αὐτ-ῳ
1036 2371 1176 2410 δυνατοί.

161 2428 229 2466 Καὶ
251 2430 311 2466 οὐκ
339 2423 446 2474 εἶπεν,
473 2429 591 2477 ἐδόθη,
617 2429 726 2477 ἀλλὰ,
753 2430 1026 2482 Πεφανέρωται,
1045 2432 1084 2470 τὸ
1117 2436 1178 2479 τῆς

159 2488 379 2538 καινοτομίας
393 2490 667 2540 ὑποτεμνόμενος
685 2490 864 2541 ἔγκλημα·
883 2491 922 2530 τὸ
941 2491 1008 2544 γὰρ
1029 2509 1178 2545 πεφανε-

162 2548 312 2598 ρωμένον
325 2551 370 2592 ὡς
385 2550 532 2587 παλαιὸν
548 2550 606 2588 καὶ
622 2550 858 2604 κρυπτόμενον
875 2558 1092 2606 φανεροῦται.
1109 2553 1176 2591 Καὶ

159 2609 196 2643 οὗ
221 2611 320 2645 τοῦτο
340 2607 458 2658 μόνον,
482 2609 571 2647 ἀλλὰ
587 2610 646 2647 καὶ
665 2610 708 2648 τὰ
725 2614 802 2657 ἑςῆς
819 2611 988 2650 δείκνυσιν
1008 2615 1045 2651 οὐ
1064 2613 1177 2664 πρόσ-

159 2682 264 2717 φατον
284 2667 320 2704 ὂν
336 2672 434 2706 τοῦτο
448 2685 456 2692 ·
476 2669 581 2707 εἰπὼν
598 2670 684 2722 γὰρ,
699 2671 955 2724 Πεφανέρωται
970 2703 980 2721 ,
998 2673 1153 2725 ἐπήγαγε
1168 2705 1177 2721 ,

157 2729 434 2779 Μαρτυρουμένη
452 2730 520 2767 ὑπὸ
536 2734 594 2768 τοῦ
609 2730 714 2781 νόμου
734 2732 794 2769 καὶ
812 2734 880 2769 τῶν
896 2738 1097 2785 προφητῶν.
1115 2734 1178 2780 Μὴ

157 2787 240 2838 γὰρ,
262 2789 379 2835 ἐπειδὴ
405 2794 461 2827 νῦν
481 2789 579 2836 ἐδόθη
597 2820 606 2838 ‚
632 2791 846 2843 θορυὸηθῇς,
869 2793 952 2844 φησὶ
969 2823 978 2839 ,
1000 2793 1088 2844 μηδὲ
1106 2797 1178 2837 athe

156 2848 240 2900 πρὸς
258 2849 374 2887 καινὸν
394 2849 452 2887 καὶ
471 2849 562 2893 ξένον
579 2857 727 2903 πρᾶγμα
745 2855 925 2904 ταραχθῇς
938 2869 946 2877 ·
967 2854 1096 2892 ἄνωθεν
1112 2855 1179 2906 γὰρ

157 2909 240 2947 αὐτὸ
259 2909 317 2946 καὶ
340 2912 357 2947 ὁ
375 2909 477 2959 νόμος
497 2910 555 2948 καὶ
577 2912 608 2949 οἱ
637 2915 813 2964 προφῆται
830 2913 1029 2965 προέλεγεν.
1046 2915 1116 2952 Καὶ
1133 2914 1177 2953 τὰ

157 2967 218 3015 μὲν
236 2969 343 3013 ἔδειξε
362 2969 418 3007 διὰ
434 2972 496 3015 τ’ἧς
511 2975 740 3018 κατασκευῆς
759 2972 887 3019 ταύτης
900 2974 955 3020 ,τὰ
975 2974 1012 3012 δέ
1032 2974 1152 3024 μέλλει
1167 3004 1175 3021 ,

157 3029 189 3064 ἐν
212 3027 272 3077 μὲν
291 3035 361 3071 τοῖς
378 3029 572 3081 ἔμπροσθεν
588 3032 803 3084 παραγαγὼν
824 3034 881 3071 τὸν
897 3022 1097 3084 Ἀἷέακοὺμ
1112 3034 1176 3072 λε’-

156 3103 260 3136 γοντα
276 3104 282 3111 ·
318 3089 362 3127 ‘O
394 3090 523 3134 δίκαιος
558 3093 597 3129 ἐκ
630 3092 780 3136 πίστεως
799 3095 960 3141 ζήσεται·
984 3098 1017 3132 ἐν
1044 3095 1078 3132 δὲ
1109 3101 1179 3139 τοῖς

156 3147 242 3195 μετὰ
274 3152 384 3186 ταῦτα
420 3150 476 3188 τὸν
511 3151 691 3203 Ἀῧραὰμ,
722 3154 779 3191 τὸν
801 3155 911 3192 Δαυὶδ
926 3183 935 3198 ,
965 3155 1024 3192 καὶ
1052 3154 1177 3198 αὐτοὺς

155 3208 233 3259 περὶ
251 3208 381 3245 τούτων
403 3211 664 3261 διαλεγομένους
685 3216 782 3263 ἡμῖν.
803 3215 871 3252 Καὶ
894 3214 961 3265 γὰρ
983 3213 1091 3257 πολὺς
1111 3219 1178 3252 τῶν

198 3313 212 3336 ‘¹
239 3313 306 3354 [Α.
324 3315 463 3352 οὗτόςσε.
476 3317 486 3357 ]

196 3374 207 3387 ³
235 3363 358 3396 Editi
350 3381 386 3402 ως
404 3381 461 3411 πρ,
449 3374 529 3400 {cm
536 3382 581 3400 εον
607 3375 654 3403 καὶ
683 3375 711 3409 ξς
706 3375 760 3404 ’νον
778 3379 915 3415 πρᾶγια.
937 3372 975 3403 D
979 3383 1008 3403 ιο
1028 3373 1104 3403 γ3155
1122 3377 1143 3405 a)

1324 227 1480 258 nonu..
1519 228 1599 259 vu.
2145 209 2238 272 529

1259 323 1340 346 cum
1366 309 1458 346 nihil
1482 308 1542 347 hic
1573 308 1654 360 plus
1674 306 1829 345 habeant
1849 320 1956 357 quam
1986 307 2147 359 gentiles,
2177 307 2240 345 sed

1258 369 1364 406 simul
1390 368 1575 407 tradantur
1594 367 1786 406 secundum
1807 367 1932 405 salutis
1958 367 2119 406 verbum.
2148 369 2240 405 Nam

1259 429 1434 467 obnoxius
1462 429 1606 481 proprie
1636 428 1776 466 dicatur
1809 428 1852 477 is,
1889 428 1950 479 qui
1973 442 2043 465 non
2063 428 2131 466 sibi
2157 428 2241 465 satis

1259 504 1332 528 esse
1351 490 1461 542 possit
1476 489 1521 527 ad
1547 489 1806 538 defensionem,
1834 488 1896 527 sed
1913 488 2058 527 alterius
2083 488 2241 539 indigeat

1259 567 1325 605 ope
1343 569 1350 590 :
1367 553 1485 603 qualia
1506 562 1604 590 erant
1630 562 1749 590 nostra
1767 552 1899 601 omnia,
1921 567 2004 591 cum
2021 566 2075 602 ea,
2094 561 2174 604 'quae
2194 551 2240 589 ad

1209 614 1234 645 Ε
1259 616 1408 654 salutem
1427 615 1620 662 tenderent,
1647 616 1896 654 amisissemus.
1922 617 1985 653 90.
2013 617 2093 653 Per
2120 615 2241 666 legem

1232 680 1235 683 ’
1259 679 1358 713 enim
1380 679 1544 728 cognitio
1569 679 1731 727 peccati.
1754 678 1892 714 Rursus
1916 676 1952 713 in
1977 676 2089 726 legem
2108 675 2240 724 insilit,

1258 737 1439 774 remissius
1460 745 1595 784 tamen5
1626 750 1736 785 neque
1753 736 1847 773 enim
1866 735 1902 773 id
1923 735 2018 785 quod
2036 735 2170 773 dicitur
2189 735 2240 773 le-

1259 810 1336 847 gem
1363 798 1514 843 incusat,
1542 796 1602 834 sed
1633 796 1840 834 Judaeorum
1867 796 2075 846 ignaviam:
2097 810 2240 834 verum-

1259 865 1376 893 tamen
1396 855 1533 893 studuit
1550 855 1624 905 hic,
1650 855 1734 905 quia
1759 855 1802 892 de
1830 855 1902 892 fide
1927 856 2139 906 loquuturus
2158 866 2209 894 est
2227 886 2236 902 ‚

1259 916 1500 953 demonstrare
1517 915 1632 966 legem
1647 915 1753 952 valde
1768 915 1983 952 infirmatam
2000 930 2083 952 esse.
2102 918 2194 953 Nam
2210 917 2239 953 si

1258 975 1302 1012 de
1321 975 1396 1026 lege
1415 975 1591 1025 gloriaris,
1608 974 1738 1024 inquit,
1758 975 1833 1025 ipsa
1856 983 1890 1011 te
1907 974 2019 1025 magis
2037 974 2172 1026 pudore
2190 976 2242 1012 af-

1260 1035 1334 1072 ficit
1355 1051 1362 1070 :
1381 1035 1456 1072 haec
1479 1043 1622 1086 peccata
1650 1044 1711 1071 tua
1741 1033 1906 1071 traducit.
1938 1036 2077 1072 Verum
2103 1048 2172 1072 non
2194 1035 2243 1072 ita

1258 1110 1379 1148 aspere
1397 1096 1569 1146 loquitur,
1603 1095 1665 1133 sed
1693 1096 1837 1133 remisse
1861 1109 1999 1145 rursus,
2019 1097 2098 1132 Per
2124 1096 2244 1147 legem

1260 1160 1362 1195 enim
1379 1159 1546 1208 cognitio
1563 1158 1725 1207 peccati.
1747 1155 1863 1206 Igitur
1883 1164 1916 1193 et
1936 1155 2151 1207 supplicium
2170 1170 2244 1192 ma-

1255 1219 1326 1271 jus,
1354 1218 1414 1256 sed
1439 1233 1459 1255 a
1482 1218 1618 1257 Judaeis
1645 1217 1884 1256 subeundum.
1903 1219 1996 1255 Nam
2021 1218 2081 1255 lex
2100 1217 2245 1268 quidem

1258 1279 1297 1317 id
1315 1279 1445 1329 effecit,
1468 1288 1507 1316 ut
1526 1288 1711 1330 peccatum
1730 1278 1798 1316 tibi
1816 1279 1997 1330 patefieret
2008 1293 2020 1328 5
2045 1287 2147 1315 tuum
2171 1287 2245 1315 erat

1258 1343 1415 1393 effugere
1432 1358 1439 1379 ε
1456 1356 1537 1380 cum
1560 1356 1646 1380 vero
1661 1356 1730 1379 non
1746 1341 1894 1393 fugeris,
1916 1342 2031 1393 majus
2049 1341 2115 1378 tibi
2133 1350 2244 1378 attra-

1258 1404 1344 1442 xisti
1366 1403 1596 1456 supplicium,
1608 1403 1768 1455 legisque
1787 1417 1876 1455 opus
1895 1403 2067 1442 viaticum
2087 1403 2155 1440 tibi
2173 1403 2242 1440 fuit

1196 1488 1244 1515 [Μ
1258 1464 1302 1502 ad
1325 1466 1494 1517 majorem
1515 1465 1698 1503 ultionem.

1207 1525 1232 1553 A

1310 1635 1348 1670 9.
1373 1634 1567 1682 Postquam
1597 1631 1708 1682 igitur
1733 1630 1896 1668 timorem
1924 1630 2048 1680 auxit,
2074 1639 2159 1668 tunc
2177 1644 2240 1676 ea,

1256 1707 1334 1743 quae
1355 1692 1401 1729 ad
1425 1692 1577 1758 glutiam
1595 1700 1770 1743 spectant,
1792 1690 1942 1734 inducit,
1962 1691 2151 1728 multum
2142 1705 2242 1742 inge-

1257 1767 1336 1790 rens
1366 1751 1583 1790 remissionis
1612 1759 1839 1803 peccatorum
1870 1750 2108 1799 desiderium,
2140 1760 2246 1800 atque

1255 1813 1340 1850 ait.
1363 1815 1426 1850 21.
1459 1814 1575 1850 Ilunc
1603 1820 1733 1849 autem
1763 1814 1846 1848 sine
1877 1811 1959 1862 lege
1978 1813 2137 1863 justztia
2168 1813 2245 1849 Dei

1255 1875 1509 1925 manifestata
1529 1881 1595 1911 est.
1614 1874 1784 1923 Magnam
1813 1872 1871 1909 hic
1890 1886 1966 1908 rem
1983 1872 2129 1923 profert,
2150 1872 2245 1909 mul-

1251 1942 1358 1984 taque
1376 1933 1584 1985 probatione
1605 1947 1694 1984 opus
1715 1933 1920 1970 habentem.
1948 1932 1986 1969 Si
2007 1932 2101 1969 enim
2120 1932 2160 1982 ii,
2183 1933 2244 1983 qui

1250 1994 1285 2031 in
1305 1994 1382 2045 lege
1399 1993 1580 2039 vixerunt,
1602 2007 1674 2030 non
1694 1992 1802 2030 modo
1822 1992 2043 2044 supplicium
2063 2006 2132 2030 non
2152 1994 2243 2030 effu-

1251 2063 1390 2107 gerunt,
1407 2054 1467 2092 sed
1485 2063 1517 2091 et
1533 2053 1695 2105 graviori
1707 2053 1805 2105 plexi
1824 2061 1919 2099 sunt,
1935 2053 2113 2104 quomodo
2129 2063 2243 2105 potest

1203 2140 1226 2169 B
1251 2115 1326 2153 sine
1343 2115 1421 2165 lege
1441 2128 1509 2151 non
1530 2113 1636 2151 modo
1656 2113 1874 2165 supplicium
1893 2114 2028 2164 effugi,
2053 2114 2115 2152 sed
2135 2114 2242 2152 etiam

1247 2176 1387 2228 justitia
1404 2175 1570 2225 acquiri?
1590 2177 1670 2212 Duo
1690 2175 1750 2220 bic
1770 2189 1908 2212 summa
1927 2175 2066 2226 posuit,
2087 2184 2119 2212 et
2135 2175 2242 2227 justi-

1251 2236 1378 2285 ficari,
1412 2245 1446 2273 et
1469 2235 1543 2273 sine
1571 2235 1648 2285 lege
1665 2234 1743 2271 haec
1773 2234 1866 2271 bona
1891 2235 2042 2285 assequi.
2062 2235 2145 2272 Ideo
2172 2250 2241 2273 non

1251 2296 1475 2348 simpliciter,
1493 2295 1651 2345 Justitia,
1671 2295 1767 2332 dixit
1787 2311 1794 2331 :
1815 2294 1892 2343 sed,
1913 2296 2076 2333 Justitia
2089 2298 2166 2334 Dei
2179 2315 2193 2343 ;
2222 2312 2241 2334 a

1251 2358 1426 2409 dignitate
1455 2371 1613 2410 personae
1646 2357 1762 2408 majus
1805 2356 1991 2394 ostendens
2019 2356 2174 2404 donum,
2208 2367 2242 2395 et

1250 2419 1521 2472 promissionem
1544 2417 1685 2470 impleri
1711 2432 1813 2470 posse
1834 2417 2076 2456 demonstrans
2097 2434 2104 2455 ε
2122 2420 2240 2456 omnia

1250 2480 1384 2532 quippe
1415 2480 1483 2533 ipsi
1506 2479 1688 2531 possibilia
1723 2487 1817 2516 sunt.
1843 2480 1965 2529 Neque
1995 2477 2108 2528 dixit,
2147 2481 2236 2517 Data

1250 2551 1300 2579 est
1315 2558 1326 2592 3
1359 2542 1434 2590 sed,
1464 2542 1728 2591 ,Manifestum
1755 2548 1836 2587 est,
1868 2539 2108 2577 innovationis
2133 2555 2238 2578 accu-

1250 2603 1420 2641 sationem
1439 2615 1597 2639 resecans
1628 2615 1636 2636 :
1669 2614 1750 2637 nam
1772 2599 1868 2650 quod
1890 2600 2154 2638 manifestatum
2173 2612 2235 2649 est,

1251 2673 1284 2700 et
1311 2672 1412 2701 vetus
1433 2671 1466 2700 et
1492 2660 1741 2698 absconditum
1760 2661 1869 2697 fuisse
1886 2659 2096 2697 declaratur.
2114 2662 2237 2712 Neque

1250 2722 1318 2758 hoc
1345 2721 1458 2758 solum
1475 2749 1487 2769 7
1512 2718 1572 2756 sed
1607 2718 1713 2755 etiam
1737 2717 1915 2768 sequentia
1942 2717 2131 2756 ostendunt
2165 2720 2235 2758 hoc

1201 2800 1224 2830 C
1250 2795 1383 2819 novum
1417 2794 1486 2817 non
1522 2793 1606 2816 esse.
1637 2779 1727 2815 Cum
1763 2777 1857 2814 enim
1889 2777 2068 2827 dixisset,
2095 2780 2233 2816 Mani-

1238 2847 1395 2897 festata
1422 2852 1490 2889 est,
1527 2841 1739 2893 subjunxit,
1777 2840 2001 2892 Testificata
2031 2854 2057 2877 α
2083 2841 2166 2892 lege
2191 2850 2229 2878 et

1249 2909 1461 2960 prophetis.
1496 2905 1653 2954 Etenim,
1676 2918 1718 2941 ne
1734 2903 1818 2954 quia
1837 2918 1932 2941 nunc
1959 2903 2041 2941 data
2069 2913 2134 2954 est,
2170 2904 2231 2942 in—

1250 2969 1341 3020 quit,
1366 2982 1456 3006 neve
1473 2967 1572 3017 quasi
1595 2979 1649 3003 res
1668 2979 1758 3002 nova
1779 2973 1814 3001 et
1830 2964 2013 3016 peregrina
2033 2965 2090 3013 sit,
2109 2965 2232 3002 turbe-

1249 3031 1298 3068 ris
1323 3046 1330 3065 :
1352 3030 1427 3081 jam
1455 3028 1542 3077 olim
1571 3026 1666 3064 enim
1694 3025 1792 3062 illam
1821 3033 1854 3062 et
1888 3024 1948 3062 lex
1983 3033 2017 3062 et
2051 3025 2233 3077 prophetae

1250 3091 1507 3143 praedixerunt.
1556 3088 1603 3125 Et
1644 3087 1713 3124 alia
1752 3086 1894 3136 quidem
1945 3086 2022 3137 jam
2067 3086 2234 3137 probavit

1252 3153 1319 3190 hoc
1337 3159 1559 3202 argumento,
1589 3148 1658 3185 alia
1680 3147 1892 3199 probaturus
1917 3155 1990 3194 est;
2018 3146 2054 3183 in
2073 3146 2234 3198 superio-

1253 3214 1351 3251 ribus
1362 3212 1529 3249 Haliacuc
1543 3209 1722 3247 adducens
1736 3207 1910 3244 dicentem
1923 3222 1930 3242 :
1943 3208 2078 3245 Justus
2094 3208 2233 3259 exfide
2247 3214 2368 3244 Romi.
2385 3222 2430 3249 ¹7·

1230 3325 1302 3363 πρὸς
1319 3324 1415 3353 καινὸν
1429 3323 1475 3351 κἰὶ
1494 3321 1571 3356 ξένον
1581 3325 1708 3361 πρᾶγμα
1718 3341 1725 3354 ‚
1742 3325 1842 3356 quam
1851 3324 1963 3346 veram
1976 3324 2043 3346 esse
2056 3313 2233 3347 lectionem

1230 3382 1327 3402 nemo
1345 3368 1486 3401 dubitet.
1507 3366 1566 3406 [A.
1586 3371 1622 3405 ὼς
1644 3374 1739 3400 καινάν
1755 3381 1782 3398 κ.
1804 3381 1830 3399 τ.
1851 3366 1904 3407 L]
