2466 3805
644 235 688 264 IN
723 236 837 266 ACTA
872 236 1217 267 APOSTOLORUM.
1257 236 1415 266 nomiL.
1455 237 1597 267 xxxn.

2074 225 2164 284 273

1181 325 1277 367 sunt,
1294 317 1421 355 vetulae
1445 317 1551 355 ebriae
1564 326 1598 355 et
1616 315 1805 364 indecorae,
1827 329 1950 355 eorum
1972 317 2034 368 qui
2051 314 2272 354 soi=11111¹'³¹¹¹³³
2312 314 2372 341 ¹⁵¹¹·

2142 378 2149 385 ,
2182 364 2241 390 gum
2270 355 2374 381 mulie-

1179 378 1415 428 srequentant‚
1436 378 1583 416 lenonis.
1601 378 1702 417 Nihil
1723 378 1863 430 turpius
1884 378 1942 416 his
1960 378 2095 429 verbis,
2115 393 2168 416 m-
2183 396 2234 421 bs„
2284 396 2373 429 quid-

1180 437 1233 475 hil
1249 439 1329 477 viro
1346 439 1541 490 indignius,
1566 439 1660 477 nihil
1682 439 1905 488 muliebrius,
1920 454 2027 489 quam
2048 439 2083 477 in
2099 439 2169 477 lin-
2184 436 2249 462 ‘¹⁴¹⁰'
2267 441 2321 462 ⁰⁵¹·

93 314 151 352 ἐπὶ
169 313 299 355 τούτοις
329 312 475 357 πολλοὺς
503 320 660 366 γαυριᾷν.
682 315 723 354 Ἃ
750 315 817 369 γὰρ
846 319 1045 355 ἀπειλοῦσιν
1078 318 1109 354 οἱ

93 374 235 419 πολλοὶ,
273 374 417 411 τοιαῦτά
457 375 575 411 ἔστιν·
611 377 648 413 οὐ
689 376 832 415 δύνασαι
862 379 1013 428 ἐνεγκεῖν
1045 376 1108 422 τὴν

93 433 254 485 γλῶσσάν
274 451 337 484 μου
350 465 359 481 ,
383 435 478 486 φησί.
497 437 662 479 Γυναικὸς
678 436 722 474 τὰ
741 437 880 488 ῥήματα
894 468 903 484 ,
923 437 1027 490 γραὸς
1043 453 1109 487 με·

94 493 257 541 θυούσης,
276 495 565 546 ἀσχημονούσης,
582 499 648 533 τῶν
670 498 724 533 ἐπ’
748 499 874 548 ἀγορᾶς
896 496 1107 548 συρομένων,

91 560 309 606 προαγωγοῧ.
340 555 451 594 Οὐδὲν
482 557 703 609 αἰσχρότερον
736 557 867 595 τούτων
895 560 961 595 τῶν
996 557 1110 608 ῥημά-

91 631 175 661 των,
197 615 291 653 οὐδὲν
321 616 579 669 ἀνανδρότερον,
599 617 696 655 οὐδὲν
720 618 1046 670 γυναικωδέστερον,
1073 619 1108 655 ἓν

90 678 133 726 τῇ
150 675 289 727 γλώττῃ
321 675 384 722 τὴν
413 676 511 728 ἰσχὺν
532 676 640 729 ἔχειν,
662 677 718 716 ἐπὶ
741 681 789 730 τῷ
817 680 984 730 λοιδορεῖν
1017 678 1107 728 μέγα

90 740 238 786 φρονεῖν,
260 736 418 789 καθάπερ
442 740 472 774 οἱ
490 739 524 774 ἐν
544 744 718 788 πομπαῖς,
739 738 898 790 καθάπερ
928 740 958 775 οἱ
979 743 1080 787 μῖμοι
1095 765 1104 782 ,

89 794 148 831 καὶ
170 796 381 846 παράσιτοι,
405 798 465 835 καὶ
493 798 648 841 κόλακες.
678 799 799 849 Χοῖροι
819 798 953 847 μᾶλλόν
976 800 1062 834 εἰσιν
1083 796 1105 840 ἢ

90 855 282 907 ἄνθρωποι,
300 857 372 895 ὅσοι
404 859 461 896 ἐπὶ
492 859 603 910 τούτῳ
623 858 860 907 σεμνύνονται.
885 857 970 895 Δέον
998 872 1106 894 κατο-

92 914 188 966 ρύξαι
210 917 347 965 σαυτὸν,
366 917 439 954 δέον
463 920 492 956 εἰ
512 918 572 956 καί
590 935 641 961 τις
660 918 775 970 ἕτερός
790 934 843 956 σοι
864 921 973 954 ταῦτα
991 919 1105 968 ἐμαρ-

87 975 181 1027 τύρει
197 1005 206 1022 ,
233 977 369 1029 φεύγειν
391 977 454 1024 τὴν
477 978 668 1030 μαρτυρίαν
691 981 736 1021 ὡς
755 977 896 1030 ἐχθρὰν,
912 977 972 1014 καὶ
1000 977 1104 1015 ἄναν-

87 1037 187 1088 δρον·
205 1037 246 1075 σὺ
271 1039 306 1076 δὲ
340 1038 446 1090 κήρυξ
472 1038 604 1091 ὕὸρεων
634 1038 788 1089 γέγονας.
806 1037 898 1076 Ἀλλ’
928 1037 1022 1075 οὐδὲν
1046 1037 1104 1075 τὸν

86 1101 202 1141 κακῶς
221 1098 389 1136 ἀκούοντα
415 1098 545 1149 βλάψαι
566 1098 708 1149 δυνήσῃ.
725 1098 788 1136 Διὸ
809 1100 1004 1150 παρακαλῶ
1020 1128 1029 1144 ,
1051 1099 1106 1135 ἓν-

85 1157 270 1204 νοήσαντες
286 1157 348 1204 ὅση
368 1161 389 1202 ἦ
407 1157 513 1195 κακία
529 1187 539 1205 ,
553 1157 606 1196 ὅτι
622 1158 681 1195 καὶ
701 1160 943 1209 ε’γκαυχῶνται
960 1159 1104 1206 πολλοὶ,

85 1216 333 1268 ἀνανήψωμεν,
350 1217 620 1268 διορθωσώμεθα
642 1217 719 1261 τοὺς
738 1217 826 1255 οὕτω
857 1218 1104 1269 μαινομένους,

86 1277 261 1327 ἀνέλωμεν
275 1281 384 1315 ταῦτα
405 1280 443 1316 ἐκ
461 1282 523 1325 τῆς
541 1277 675 1322 πόλεως
693 1279 737 1317 τὰ
762 1279 939 1331 συνέδρια,
961 1281 1105 1318 καλλω-

84 1337 241 1387 πίσωμεν
276 1340 376 1388 ἡμῶν
413 1337 475 1384 τὴν
509 1341 680 1389 γλῶτταν,
714 1340 830 1386 πάσης
863 1339 878 1359 b
893 1340 1105 1392 κακηγορίας

84 1398 351 1450 ἀπαλλάξωμεν,
362 1399 418 1436 ἵνα
432 1400 631 1450 δυνηθῶμεν
649 1400 895 1452 καθαρεύοντες
908 1405 975 1439 τῶν
992 1404 1104 1454 ἁμαρ-

81 1460 263 1509 τημάτων,
281 1460 345 1506 τὴν
362 1461 491 1498 ἄνωθεν
507 1460 641 1499 εὔνοιαν
662 1462 944 1511 ἐπισπάσασθαι,
964 1465 1023 1502 καὶ
1043 1468 1105 1511 τῆς

81 1520 178 1572 παρὰ
196 1524 254 1558 τοῦ
273 1523 364 1560 Θεοῦ
383 1522 642 1574 φιλανθρωπίας
663 1522 868 1571 ἀξιωθῆναι,
894 1524 1015 1576 χάριτι
1044 1525 1104 1563 καὶ

83 1583 274 1632 οἷκτιρμοῖς
292 1586 352 1620 τοῦ
372 1584 587 1634 Μονογενοῧς
604 1583 708 1620 αὖτᾶῦ
723 1613 733 1630 ,
754 1586 829 1634 μεθ’
850 1578 887 1621 οῧ
909 1588 958 1636 τῷ
988 1585 1105 1637 Πατρὶ

83 1643 158 1693 ἅμα
177 1646 226 1695 τῷ
244 1644 331 1696 ἁγίῳ
349 1644 530 1694 Πνεύματι
546 1644 646 1692 δόξα,
667 1644 791 1697 κράτος
805 1676 814 1693 ,
831 1645 916 1696 τιμὴ
931 1677 942 1694 ,
962 1651 1020 1685 νῦν
1045 1648 1105 1686 καὶ

83 1703 157 1751 ἀεὶ,
179 1704 237 1742 καὶ
251 1707 299 1747 εἷς
317 1704 396 1748 τοὺς
414 1707 541 1748 αἰῶνας
559 1707 626 1743 τῶν
653 1705 803 1745 αἰώνων.
821 1706 946 1758 Ἀμήν.

127 1824 142 1847 b
167 1823 221 1856 Sic
236 1824 312 1856 Mss‚
326 1824 418 1857 Editi
435 1830 627 1871 κατηγορίας.

451 2061 594 2098 ΟΜΙΛΙ
603 2061 631 2097 Α
660 2059 727 2098 26¹.

79 2184 259 2235 Διέτριὲον
281 2184 317 2223 ’δὲ
338 2187 428 2231 ἐκεῖ,
452 2185 558 2237 φησὶ,
579 2187 702 2237 χρόνον
725 2187 786 2223 οὐκ
803 2185 917 2237 ὀλίγον
946 2186 1007 2224 σὺν
1028 2193 1100 2229 τοῖς

130 2249 312 2292 μαθηταῖς.
331 2245 500 2289 Καίτινες
516 2247 737 2289 κατελθόντες
756 2247 825 2284 ἀπὸ
838 2250 899 2293 τῆς
917 2247 1098 2294 Ἰουδαίας,

136 2306 201 2319 *xlx

130 2318 307 2344 ε-οιοασκον
324 2306 401 2349 τοὺς
419 2306 602 2357 ἀδελφοὺς,
618 2306 672 2345 ὅτι
692 2306 749 2344 ἐὰν
774 2306 821 2357 μὴ
846 2309 1099 2359 περιτέμνησθε

129 2369 179 2417 τῷ
199 2366 266 2404 ἔθει
287 2365 485 2416 Μωϋσέως,
504 2367 541 2404 οὖ
564 2366 709 2404 δύνασθε
729 2370 894 2414 σωθῆναι.

129 2550 226 2604 ’Όρα
263 2556 443 2603 πανταχοῦ·
475 2554 538 2598 τῆς
573 2555 621 2595 εἰς
655 2553 700 2591 τὰ
732 2553 810 2602 ἔθνη
845 2556 1100 2606 ἐιμεταὸάσεως

76 2611 268 2661 ἀναγκαίαν
291 2611 353 2658 τὴν
383 2611 494 2663 ἀρχὴν
524 2614 584 2650 ἀπ’
606 2615 717 2651 αὐτῶν
745 2615 987 2666 εἰσαγομένην.
1022 2616 1100 2668 Πρὸ

75 2671 193 2709 τούτου
215 2672 465 2722 ἐγκαλούμενος
485 2674 728 2725 ἀπελογήσατο
741 2705 751 2722 ,
771 2675 831 2713 καὶ
853 2678 887 2713 ἐν
907 2676 1001 2720 τάξει
1017 2678 1100 2715 ἀπο-

75 2731 192 2782 λογίας
213 2732 251 2770 τὸ
279 2739 347 2770 πᾶν
369 2726 482 2771 εἶπεν·
511 2733 596 2786 ὅπερ
624 2735 877 2786 εὐπαράδεκτον
909 2737 968 2775 τὸν
999 2739 1098 2789 λόγον

74 2794 203 2832 ἐποίει·
224 2793 345 2831 ἔπειτα
364 2797 431 2831 τῶν
462 2793 637 2833 Ἰουδαίων
658 2794 962 2849 ἀποστραφέντων,
991 2798 1100 2841 οὕτως

74 2848 176 2899 ἦλθεν
206 2855 252 2896 εἰς
273 2854 317 2892 τὰ
339 2854 429 2901 ἔθνη.
449 2856 622 2892 Ἐνταῦθα
655 2855 761 2894 πάλιν
790 2856 899 2904 ἄλλην
931 2858 1097 2910 ἀμετρίαν

73 2916 162 2966 ὁρῶν
176 2915 380 2967 φερομένην,
396 2915 501 2960 οὕτως
513 2915 630 2962 ἵστησι
645 2917 701 2954 τὀν
718 2917 837 2968 νόμον.
856 2918 1002 2965 Ἐπειδὴ
1016 2919 1097 2971 γὰρ,

75 2974 134 3012 ἅτε
153 2975 249 3026 παρὰ
264 2981 322 3014 τοῦ
342 2978 433 3015 Θεοῦ
449 2976 665 3028 διδαχθέντες
678 3009 686 3024 ,
706 2978 901 3031 ἀδιαφόρως
923 2980 1095 3031 διελέγον-

74 3050 113 3071 το
133 3040 242 3081 πᾶσι,
270 3040 370 3073 τοῦτο
389 3038 436 3079 εἰς
457 3039 558 3083 ζῆλον
579 3037 688 3089 ἤγαγε
708 3037 787 3082 τοὺς
808 3039 876 3077 ἀπὸ
904 3040 1096 3078 Ἰουδαίων.

75 3093 145 3131 Καὶ
164 3096 226 3131 οὐκ
245 3095 424 3134 ἐδίδασκον
463 3097 582 3141 ἁπλῶς
602 3097 810 3151 περιτομὴν,
840 3101 916 3137 ἀλλ’
945 3099 999 3138 ὅτι
1023 3099 1099 3138 οὐδὲ

74 3158 229 3200 σωθῆναι
252 3155 406 3195 δύνασθε.
428 3151 481 3195 Οῧ
501 3159 699 3197 τούναντίον
722 3158 880 3210 εὔκαιρον
899 3154 941 3206 ἦν
968 3161 1096 3211 λέγειν,

73 3216 127 3254 ὅτι
146 3215 428 3267 περιτεμνόμενοι
457 3222 611 3266 σωθῆναι
633 3222 670 3258 οὐ
700 3220 857 3259 δύνασθε.
878 3220 988 3273 (Ορᾷς
1018 3238 1098 3260 συν-

75 3288 164 3333 εχεῖς
183 3281 260 3325 τοὺς
279 3283 491 3333 πειρασμοὺς
511 3285 656 3336 ἔνδοθεν,
674 3287 817 3337 ἔξωθεν,
842 3290 969 3333 Καλῶς
989 3288 1023 3328 δὲ
1041 3291 1096 3327 οἷ-

118 3413 132 3426 a
157 3400 216 3432 Alii
234 3401 282 3442 [Av
301 3402 335 3432 B·
353 3401 610 3446 C.]810,0O<,3v÷0›;.

1118 1438 1164 1464 228

1181 513 1250 550 gua
1281 500 1389 537 robur
1414 500 1562 549 habere,
1585 501 1620 537 in
1648 500 1817 538 conviciis
1841 501 1954 537 altum
1983 515 2114 552 sapere,
2132 510 2171 538 ut

1181 560 1205 597 ii
1225 561 1286 611 qui
1305 561 1340 598 in
1363 562 1504 613 pompis
1524 571 1647 613 agunt,
1665 572 1704 600 ut
1726 562 1839 615 mimi,
1862 562 2019 614 parasiti,
2036 562 2165 600 adula-

1179 628 1284 657 tores.
1306 621 1407 658 Porci
1426 622 1553 672 magis,
1568 637 1675 672 quam
1690 622 1850 659 homines
1864 632 1959 671 sunt,
1972 623 2033 673 qui
2050 623 2094 660 de
2110 632 2165 660 ta-

1178 679 1273 716 libus
1292 681 1500 730 gloriantur.
1521 683 1611 718 Cum
1628 692 1804 734 oporteret
1819 683 1970 734 teipsum
1989 682 2166 731 defodere,

1179 753 1259 776 cum
1288 750 1475 791 oporteret,
1493 742 1522 777 si
1541 742 1620 790 quis
1640 756 1678 778 ea
1698 743 1763 778 tibi
1785 743 2046 790 testificaretur,
2064 744 2168 781 testi-

1130 803 1154 831 E
1177 800 1337 836 monium
1357 801 1480 851 fugere
1496 801 1597 850 quasi
1619 801 1806 838 inimicum
1825 812 1857 839 et
1876 817 1945 840 non
1967 804 2073 842 virile
2098 820 2106 840 :
2129 813 2169 841 tu

1176 872 1260 895 vero
1274 873 1390 910 praeco
1402 860 1696 897 contumeliarum
1710 875 1759 897 es.
1775 861 1847 898 Sed
1861 862 1951 899 nihil
1965 863 2090 900 laedere
2105 878 2169 915 po-

1179 918 1262 955 teris
1278 932 1373 966 eum,
1395 919 1456 970 qui
1482 919 1574 957 male
1596 920 1707 957 audit.
1729 921 1973 968 Quamobrem
1991 937 2089 973 rogo,
2110 937 2169 960 co-

1179 978 1331 1029 gitantes
1358 989 1489 1030 quanta
1515 980 1560 1017 sit
1579 980 1750 1031 nequitia,
1767 980 1812 1018 de
1835 995 1905 1031 qua
1923 991 1957 1018 et
1973 981 2173 1031 gloriantur

1177 1039 1335 1089 quidam,
1351 1040 1611 1092 resipiscamus,
1623 1041 1849 1079 emendemus
1869 1055 1926 1078 eos
1937 1042 1997 1091 qui
2012 1042 2063 1079 sic
2076 1042 2172 1079 insa-

1176 1100 1291 1148 niunt,
1307 1101 1533 1139 eliminemus
1547 1117 1564 1140 e
1576 1102 1718 1141 civitate
1730 1102 1795 1139 hos
1807 1117 1999 1150 consessus,
2008 1103 2169 1154 linguam

1144 1182 1150 1191 =
1177 1176 1342 1200 ornemus
1359 1173 1530 1214 nostram,
1541 1174 1573 1202 et
1589 1165 1633 1201 ab
1647 1164 1743 1202 omni
1758 1164 1949 1202 maledieto
1966 1165 2170 1208 liberemus,

1176 1233 1216 1262 ut
1233 1225 1411 1276 possimus
1427 1240 1446 1262 a
1464 1227 1616 1277 peccatis
1632 1226 1788 1278 purgati,
1806 1240 1998 1278 supernam
2015 1227 2170 1265 benevo-

1175 1285 1319 1323 lentiam
1336 1286 1437 1323 nobis
1455 1287 1656 1336 conciliare,
1674 1296 1707 1324 et
1723 1287 1788 1324 Dei
1806 1286 1991 1324 clementia
2011 1286 2169 1337 dignari,

1174 1347 1288 1397 gratia
1314 1356 1347 1384 et
1376 1346 1665 1385 miserationibus
1695 1347 1880 1399 Unigeniti
1907 1348 1995 1399 ejus,
2020 1347 2168 1397 quicum

1177 1406 1274 1445 Patri
1300 1415 1334 1443 et
1353 1406 1504 1458 Spiritui
1528 1417 1647 1444 sancto
1672 1407 1797 1458 gloria,
1818 1408 2020 1459 imperium,
2037 1408 2165 1457 bonor,

1130 1476 1156 1504 A
1178 1481 1271 1506 nunc
1290 1475 1323 1504 ct
1340 1481 1488 1519 semper,
1500 1476 1533 1505 et
1548 1467 1583 1505 in
1601 1468 1729 1506 saecula
1747 1468 1970 1506 saeculorum.
1990 1469 2114 1506 Amen.

1466 2065 1681 2104 HOMILIA
1711 2066 1870 2106 XXXII.

1171 2200 1206 2224 v.
1225 2189 1288 2225 97.
1307 2189 1456 2226 Morati
1475 2198 1565 2227 sunt
1584 2197 1713 2227 aulem
1736 2192 1790 2227 ibi
1817 2198 1963 2242 tempus
1985 2204 2060 2227 non
2085 2204 2164 2228 mo-

1224 2249 1352 2286 dicum
1379 2263 1465 2287 cum
1487 2251 1697 2302 discipulis.
1714 2253 1749 2289 1.
1762 2253 1816 2288 Et
1832 2253 1991 2303 quidam
2011 2253 2163 2289 descerz-
2179 2267 2252 2296 cip.
2278 2278 2326 2297 xv,

1224 2309 1356 2347 dentes
1380 2311 1428 2347 de
1460 2311 1616 2360 Judoea,
1647 2312 1839 2349 docebant
1863 2313 2008 2363 fratres
2029 2328 2039 2347 :
2065 2313 2165 2362 Quia

1225 2372 1301 2407 nisi
1315 2372 1650 2408 circumcidamini
1664 2373 1875 2410 secundum
1891 2386 2034 2410 morem
2048 2374 2117 2410 Mo
2114 2387 2165 2421 y-

1224 2432 1289 2477 sis,
1311 2444 1388 2467 non
1398 2434 1557 2482 potestis
1569 2432 1728 2469 salvari.

1226 2556 1260 2590 1.
1290 2553 1385 2594 Vide
1406 2554 1538 2605 ubique
1558 2554 1747 2592 transitum
1767 2554 1812 2592 ad
1832 2564 1952 2606 gentes
1967 2555 2162 2593 necessario

1171 2616 1343 2655 aJudaeis
1369 2617 1571 2655 inductum.
1589 2617 1747 2655 Antehac
1776 2627 1960 2655 accusatus
1989 2618 2162 2655 rationem

1169 2676 1354 2727 reddebat,
1372 2687 1406 2715 et
1427 2677 1627 2715 excusantis
1653 2691 1751 2715 more
1783 2678 1901 2715 omnia
1930 2678 2161 2728 loquebatur;

1170 2737 1208 2774 id
1239 2737 1334 2787 quod
1367 2752 1563 2775 sermonem
1596 2738 1710 2789 magis
1747 2747 1932 2790 acceptum
1969 2737 2159 2786 reddebat;

1169 2797 1297 2835 deinde
1316 2798 1450 2837 Judaeis
1470 2798 1732 2845 aversantibus,
1750 2798 1847 2837 venit
1869 2798 1914 2836 ad
1934 2807 2067 2850 gentes.
2094 2799 2161 2836 Hic

1170 2860 1299 2897 iterum
1317 2859 1444 2899 videns
1463 2860 1571 2897 aliam
1587 2859 1864 2909 altercationem,
1888 2860 2002 2911 legem
2019 2861 2157 2898 statuit.

1171 2921 1264 2966 Quia
1293 2920 1387 2957 enim
1414 2929 1537 2973 utpote
1565 2935 1585 2957 a
1610 2922 1687 2958 Deo
1718 2919 1825 2969 docti,
1843 2920 2160 2957 indiscriminatim

1169 2981 1335 3020 omnibus
1351 2981 1597 3032 loquebantur,
1615 2981 1683 3018 hoc
1701 2980 1845 3020 Judaeos
1864 2981 1928 3031 qui
1947 2981 2094 3019 aderant
2113 2982 2161 3019 ad

1168 3042 1282 3080 zelum
1303 3042 1523 3094 provocavit.
1544 3043 1617 3079 Nec
1637 3042 1743 3079 modo
1771 3042 2076 3080 circumcisionem
2094 3042 2157 3081 do-

1168 3103 1313 3151 cebant,
1344 3103 1403 3141 sed
1434 3103 1540 3141 etiam
1566 3102 1640 3140 sine
1667 3102 1728 3139 illa
1753 3103 1901 3140 salutem
1930 3103 2054 3140 haberi
2089 3118 2159 3142 non

1166 3179 1270 3217 posse
1296 3164 1477 3203 (licebant.
1494 3165 1561 3202 Cui
1584 3163 1634 3202 rei
1667 3163 1841 3200 contraria
1868 3163 1994 3201 docere
2017 3174 2158 3216 oporte-

1168 3226 1240 3276 bat,
1260 3241 1386 3278 nempe
1413 3226 1441 3264 si
1467 3225 1789 3274 circumcidamini,
1811 3225 1962 3262 salutem
1990 3227 2159 3276 consequi

1166 3303 1235 3327 non
1251 3289 1407 3340 potestis.
1423 3287 1555 3328 Viden'
1574 3288 1770 3337 frequentes
1787 3287 1993 3325 tentationes
2013 3288 2106 3325 intus
2126 3298 2157 3326 ct

1120 3108 1143 3139 C
