2466 3805
292 226 374 272 152
746 241 784 269 5.

284 330 492 374 repetamus.
525 321 621 358 Cum
645 327 741 357 esset
764 319 902 369 plenus
928 318 1071 367 Spiritu
1104 323 1258 361 sancto,

286 384 487 421 intendens
527 385 569 419 in
615 380 750 418 coelum
768 409 781 425 ,
828 378 932 414 vidit
967 377 1133 427 gloriam
1163 376 1259 421 Dei,

286 454 323 482 et
356 445 490 482 Jesum
517 449 683 479 stantem
719 452 744 475 a
775 439 921 475 dextris
954 438 1055 483 Dei,
1101 444 1138 474 et
1174 438 1232 473 ait
1251 451 1262 471 .-

285 508 387 544 Ecce
418 503 529 541 video
557 501 670 538 coelos
710 507 871 550 apertos.
908 499 963 536 Et
992 500 1326 552 continueruntss5

285 578 396 603 aures
437 576 527 601 suas
550 591 562 611 ,
602 569 638 599 et
674 563 856 612 impetum
887 560 1071 611 fecerunt
1119 560 1263 596 unani—
1292 564 1317 592 A

283 629 393 663 miter
438 626 479 661 in
522 637 618 661 eum.
662 622 769 672 Atqui
813 620 989 672 quomodo
1030 620 1107 658 haec
1153 634 1263 657 accu-

281 686 413 724 satione
429 684 538 735 digna
554 683 681 721 erant?
702 686 867 721 Attamen
887 697 969 720 eum
985 712 996 732 ,
1030 681 1089 732 qui
1107 681 1193 718 talia
1211 681 1264 718 si-

283 761 352 797 gna
378 754 548 798 patrarat,
565 745 627 797 qui
649 759 769 782 omnes
787 745 897 783 verbo
927 744 1081 790 vicerat,
1100 743 1163 793 qui
1179 742 1266 780 talia

282 808 451 858 loquutus
467 815 554 854 erat,
575 805 750 858 rapientes
765 819 830 859 pro
847 804 963 842 lubito
985 805 1141 841 furorem
1160 817 1266 841 suum

283 868 533 920 impleverunt.
568 869 694 905 Testes
717 875 846 904 autem
865 867 1121 917 deposuerunt
1147 867 1264 902 vesti—

285 939 416 968 menta
429 943 536 968 secus
547 930 662 980 pedes
678 928 945 972 adolescentis,
966 929 1032 976 qui
1051 928 1267 963 vocabatur

285 992 438 1031 Saulus.
462 990 571 1040 Vide,
595 1004 703 1041 quam
726 998 888 1026 accurate
906 1002 985 1038 quae
1008 987 1161 1025 Paulum
1188 1001 1266 1038 spe-

286 1063 382 1092 ctant
408 1061 596 1102 recenseat,
618 1061 657 1088 111
677 1050 838 1089 ostendat
856 1050 923 1087 tibi
942 1062 1030 1101 opus
1052 1048 1119 1085 Dei
1136 1047 1170 1085 in
1190 1048 1267 1099 ipso

284 1124 404 1167 postea
424 1122 618 1166 peractum.
633 1111 779 1150 Interim
791 1124 876 1149 vero
891 1109 952 1147 ille
975 1122 1044 1146 non
1067 1107 1172 1146 modo
1197 1121 1266 1145 non

285 1176 412 1226 credit,
449 1175 512 1213 sed
539 1175 645 1212 etiam
677 1173 775 1211 mille
804 1170 1068 1209 homicidarum
1101 1168 1266 1206 manibus

283 1239 402 1290 ipsum
415 1237 555 1289 impetit
579 1253 586 1273 :
609 1235 688 1273 ideo
703 1233 796 1272 illud
810 1232 968 1270 indicans
986 1231 1073 1269 dicit
1096 1247 1103 1267 ε
1125 1232 1265 1269 Saulus

284 1307 412 1336 autem
440 1306 524 1335 erat
557 1298 798 1334 consentiens
820 1296 905 1331 neci
922 1295 1014 1346 ejus.
1035 1293 1113 1330 Non
1130 1291 1266 1344 simpli-
1295 1304 1314 1332 Β

283 1360 369 1398 01101
383 1368 522 1398 sanctus
536 1358 595 1396 bic
607 1365 785 1410 precatur,
801 1355 863 1393 sed
878 1368 959 1392 cum
969 1353 1172 1392 attentione.
1189 1355 1265 1391 Po-

282 1424 380 1468 sitis,
410 1421 538 1472 inquit,
567 1421 737 1471 genibus.
766 1416 872 1455 Unde
897 1430 992 1454 mors
1022 1416 1121 1453 illius
1142 1414 1265 1453 divina

281 1483 373 1520 facta
391 1491 442 1520 est
463 1497 471 1518 t
490 1495 574 1519 nam
591 1480 758 1518 hactenus
781 1477 967 1516 animabus
991 1476 1263 1524 concedebatur,

281 1552 321 1580 ut
338 1543 374 1581 in
391 1543 526 1581 inferno
541 1550 665 1579 essent.
690 1542 830 1578 Omnes
851 1546 979 1575 autem
1000 1538 1160 1588 dispcrsi
1175 1544 1265 1574 sunt

277 1618 347 1655 per
363 1607 535 1656 regiones
554 1603 585 1640 J
585 1603 703 1640 udoeoe
720 1608 757 1638 et
773 1600 970 1638 Samariae.
1002 1598 1144 1648 Absque
1168 1606 1264 1634 metu

81 1670 190 1700 nlanlz.
216 1679 261 1700 10.
281 1678 362 1702 011111
390 1664 551 1704 Samaria
570 1677 605 1700 se
623 1660 862 1705 commiscent,
888 1659 949 1709 qui
982 1658 1169 1696 audierant
1187 1674 1194 1694 :
1215 1661 1265 1696 In

78 1709 107 1738 5.

279 1729 390 1763 ‘viam
414 1727 587 1778 gentium
609 1737 656 1760 ne
678 1723 861 1759 abieritis.
880 1721 1031 1757 Proeter
1052 1719 1262 1770 apostolos,

278 1788 394 1838 inquit
408 1803 420 1836 3
441 1785 626 1825 ostendens
640 1783 733 1832 illos,
752 1791 792 1820 ut
805 1781 856 1819 510
870 1782 892 1820 J
897 1780 1014 1818 udaeos
1030 1780 1262 1830 adducerent,

276 1849 457 1887 civitatem
484 1861 552 1884 non
574 1845 782 1895 reliquisse,
807 1843 882 1880 sive
907 1840 1028 1890 etiam,
1053 1849 1092 1877 ut
1119 1841 1199 1878 aliis
1219 1841 1263 1878 fi-

275 1910 389 1948 duciae
408 1917 565 1947 auctores
583 1915 708 1945 essent.
729 1907 764 1943 5.
777 1904 918 1943 Saulus
931 1911 1062 1940 autem
1081 1904 1263 1940 devasta-

276 1974 345 2009 bat
362 1971 594 2015 Ecclesiam,
618 1981 688 2020 per
707 1967 839 2003 domos
860 1967 1028 2013 intrans,
1050 1972 1087 2000 et
1105 1965 1263 2001 trahens

275 2035 384 2070 viros
400 2040 436 2069 et
451 2032 643 2076 mulieres,
674 2028 854 2066 tradebat
867 2028 909 2063 in
925 2025 1152 2063 custodiam.
1180 2026 1262 2062 Ma-
1287 2029 1311 2059 C

275 2107 364 2144 gnus
382 2094 495 2142 furor,
516 2101 549 2130 et
564 2090 660 2142 quod
677 2090 773 2127 solus
792 2096 894 2136 esset,
915 2095 947 2125 et
967 2085 1063 2137 quod
1082 2085 1118 2122 in
1136 2085 1261 2124 domos

276 2154 440 2191 intraret:
459 2153 509 2189 ita
527 2151 683 2189 animam
710 2161 813 2187 suam
835 2160 900 2198 pro
918 2147 996 2196 lege
1017 2146 1140 2184 dabat.
1167 2148 1200 2183 T
1198 2161 1261 2184 ra-

276 2216 384 2260 loens,
406 2212 536 2263 inquit,
554 2215 661 2249 viros
681 2218 718 2247 et
736 2209 926 2246 mulieres.
942 2206 1038 2245 Vide
1063 2206 1260 2256 licentiam,

277 2276 527 2315 contumeliam
555 2283 588 2312 et
618 2271 803 2311 insaniam.
835 2270 981 2317 Omnes,
1003 2268 1064 2318 qui
1083 2268 1120 2305 in
1140 2282 1264 2306 manus

278 2352 358 2376 suas
377 2337 595 2385 incidebant,
611 2334 711 2372 mille
736 2330 912 2369 afficiebat
938 2328 1057 2378 malis,
1079 2338 1201 2380 utpote
1219 2329 1265 2366 ab

278 2402 346 2438 1130
366 2413 450 2438 11000
473 2397 641 2436 audacior
664 2395 790 2432 factus.
809 2393 848 2430 4.
871 2393 996 2442 Igitur
1017 2392 1086 2442 qui
1106 2391 1268 2441 dispersi

282 2470 416 2510 erant,
458 2459 701 2502 transibant,
743 2452 1055 2504 evangelizantes
1091 2453 1265 2488 verbum.

282 2527 319 2563 5.
343 2523 548 2574 Philippus
577 2527 706 2556 autem
738 2514 968 2552 descendens
1000 2515 1042 2549 in
1071 2515 1267 2549 civitatem

280 2587 480 2630 Samariae,
498 2580 735 2634 praedicabat
755 2576 836 2613 illis
855 2575 1063 2612 Christum.
1077 2574 1113 2611 6.
1134 2575 1266 2610 Inten-

283 2649 425 2685 debant
457 2653 585 2682 autem
614 2641 733 2678 turboe
763 2636 1000 2674 unanimiter
1033 2635 1094 2679 iis,
1131 2647 1216 2684 quoe
1243 2647 1266 2670 a
1293 2641 1315 2669 1)

285 2708 466 2759 Philippo
491 2705 733 2745 dicebantur,
757 2697 956 2735 audientes
971 2702 1005 2731 et
1026 2694 1204 2731 videntes
1217 2697 1267 2732 si-

282 2783 374 2821 gna,
407 2782 490 2820 quoe
511 2764 695 2817 faciebat.
716 2761 752 2798 7.
775 2757 816 2795 A
838 2757 969 2794 multis
992 2757 1095 2792 enim
1120 2768 1264 2804 eorum,

284 2833 350 2884 qui
381 2829 576 2868 habebant
607 2825 761 2875 spiritus
794 2817 1026 2862 immundos,
1053 2816 1268 2854 clamantes

283 2906 380 2930 voce
392 2901 535 2941 magna
547 2886 705 2924 exibant
723 2898 733 2917 .-
754 2879 791 2918 8.
818 2878 931 2915 multi
955 2880 1072 2914 etiam
1103 2877 1268 2928 paraly-

285 2956 350 2991 tici
377 2961 414 2990 et
443 2949 575 2988 claudi
600 2945 725 2983 curati
756 2948 858 2979 sunt.
882 2939 920 2976 9.
946 2940 1189 2989 Factumque
1214 2947 1271 2975 est

281 3015 467 3066 gaudium
499 3019 684 3059 magnum
709 3006 750 3040 in
778 3002 851 3038 illa
874 3002 1042 3037 civitate.
1063 3000 1130 3035 Vir
1142 3008 1270 3036 autem

284 3076 444 3127 quidam
465 3072 619 3109 nomine
644 3066 788 3109 Simon,
809 3064 874 3113 qui
892 3068 984 3097 ante
1008 3067 1091 3096 erat
1110 3062 1151 3096 in
1175 3062 1269 3096 civi-

285 3145 363 3173 tate
399 3145 547 3184 magus,
583 3128 765 3166 seducens
793 3130 944 3175 gentem
975 3120 1174 3165 Samariae,
1204 3120 1267 3155 di-

285 3210 372 3235 cens
394 3209 433 3233 se
451 3207 530 3231 esse
549 3191 719 3241 aliquem
738 3196 920 3235 magnum
934 3197 944 3216 .·
959 3181 1019 3217 10.
1033 3182 1094 3218 cui
1105 3180 1264 3216 auscul—

286 3261 422 3296 tabant
441 3266 568 3293 omnes
590 3265 614 3288 a
635 3251 792 3287 minimo
814 3257 932 3295 usque
955 3242 1008 3279 ad
1034 3243 1259 3286 maximum,

1123 3374 1288 3409 {tosto-mo,

331 3398 343 3412 ἕ*
361 3386 455 3419 Idem
475 3388 695 3424 {mirsia-:nom
717 3384 813 3421 ὥσπερ
842 3379 1005 3419 εἱληρότες,
1024 3377 1094 3416 ὅπερ

822 239 1006 268 JOANMS
1041 236 1284 266 CHRYSOST.
1324 237 1528 266 ARCHIEP.
1565 238 1920 268 CONSTANTINOP-

1339 315 1455 366 ἁγίου,
1477 315 1634 359 ἀτενίσας
1654 319 1701 360 εἷς
1717 317 1774 355 τὸν
1795 319 1953 369 οὐρανὸν,
1968 313 2037 356 εἶδε
2054 318 2149 363 δόξαν
2170 320 2261 356 Θεοῦ
2275 349 2285 365 ,
2300 318 2360 356 καὶ

1339 377 1476 422 Ἰησοῦν
1498 379 1632 414 ἑστῶτα
1656 380 1695 415 ἐκ
1721 377 1838 421 δεξιῶν
1859 384 1917 416 τοῦ
1937 381 2047 427 Θεοῦ,
2075 379 2134 417 καὶ
2155 373 2265 416 εἶπεν·
2287 377 2359 416 ἰδοὺ

1340 440 1458 498 θεωρῶ
1489 437 1566 481 τοὺς
1594 437 1754 489 οὐρανοὺς
1771 439 2018 491 ἀνεῳγμένους.
2040 441 2111 479 Καὶ
2133 440 2295 491 συνέσχον
2315 438 2360 477 τὰ

1340 499 1414 534 ὠτα
1434 500 1558 545 αὐτῶν,
1577 498 1636 535 καὶ
1655 497 1824 550 ὥρμησαν
1837 501 2054 550 ὁμοθυμαδὸν
2070 502 2124 539 ἐπ’
2143 500 2256 538 αὐτόν.
2273 499 2360 537 Καί-

1340 573 1393 596 τοι
1421 562 1486 596 ποῦ
1505 564 1616 597 ταῦτα
1647 560 1857 613 κατηγορίας
1876 560 1972 607 ἄξια,
1996 563 2086 599 Ἀλλ’
2107 561 2200 612 ὅμως
2219 561 2275 598 τὸν
2296 577 2361 607 ση-

1341 625 1423 669 μεῖα
1441 624 1585 658 τοιαῦτα
1602 624 1651 672 τῷ
1668 620 1761 673 λόγῳ
1783 622 2030 673 ἐργασάμενον,
2047 623 2104 661 τὸν
2119 623 2256 661 πάντων
2277 637 2361 673 κρα-

1340 684 1464 717 τοῦντα
1491 683 1540 733 τῷ
1568 680 1681 733 λόγῳ,
1717 682 1774 720 τὸν
1809 686 1954 720 τοιαῧτα
1981 682 2267 734 3διαλεγόμενον,
2297 685 2360 721 λα-

1342 741 1458 785 ἕόντες
1482 741 1602 793 ὥσπερ
1637 743 1838 789 ἐὸούλοντο,
1873 743 1962 781 οὕτω
1992 743 2049 780 τὸν
2079 743 2185 793 θυμὸν
2203 743 2260 781 τὸν
2282 746 2362 781 ἑαυ-

1340 806 1408 840 τῶν
1428 803 1610 856 ἐπλήρουν.
1631 806 1677 842 Οἱ
1705 802 1739 841 δὲ
1766 803 1935 856 μάρτυρες
1966 803 2131 842 ἀπέθεντο
2161 803 2206 841 τὰ
2239 803 2363 854 ἱμάτια

1342 865 1451 900 αὐτῶν
1468 863 1565 915 παρὰ
1595 863 1672 908 τοὺς
1696 865 1803 908 πόδας
1831 864 1962 902 νεανίου
1982 863 2196 914 καλουμένου
2214 863 2362 901 Σαύλου.

1340 923 1456 975 υΟρα,
1474 927 1548 967 πῶς
1567 928 1718 976 ἀκριοῶς
1742 924 1786 962 τὰ
1815 925 1895 976 περὶ
1922 929 1981 963 τοῦ
2000 924 2143 962 Παύλου
2169 926 2362 975 διηγεῖται,

1341 985 1357 998 ,Ι
1491 988 1506 1000 x
1530 985 1555 998 tr
1622 986 1629 997 x
1663 989 1672 1001 :-
1703 989 1711 1001 a
1760 987 1770 999 ο
1803 989 1824 996 ⁵·
1850 985 1864 999 Ἰ

1344 1002 1397 1023 ινα
1413 1002 1465 1024 6οῑ
1488 1002 1579 1038 Οειςῃ
1600 1003 1638 1024 το
1658 1003 1701 1025 επ
1733 1002 1827 1038 αυτῳ
1846 1003 1861 1023 Ξ

1866 1002 1943 1038 ργον
1963 987 2054 1024 Θεοῦ
2074 985 2255 1037 γενόμενον
2275 984 2363 1035 μετὰ

1341 1052 1464 1085 ταῦτα.
1482 1047 1579 1091 Τέως
1608 1047 1643 1086 δὲ
1674 1049 1711 1086 οὐ
1732 1047 1834 1098 μόνον
1855 1049 1983 1091 ἐκεῖνος
2005 1048 2042 1084 οὗ
2069 1045 2244 1094 πιστεύει,
2272 1045 2363 1084 ἀλλὰ

1341 1106 1399 1144 καὶ
1420 1107 1557 1159 μυρίαις
1585 1107 1685 1145 offa-:bv
1705 1106 1805 1159 χερσὶ
1839 1106 1959 1158 βάλλει
1976 1109 2045 1144 τῶν
2064 1105 2212 1158 φονέων·
2235 1105 2286 1143 διὸ
2304 1104 2364 1143 καὶ

1341 1172 1441 1206 τοῦτο
1453 1169 1567 1214 δηλῶν
1586 1168 1681 1219 λέγει
1694 1185 1701 1192 ·
1722 1170 1855 1212 Σαῦλος
1871 1169 1905 1205 δὲ
1925 1162 1966 1214 ἦν
1984 1168 2195 1206 συνευδοκῶν
2212 1171 2254 1218 τῇ
2271 1169 2364 1204 ἀναι-

1343 1230 1434 1282 ρέσει
1456 1231 1570 1268 αὐτοῦ.
1588 1232 1670 1282 Οὐχ
1689 1230 1807 1272 ἁπλῶς
1824 1229 1858 1267 ῗὲ
1876 1228 2014 1280 εὔχεται
2029 1232 2045 1266 ὃ
2063 1228 2232 1280 μακάριος
2251 1222 2360 1274 οὗτος,

1342 1293 1430 1330 ἀλλὰ
1462 1293 1551 1343 μετὰ
1582 1296 1770 1345 προσοχῆς.
1802 1292 1884 1336 Θεὶς
1914 1292 1998 1343 γὰρ,
2019 1291 2120 1343 φησὶ,
2148 1291 2191 1328 τὰ
2221 1290 2362 1342 γόνατα.

1340 1354 1448 1392 σΟθεν
1468 1358 1555 1397 θεῖος
1580 1355 1683 1391 αὐτοῦ
1697 1353 1755 1391 καὶ
1786 1356 1803 1390 ὃ
1831 1352 1975 1395 θάνατος
2000 1351 2134 1403 γέγονε·
2161 1351 2266 1404 μέχρι
2295 1351 2363 1404 γὰρ

1340 1415 1458 1454 τούτου
1488 1413 1734 1467 συγκεχώρητο
1762 1418 1838 1456 ταῖς
1866 1414 1997 1465 ψυχαῖς
2026 1415 2060 1451 ἐν
2090 1415 2140 1464 τῷ
2169 1411 2234 1463 ᾄδῃ
2257 1406 2358 1450 εἶναι.

1340 1477 1476 1520 Πάντες
1492 1475 1527 1514 δὲ
1548 1476 1783 1527 διεσπάρησαν
1800 1473 1892 1512 κατὰ
1907 1473 1967 1518 τὰς
1981 1473 2100 1526 χώρας
2115 1476 2176 1519 τῆς
2192 1473 2362 1516 Ἰουδαίας

1340 1538 1399 1576 καὶ
1409 1537 1622 1590 Σαμαρείας.
1643 1537 1765 1579 Ἀδεῶς
1779 1534 2019 1586 ἐπιμίγνυνται
2031 1538 2074 1586 τῇ
2094 1534 2277 1587 ...αμαρεία
2292 1536 2362 1572 λοι-

1339 1599 1424 1646 πὸν,
1457 1600 1487 1637 οἱ
1521 1598 1747 1641 ἀκούσαντες·
1779 1598 1842 1639 Εἷς
1862 1596 1938 1634 ὁδον
1968 1598 2072 1634 ἐθνῶν
2098 1595 2146 1647 μὴ
2177 1596 2360 1643 ἀπέλθητε.

1339 1659 1441 1706 Πλὴν
1462 1658 1496 1697 δὲ
1512 1662 1579 1697 τῶν
1597 1656 2092 1709 &mo-vdkmvstte'yet‚Est-sabe,
2108 1657 2160 1695 ὅτι
2176 1656 2236 1694 καὶ
2251 1657 2360 1708 ταύτῃ

1339 1719 1621 1771 προσαγαγέσθαι
1642 1719 1842 1771 βουλόμενοι
1870 1717 1948 1761 τοὺς
1969 1717 2155 1762 Ἰουδαίους
2174 1717 2238 1764 τὴν
2259 1718 2361 1756 πόλιν

1339 1781 1401 1817 οὐκ
1424 1778 1608 1827 ἀπέλιπον,
1626 1779 1648 1825 ἢ
1663 1779 1722 1817 καὶ
1742 1780 1870 1831 ἑτέροις
1891 1778 2050 1829 γενέσθαι
2080 1778 2223 1830 θάρσους
2243 1778 2360 1818 αἴτιοι.

1338 1841 1473 1883 Σαῦλος
1501 1840 1535 1879 δὲ
1563 1840 1767 1891 ἐλυμαίνετο
1785 1839 1847 1887 τὴν
1866 1838 2079 1886 Ἐκκλησίαν
2099 1838 2190 1876 κατὰ
2208 1839 2285 1883 τοὺς
2311 1840 2360 1878 οἴ-

1337 1917 1416 1946 κους
1433 1901 1730 1952 εἷσπορευόμενος,
1746 1900 1855 1954 σύρων
1869 1916 1906 1938 τε
1925 1900 2050 1953 ἄνδρας
2064 1916 2102 1938 τε
2117 1901 2175 1938 καὶ
2194 1907 2360 1952 γυναῖκας

1337 1962 1522 2016 παρεδίδου
1539 1964 1586 2004 εἰς
1605 1961 1774 2014 φυλακήν.
1793 1961 1915 2007 Πολλὴ
1935 1964 1957 2006 ἡ
1981 1961 2104 2010 μανία,
2124 1961 2162 1999 τὸ
2180 1961 2238 1999 καὶ
2257 1962 2359 2012 μόνον

1339 2023 1439 2061 αὐτὸν
1456 2017 1543 2061 εἶναι
1556 2053 1565 2070 ,
1582 2023 1621 2060 τὸ
1645 2023 1704 2060 καὶ
1724 2024 1771 2065 εἷς
1789 2020 1867 2064 τοὺς
1886 2021 1999 2065 οἴκους
2017 2022 2175 2059 εἰσιέναι·
2193 2021 2281 2060 οὕτω
2296 2022 2359 2068 τὴν

1336 2084 1451 2137 ψυχὴν
1469 2087 1571 2123 αὐτοῦ
1600 2084 1725 2122 ἔδωκεν
1746 2083 1832 2135 ὑπὲρ
1853 2088 1912 2122 τοῦ
1940 2083 2058 2133 νόμου.
2078 2083 2212 2135 Σύρων,
2234 2083 2360 2136 φησὶν,

1337 2145 1462 2196 ἄνδρας
1478 2145 1537 2183 καὶ
1551 2152 1728 2196 γυναῖκας.
1741 2144 1836 2196 εὈροι
1850 2144 1909 2182 καὶ
1924 2144 1986 2191 τὴν
1997 2144 2208 2196 παρρησίαν,
2223 2145 2281 2183 καὶ
2297 2145 2360 2192 τὴν

1336 2205 1447 2257 ὕὸριν,
1458 2207 1518 2243 καὶ
1534 2206 1595 2252 τὴν
1610 2206 1748 2257 μανίαν.
1763 2205 1854 2248 Τοὺς
1870 2205 2106 2256 ἐμπίπτοντας
2122 2205 2277 2250 ἅπαντας
2294 2223 2361 2258 μυ-

1340 2266 1422 2317 ρίοις
1460 2266 1597 2303 διετίθει
1625 2272 1764 2311 κακοῖς,
1792 2267 1849 2303 ἅτε
1883 2267 1951 2304 ἀπὸ
1978 2269 2040 2312 τ’ἦς
2068 2270 2203 2319 σφαγῆς
2234 2267 2361 2316 ταύτης

1339 2325 1544 2378 θρασύτερος
1559 2325 1719 2377 γεγονώς.
1734 2327 1780 2363 Οἱ
1793 2325 1853 2374 μὲν
1869 2320 1926 2362 οἶν
1944 2327 2206 2377 διασπαρέντες,
2222 2329 2358 2373 διῆλθον

1341 2385 1638 2438 εὐαγγελιζόμενοι
1657 2386 1713 2424 τὸν
1733 2384 1847 2437 λόγον.
1863 2385 2043 2429 Φίλιππος
2064 2385 2098 2423 δὲ
2117 2387 2293 2425 κατελθὼν
2313 2391 2360 2431 εἰς

1341 2447 1440 2484 πόλιν
1462 2448 1524 2491 τῆς
1545 2445 1769 2498 Σαμαρείας,
1787 2445 1973 2496 ἐκήρυσσεν
1990 2448 2103 2489 αὐτοῖς
2122 2447 2178 2484 τὸν
2197 2448 2358 2499 Χριστόν.

1342 2507 1534 2559 Προσεῖχόν
1551 2522 1588 2544 τε
1604 2509 1634 2544 οἱ
1655 2507 1752 2558 ὄχλοι
1767 2513 1836 2549 τοῖς
1851 2506 2048 2557 λεγομένοις
2062 2508 2128 2545 ὑπὸ
2145 2513 2204 2546 τοῦ
2227 2509 2360 2547 Φιλίπ-

1341 2585 1406 2607 που
1431 2568 1662 2618 ὃμοθυμαδον,
1705 2570 1739 2605 ἐν
1758 2570 1807 2619 τῷ
1830 2567 1964 2605 ἀκούειν
1985 2567 2106 2611 αὐτοὺς
2133 2569 2192 2606 καὶ
2220 2570 2358 2620 βλέπειν

1340 2630 1383 2667 τὰ
1401 2634 1531 2679 σημεῖα
1543 2657 1552 2674 ,
1575 2629 1596 2665 ἃ
1615 2628 1735 2667 ἐποίει.
1750 2629 1896 2665 Πολλῶν
1917 2627 1984 2679 γὰρ
2007 2628 2152 2679 ἐχόντων
2178 2630 2361 2678 πνεύματα

1342 2690 1542 2741 ἀκάθαρτα,
1562 2691 1696 2740 βοῶντα
1716 2691 1812 2740 φωνῇ
1830 2688 1963 2740 μεγάλῃ
1985 2687 2147 2741 ἐξήρχετο
2159 2705 2166 2713 ·
2186 2691 2307 2728 πολλοὶ
2325 2691 2359 2729 δὲ

1341 2751 1399 2788 καὶ
1411 2749 1689 2802 παραλελυμένοι
1703 2750 1763 2786 καὶ
1777 2748 1885 2800 χωλοὶ
1900 2749 2187 2800 ἐθεραπεύθησαν.
2200 2750 2270 2788 Καὶ
2285 2751 2359 2802 ἐγέ-

1341 2829 1417 2852 νετο
1431 2811 1524 2865 χαρὰ
1536 2811 1671 2862 μεγάλη
1692 2813 1726 2848 ἐν
1741 2815 1783 2863 τῇ
1801 2810 1901 2849 πόλει
1917 2810 2042 2862 ἐκείνῃ.
2056 2810 2156 2863 Ἀνὴρ
2174 2811 2211 2849 δέ
2223 2828 2275 2856 τις
2287 2813 2360 2851 ὂνό-

1343 2890 1428 2925 ματι
1458 2873 1579 2924 Σίμων
1598 2875 1822 2923 προϋπῆρχεν
1842 2873 1877 2908 ἐν
1895 2873 1938 2922 τῇ
1957 2871 2075 2919 πόλει,
2101 2872 2278 2923 μαγεύων,
2301 2875 2360 2913 καὶ

1343 2934 1480 2979 ἐξιστῶν
1510 2935 1549 2972 τὸ
1576 2933 1669 2975 ἔθνος
1697 2935 1760 2978 τῆς
1786 2932 2008 2984 Σαμαρείας,
2033 2933 2143 2984 λέγων
2170 2929 2257 2973 εἶναί
2282 2951 2360 2974 τινα

1342 2995 1462 3033 ἑαυτὸν
1483 2993 1592 3045 μέγαν
1608 3009 1615 3016 ·
1636 2987 1665 3045 ᾧ
1694 2999 1878 3044 προσεῖχον
1896 2993 2022 3037 πάντες
2045 2995 2114 3032 ἀπὸ
2143 3002 2268 3048 μικροῦ
2297 2997 2360 3040 ἕως

1343 3057 1493 3108 μεγάλου
1507 3086 1516 3103 ,
1540 3054 1696 3106 λέγοντες
1709 3070 1717 3076 ·
1739 3048 1834 3096 οὗτός
1848 3055 1939 3091 ἐστιν
1956 3057 1977 3100 ἧ
1996 3054 2138 3105 ’δύναμις
2153 3060 2212 3095 τοῦ
2229 3059 2320 3095 Θεοῦ
2337 3061 2358 3104 ἦ

1342 3118 1492 3170 μεγάλη.
1509 3116 1580 3154 Ἴδε
1603 3132 1660 3166 μοι
1675 3115 1733 3153 καὶ
1750 3114 1864 3167 ἕτερον
1878 3117 2072 3169 πειρασμὸν
2090 3119 2147 3156 τὸν
2160 3124 2219 3157 τοῦ
2239 3118 2359 3170 Σίμω-

1337 3195 1404 3222 νος.
1425 3179 1616 3230 Προσεῖχον
1638 3175 1673 3214 δὲ
1693 3177 1806 3227 αὐτῷ,
1827 3176 1928 3227 φησὶ,
1944 3180 1975 3214 οἱ
1987 3176 2085 3228 ὄχλοι
2098 3207 2107 3224 ,
2123 3178 2178 3216 διὰ
2197 3177 2235 3215 τὸ
2251 3180 2359 3230 ἱκανῷ

1337 3238 1450 3291 χρόνῳ
1484 3243 1559 3281 ταῖς
1593 3235 1753 3287 μαγείαις
1785 3235 2005 3283 ἐξεστηκέναι
2040 3239 2172 3282 αὐτούς.
2199 3237 2288 3277 εὈτε
2323 3237 2359 3275 δὲ

1309 3374 1382 3403 οὕτω
1403 3374 1452 3402 τὸν
1472 3373 1571 3409 (iussi-‚2
