2466 3805
673 231 714 260 ΙΝ
753 230 867 259 ACTA
904 226 1249 257 APOSTOLORUM.
1290 225 1444 254 qutL.
1486 225 1514 254 1.

52 329 150 365 μενος
169 312 293 364 λόγοις,
309 311 551 365 Παρήγγειλεν
571 311 639 348 ἀπὸ
658 310 908 363 Ἱεροσολύμων
929 308 977 360 μὴ
993 324 1070 361 χω-

52 376 217 428 ρίζεσθαι,
245 374 335 412 ἀλλὰ
352 372 550 426 περιμένειν
570 371 634 419 τὴν
663 372 871 424 ἐπαγγελίαν
901 375 960 409 τοῦ
989 372 1064 408 Πα-

50 436 138 488 τρός.
173 437 318 487 Πρῶτον
349 435 471 478 αὐτοὺς
498 436 544 477 εἷς
577 433 642 480 τὴν
678 433 871 472 Γαλιλαίαν
906 432 1072 484 ἐξήγαγε,

50 495 244 539 δεδοικότας
270 495 321 533 ἔτι
339 496 397 535 καὶ
417 496 627 548 τρέμοντας,
646 494 703 533 ἵνα
732 494 822 546 μετὰ
837 494 953 536 ἀδείας
971 492 1073 532 ἀκού-

51 572 138 595 σωσι
153 560 220 594 τῶν
235 557 444 609 λεγομένων.
464 551 553 595 Εἶτα
566 587 576 605 ,
593 556 713 604 ἐπειδὴ
730 556 896 603 ἤκουσαν,
915 555 975 594 καὶ
990 571 1072 592 τεσ-

52 618 251 670 σαράκοντα
296 618 538 671 συνδιέτριψαν
569 618 704 669 ἡμέρας
718 648 727 664 ,
760 616 987 668 Παρήγγειλε
1023 614 1071 665 μὴ

52 680 121 717 ἀπὸ
137 679 387 731 Ἱεροσολύμων
416 679 638 732 χωρίζεσθαι.
661 679 708 717 Τί
738 678 884 725 δήποτε;
904 676 1073 729 Καθάπερ

52 740 147 783 τινὰς
175 741 391 793 στρατιώτας
419 740 609 791 μέλλοντας
634 742 681 782 εἷς
705 741 838 784 πλῆθος
868 737 1074 788 ἐμπίπτειν,

53 803 160 845 οὐῗεὶς
185 802 324 854 ἀφίησιν
347 801 504 846 ἐξελθεῖν,
523 800 586 843 ἕως
602 800 642 837 ἂν
662 799 894 837 ὃπλίσωνται·
916 798 990 836 οὐδὲ
1009 797 1073 835 ἵπ-

52 878 136 905 πους
151 863 333 913 προπηόᾆν
351 864 414 907 τῆς
434 860 597 910 βαλὸῖδος
609 890 618 908 ,
641 859 705 902 ἕως
723 859 764 896 ἂν
780 858 838 896 τὸν
853 858 991 910 ἡνίοχον
1010 857 1073 894 λά-

53 923 179 961 ὅωσιν·
200 922 290 960 οὕτω
313 922 354 969 δὴ
385 920 445 959 καὶ
467 920 590 964 αὐτοὺς
607 922 676 972 πρὸ
703 923 765 963 τῆς
784 924 843 957 τυῦ
870 919 1074 969 Πνεύματος
1102 932 1123 960 Ε

52 983 196 1023 καθόδου
219 986 368 1036 φανῆναι
387 982 444 1021 ἐπὶ
462 985 524 1029 τῆς
542 981 765 1034 παρατάξεως
781 982 841 1018 οὐκ
861 980 969 1033 ἠφίει,
984 980 1074 1018 ὥστε

55 1045 103 1097 μὴ
121 1044 280 1095 γενέσθαι
300 1043 525 1095 εὐχειρώτους
544 1043 604 1080 καὶ
621 1042 819 1093 ἁλωσίμους
834 1047 906 1084 τοῖς
923 1043 1074 1085 πολλοῖς,

54 1107 107 1143 Οὐ
129 1105 185 1143 διὰ
200 1110 299 1143 τοῦτο
319 1105 355 1143 δὲ
375 1103 490 1154 μόνον,
509 1103 600 1142 ἀλλὰ
627 1104 686 1141 καὶ
707 1103 825 1150 ἐπειδὴ
846 1103 968 1141 πολλοὶ
987 1097 1076 1149 ἦσαν

53 1168 83 1205 οἱ
101 1166 284 1216 μέλλοντες
302 1165 475 1204 πιστεύειν
493 1165 623 1204 αὐτόθι.
656 1165 725 1204 Καὶ
746 1165 830 1218 πρὸς
850 1164 982 1207 τούτοις
1006 1164 1078 1202 πά-

53 1231 119 1275 λιν,
135 1227 190 1265 ἵνα
211 1227 258 1278 μὴ
275 1226 404 1279 λέγωσί
422 1243 530 1273 τινες,
552 1225 604 1265 ὅτι
625 1226 704 1270 τοὺς
722 1226 916 1278 γνωρίμους
936 1225 1078 1278 ἀφέντες

55 1289 152 1341 παρὰ
172 1295 241 1332 τοῖς
267 1287 372 1332 ξένοις
389 1283 494 1335 ἦλθον
511 1288 711 1339 κομπάσαι,
733 1287 855 1326 τούτου
871 1288 974 1340 χάριν
994 1289 1077 1340 παρ’

55 1354 168 1394 αὐτοῖς
187 1357 257 1393 τοῖς
280 1350 506 1403 πεφονευκόσι
530 1350 723 1402 παρέχουσι
749 1349 793 1388 τὰ
824 1349 998 1401 τεκμήρια
1017 1353 1079 1396 τῆς

57 1412 278 1454 ἀναστάσεως
290 1441 299 1459 ,
318 1413 401 1463 παρ’
424 1412 539 1454 αὐτοῖς
563 1417 634 1454 τοῖς
653 1411 891 1462 ἐσταυρωκόσι
903 1439 912 1457 ,
929 1416 1000 1454 τοῖς
1019 1411 1079 1449 θά-

56 1476 173 1525 ψασιν,
190 1474 224 1510 ἐν
240 1475 326 1524 αὐτῇ
348 1475 390 1524 τῇ
419 1471 519 1511 πόλει
537 1474 572 1509 ἐν
593 1467 618 1524 ᾖ
636 1472 675 1510 τὸ
697 1479 844 1524 πρᾶγμα
864 1472 902 1510 τὸ
920 1472 1079 1525 παράνο-
1105 1480 1130 1509 Α

57 1551 120 1585 μον
137 1533 311 1585 ἐτολμήθη
325 1564 333 1580 ,
355 1533 447 1572 ὥστε
467 1533 527 1571 καὶ
545 1532 624 1575 τοὺς
642 1533 765 1577 ἔξωθεν
788 1535 1080 1585 ἐπιστομισθῆναι

55 1597 221 1638 ἅπαντας.
244 1595 356 1634 “O-mv
379 1595 446 1647 γὰρ
468 1598 499 1633 οἱ
519 1594 775 1647 ἐσταυρωκότες
799 1595 895 1633 αὐτοὶ
926 1595 1079 1647 φαίνωνψ

55 1674 113 1695 ται
144 1657 203 1696 καὶ
230 1657 520 1704 πεπιστευκότες,
549 1658 704 1705 εὔδηλον,
739 1656 791 1695 ὅτι
820 1656 878 1694 καὶ
898 1660 915 1694 ὃ
935 1657 1082 1708 σταυρὸς

57 1719 115 1756 καὶ
134 1722 194 1755 τοῦ
209 1717 434 1768 τολμήματος
452 1717 626 1756 ἐδείκνυτο
641 1721 663 1764 ἡ
684 1717 888 1772 παρανομία
903 1749 913 1766 ,
942 1718 1001 1756 καὶ
1021 1721 1083 1765 της

58 1779 279 1821 ἀναστάσεως
296 1778 408 1825 πολλὴ
424 1782 445 1825 ἡ
466 1778 652 1824 ἀπόδειξις.
682 1773 772 1818 Εἶτα
794 1778 850 1817 ἵνα
865 1778 911 1829 μὴ
929 1779 1079 1830 λέγωσι,

57 1843 130 1883 πῶς
159 1833 215 1877 οὖν
249 1839 466 1891 δυνησόμεθα
499 1839 626 1891 μεταξὺ
647 1839 837 1891 ἀνθρώπιον
860 1841 995 1891 μιαρῶν
1023 1840 1082 1877 καὶ

57 1901 262 1953 φονούντων,
283 1901 342 1939 καὶ
361 1901 532 1940 τοσούτων
564 1902 685 1949 ὄντων,
705 1900 814 1953 ὀλίγοι
842 1900 902 1938 καὶ
937 1902 1084 1944 εὐτελεῖς

56 1963 150 2006 ὄντες
178 1962 305 2012 μένειν,
337 1962 421 2014 ὅρα,
449 1966 524 2005 πῶς
552 1962 625 2000 λύει
656 1962 719 2008 τὴν
755 1961 919 2012 ἀγωνίαν,
952 1961 1081 2000 εἰπών·

58 2023 162 2062 Ἀλλὰ
193 2023 391 2074 περιμένειν
425 2022 488 2069 τὴν
517 2022 728 2073 ἐπαγγελίαν
759 2026 819 2059 τοῦ
847 2022 1009 2073 Πατρὸς,
1039 2024 1080 2069 ἣν

57 2084 228 2131 ἠκούσατέ
246 2100 320 2134 μου.
340 2083 410 2121 Καὶ
429 2083 514 2121 πότε
528 2083 694 2131 ἤκουσαν,
714 2083 835 2135 φησίν,
854 2083 945 2121 εὈτε
964 2082 1080 2134 ἔλεγε·

60 2145 237 2197 Συμφέρει
269 2148 349 2195 ὑμῖν
381 2143 438 2182 ἵνα
468 2144 536 2197 ἐγὼ
565 2144 720 2182 ἀπέλθω.
740 2144 824 2182 Ἐὰν
845 2144 911 2195 γὰρ
935 2143 1002 2195 ἐγὼ
1031 2144 1079 2195 μὴ

59 2207 220 2253 ἀπέλθω,
251 2209 268 2243 ὁ
296 2205 528 2257 Παράκλητος
556 2208 616 2243 οὐκ
650 2205 828 2243 ἐλεύσεται
859 2205 945 2256 πρὸς
972 2208 1079 2255 ὑμᾶς·
1106 2207 1128 2244 Β

57 2268 116 2305 καὶ
137 2267 254 2314 πάλιν,
276 2265 469 2319 Ἐρωτήσω
493 2266 550 2304 τὸν
568 2265 732 2319 Πατέρα,
751 2266 810 2303 καὶ
831 2265 935 2303 ἄλλον
956 2266 1080 2319 Παρά-

57 2330 182 2375 κλητον
201 2327 334 2379 πέμψει
349 2330 442 2377 ὑμῖν,
461 2326 518 2365 ἵνα
543 2327 628 2378 με’νῃ
647 2330 721 2378 μεθ’
742 2330 851 2378 ὑμῶν.

110 2389 180 2427 Καὶ
199 2388 291 2431 τίνος
308 2387 420 2426 ἕνεκεν
449 2388 526 2440 οὐχὶ
544 2388 714 2441 παρόντος
746 2390 850 2426 αὐτοῦ
876 2389 952 2427 οὐδὲ
973 2392 1079 2428 ἀπελ-

57 2451 172 2493 θόντος
187 2449 308 2493 εὐθέως
326 2449 548 2502 παρεγένετο,
570 2450 647 2487 ἀλλ’
678 2450 780 2493 αὐτὸς
809 2450 870 2501 μὲν
889 2454 932 2502 τῇ
952 2466 1082 2490 τεσσακ

59 2513 210 2563 ρακοστῇ
239 2510 356 2562 ἡμέρᾳ
374 2511 522 2559 ἀνῆλθε,
544 2510 583 2549 τὸ
604 2509 639 2549 δὲ
655 2512 804 2561 Πνεῦμα
821 2512 1031 2563 παρεγένετο
1046 2514 1080 2551 ἐν

56 2574 106 2624 τῷ
126 2573 415 2624 συμπληροῦσθαι
432 2571 495 2619 τὴν
510 2571 646 2624 ἡμέραν
660 2574 724 2618 τ’ἦς
738 2577 995 2622 πεντηκοστῆς;
1013 2575 1082 2614 Καὶ

57 2636 148 2680 πῶς,
163 2637 192 2672 εἰ
215 2633 362 2684 μηδέπω
381 2633 626 2686 παρεγεγόνει,
647 2632 760 2687 ἔλεγε,
780 2634 919 2673 Λάὸετε
936 2638 1083 2687 Πνεῦμα

57 2696 175 2747 ἅγιον,
193 2694 273 2734 Ἵνα
293 2694 469 2739 δεκτικοὺς
489 2695 610 2741 αὐτοὺς
630 2696 781 2750 ποιήσῃ,
802 2697 862 2736 καὶ
889 2700 1084 2749 ἀρκοῦντας

57 2756 142 2811 πρὸς
162 2756 225 2804 τὴν
245 2756 433 2809 ὑποδοχήν.
467 2758 512 2795 Εἰ
531 2756 599 2810 γὰρ
626 2758 770 2809 ἄγγελον
802 2758 937 2810 με’λλων
965 2763 1048 2812 ὁρᾷν
1068 2763 1085 2798 ὃ

58 2818 192 2865 Δανιὴλ
212 2817 398 2870 Ξ“παρίετο,
414 2820 534 2871 πολλῷ
555 2821 686 2870 μᾶλλον
706 2814 800 2859 οῦτοι
821 2820 1004 2872 μέλλοντες
1022 2838 1084 2860 το-

59 2879 186 2927 σαύτην
203 2879 365 2932 δέχεσθαι
383 2879 503 2933 χάριν.
521 2879 573 2919 ’Ἡ
604 2885 705 2919 τοῦτο
734 2875 791 2920 οἶν
814 2882 907 2921 ἔστιν
926 2886 1047 2931 εἰπεῖν,
1063 2884 1086 2932 ἢ
1112 2894 1135 2924 C

58 2940 110 2979 ὅτι
137 2941 176 2980 τὸ
204 2941 329 2992 μέλλον
350 2940 492 2980 ἔσεσθαι
512 2944 560 2985 ὥς
578 2942 646 2989 ἤδη
667 2943 899 2995 γεγενημένον
920 2945 1058 2999 εἴρηκεν
1077 2963 1085 2971 ·

58 3001 177 3054 ὥσπερ
204 3001 287 3041 ὅταν
313 3002 421 3054 λέγῃ,
455 3003 610 3042 Πατεῖτε
629 3004 747 3042 ἐπάνω
772 3005 882 3057 ὄφεων
902 3007 961 3044 καὶ
982 3023 1087 3061 σκορ-

58 3062 159 3108 πίων,
183 3062 242 3100 καὶ
262 3062 319 3101 ἐπὶ
337 3070 453 3102 πᾶσαν
476 3064 539 3111 τὴν
563 3064 707 3116 δύναμιν
728 3069 787 3104 τοῦ
816 3069 954 3119 ἐχθροῦ.
982 3068 1085 3111 Τίνος

59 3123 95 3161 δὲ
122 3122 234 3160 ἕνεκεν
263 3125 324 3161 οὐκ
350 3123 446 3167 εὐθὺς
461 3124 544 3163 τότε
569 3126 818 3178 παρεγεγόνει,
835 3127 898 3166 Ἐν
918 3128 1086 3180 ἐπιθυμίᾳ

60 3183 184 3226 αὐτοὺς
199 3183 268 3222 ἔδει
287 3184 445 3235 γενέσθαι
465 3189 524 3225 τοῦ
543 3186 771 3239 πράγματος,
789 3188 848 3226 καὶ
868 3188 957 3227 οὕτω
985 3190 1086 3235 δέξα-

61 3248 141 3282 σθαι
166 3244 227 3292 τὴν
247 3245 363 3298 χάριν.
385 3245 452 3284 Διὰ
477 3250 578 3285 τοῦτο
603 3247 660 3286 ὅτε
681 3249 783 3293 αὐτὸς
800 3248 816 3269 ¹³
829 3249 989 3299 ἀπέπτη,
1009 3251 1087 3291 τότε

116 3364 130 3380 ²
146 3355 263 3388 Morel.
283 3357 330 3399 [et
345 3358 402 3400 D.]
418 3364 557 3404 παρίετο.
569 3359 669 3394 Savil.
687 3362 734 3404 [et
746 3360 802 3407 C.]
813 3365 954 3398 διελύετο.
973 3363 1077 3396 Utra-

66 3418 128 3449 que
148 3406 247 3440 lectio
264 3408 428 3451 quadrare
451 3419 575 3454 potest.

1109 1442 1124 1466 8

2098 225 2128 268 9

1144 307 1307 355 solymis
1323 320 1369 343 ne
1389 305 1641 350 discederent,
1667 305 1735 341 scd
1753 312 2017 354 exspectarent
2035 315 2128 354 pro-

1146 369 1365 405 missionem
1380 368 1524 404 Patris.
1540 364 1660 405 Primo
1677 364 1712 401 in
1731 363 1920 402 Galilaeam
1935 362 2132 400 deduxerat

1145 442 1203 465 eos
1223 427 1342 465 adhuc
1373 425 1601 464 formidantes
1631 434 1665 463 et
1691 432 1896 471 trementes,
1916 433 1956 461 ut
1977 437 2057 461 cum
2086 423 2133 460 li-

1146 490 1280 527 bertate
1297 488 1393 526 dicta
1407 488 1581 526 audirent.
1594 486 1730 525 Deinde
1748 501 1830 524 cum
1844 485 2037 535 audissent,
2050 494 2082 523 et
2098 486 2131 522 in

1148 550 1204 588 his
1222 565 1285 602 per
1300 549 1535 601 quadraginta
1553 549 1629 587 dies
1648 557 1761 587 essent
1775 547 1918 596 versati,
1946 549 2135 599 Praecepit

1150 615 1202 649 eis
1214 614 1263 649 ab
1274 613 1534 660 Jerosolymis
1543 627 1590 649 ne
1599 611 1850 650 discederent.
1871 609 2016 656 Quare?
2035 609 2135 648 Sicut
2151 621 2281 658 Apostoli
2295 624 2338 649 m.

1148 672 1279 710 milites
1306 673 1343 709 in
1375 673 1518 723 agmina
1540 673 1739 725 irrupturos
1771 686 1874 710 nemo
1906 672 1990 709 sinit
2012 671 2108 708 exire
2124 701 2133 719 ,
2149 664 2224 691 fisn'*
2258 670 2339 691 ΘΗΜ

1147 733 1258 770 donec
1277 733 1404 770 armati
1426 734 1572 781 suerint,
1589 748 1701 784 neque
1725 747 1834 784 equos
1853 748 1898 771 ex
1919 747 2057 771 carcere
2075 746 2135 770 ex·
2149 712 2215 777 ²:32⁸
2245 706 2338 774 {2¹:1¹1er

1147 794 1258 843 silire,
1283 794 1492 844 priusquam
1520 794 1683 844 aurigam
1702 794 1796 831 nacti
1824 794 1919 831 sint:
1953 794 2004 831 sic
2025 807 2137 844 neque
2151 790 2323 818 ²¹1¹V⁰¹¹¹¹¹¹¹³'

1149 855 1228 892 illos
1254 863 1335 892 ante
1353 854 1549 892 adventum
1577 855 1733 906 Spiritus
1752 854 1864 892 sancti
1882 855 1918 891 in
1937 854 2012 892 acie
2036 869 2138 892 com—

1150 929 1273 967 parere
1304 915 1485 967 permisit,
1519 929 1561 953 ne
1590 915 1692 953 facile
1715 929 1735 953 a
1765 915 1888 953 multis
1917 924 2137 967 caperentur.

1150 977 1273 1026 Neque
1288 984 1473 1027 propterea
1489 985 1639 1025 tantum,
1651 975 1712 1013 scd
1727 975 1811 1026 quia
1830 975 1936 1012 multi
1951 984 2049 1013 erant
2065 975 2140 1013 illic

1151 1035 1335 1074 credituri.
1354 1036 1408 1073 Ad
1423 1036 1499 1074 haec
1516 1051 1614 1084 vero,
1631 1050 1673 1074 ne
1691 1036 1841 1087 quidam
1856 1035 2013 1073 dicerent
2033 1035 2140 1087 ipsos,

1152 1097 1268 1135 missis
1298 1097 1391 1135 notis
1421 1106 1454 1135 et
1487 1097 1748 1135 contribulibus
1768 1097 1864 1146 suis,
1884 1096 1930 1134 ad
1957 1106 2141 1134 extraneos

1152 1159 1394 1197 ostentationis
1422 1173 1524 1197 causa
1562 1160 1732 1211 migrasse
1748 1176 1756 1207 ;
1789 1159 1921 1197 idcirco
1959 1159 2057 1211 apud
2085 1173 2142 1196 eos

1152 1220 1261 1272 ipsos,
1276 1220 1336 1271 qui
1357 1223 1480 1259 Jesum
1495 1221 1708 1268 occiderant,
1729 1222 1829 1273 signa
1849 1221 2008 1273 praebent
2026 1235 2143 1258 resur-

1151 1281 1341 1331 rectionis,
1364 1282 1460 1334 apud
1486 1296 1543 1320 eos
1558 1313 1568 1332 ,
1592 1283 1740 1334 inquam
1756 1314 1764 1330 ,
1784 1283 1846 1333 qui
1867 1283 2142 1329 crucifixerant,

1152 1343 1212 1394 qui
1232 1343 1464 1395 sepelierant,
1486 1344 1521 1381 in
1542 1344 1618 1396 ipsa
1639 1344 1728 1381 urbe
1747 1344 1809 1382 ubi
1829 1344 1967 1382 facinus
1991 1344 2144 1396 impium

1154 1414 1334 1457 patratum
1354 1406 1470 1443 suerat
1482 1421 1493 1455 3
1517 1405 1565 1442 ita
1595 1415 1633 1443 ut
1655 1405 1813 1443 extranei
1836 1419 1955 1443 omnes
1974 1405 2058 1443 hine
2077 1406 2144 1443 ob—

1155 1475 1349 1504 mutescere
1374 1476 1595 1517 cogerentur.
1623 1467 1714 1504 Cum
1741 1467 1836 1504 enim
1856 1467 1896 1516 ii,
1917 1466 1977 1517 qui
2003 1467 2147 1504 crucifi-

1154 1536 1304 1578 xerant,
1336 1528 1427 1565 inter
1453 1527 1633 1565 credentes
1653 1537 1919 1580 comparereut3
1943 1527 2028 1565 hinc
2057 1537 2151 1565 certe

1154 1598 1187 1627 et
1207 1589 1322 1628 crucis
1340 1598 1373 1627 et
1392 1598 1465 1627 tam
1481 1589 1595 1640 iniqui
1611 1589 1778 1627 facinoris
1800 1599 1935 1627 certum
1955 1589 2146 1639 indicium,

1154 1659 1188 1688 et
1201 1650 1468 1688 resurrectionis
1488 1664 1660 1702 magnum
1673 1649 1870 1688 ducebatur
1884 1659 2146 1702 argumentum.

1155 1712 1293 1750 Deinde
1311 1726 1355 1750 ne
1375 1711 1548 1761 dicerent,
1573 1711 1764 1760 Quomodo
1778 1726 1861 1763 ergo
1882 1711 2076 1764 poterimus
2095 1711 2149 1748 in„

1154 1782 1295 1811 tertam
1316 1773 1449 1810 multos
1469 1773 1629 1811 homines
1649 1773 1799 1811 nefarios
1821 1782 1855 1810 et
1870 1772 2072 1811 homicidas
2089 1772 2149 1810 de-

1154 1848 1248 1886 gere,
1268 1849 1331 1872 nos
1346 1834 1409 1885 qui
1432 1833 1479 1871 ita
1496 1834 1600 1886 pauci
1614 1844 1647 1872 et
1667 1835 1755 1873 viles
1776 1834 1931 1872 sumus?
1952 1833 2037 1873 vide
2062 1848 2149 1884 quo-

1154 1895 1260 1933 modo
1279 1896 1372 1933 hanc
1402 1895 1606 1946 angustiam
1626 1895 1797 1947 expediat
1816 1904 1849 1933 et
1868 1895 1985 1933 solvat
2000 1894 2121 1932 dicens
2139 1911 2146 1931 x

1154 1957 1229 1995 Sed
1243 1965 1507 2008 exspectarent
1528 1959 1821 2008 promissionem
1843 1959 1979 1995 Patris
1997 1987 2009 2007 ,
2031 1971 2150 2009 quam

1154 2020 1318 2056 audistis
1342 2032 1367 2055 a
1393 2032 1463 2055 me.
1491 2017 1538 2055 Et
1567 2017 1809 2069 quandonam,
1832 2018 1971 2069 inquies
1987 2048 1998 2068 ,
2025 2017 2148 2056 audie-

1153 2080 1264 2118 runt?
1285 2080 1376 2117 Cum
1409 2079 1562 2117 diceret:
1595 2081 1767 2131 Expedit
1785 2083 1901 2118 vobis
1924 2089 1966 2118 ut
1985 2093 2053 2132 ego
2074 2094 2146 2118 va·
2161 2091 2251 2118 Joan.
2274 2091 2319 2122 16.

1155 2142 1261 2178 dam.
1290 2141 1331 2179 Si
1359 2143 1463 2178 enim
1498 2153 1575 2177 non
1606 2142 1740 2177 abiero
1758 2170 1769 2190 ,
1805 2141 2039 2179 Paracletus
2070 2155 2147 2179 non
2162 2143 2192 2172 7·

1154 2205 1285 2240 veniet
1305 2203 1444 2240 advos
1456 2218 1470 2246 ,·
1492 2210 1526 2239 et
1539 2215 1694 2251 rursum,
1711 2204 1796 2255 Ego
1813 2205 1957 2254 rogabo
1969 2205 2143 2251 Patrem,
2162 2220 2252 2246 Joan.
2282 2218 2329 2257 ¹4·

1153 2272 1191 2301 et
1204 2264 1327 2301 aliam
1341 2263 1593 2301 Paracletum
1613 2266 1739 2302 mittet
1767 2266 1881 2302 vohis
1892 2294 1903 2311 ,
1928 2273 1969 2302 ut
1990 2274 2146 2304 maneat
2167 2258 2213 2289 ¹6·

1154 2329 1366 2365 vobiscum.

1208 2388 1242 2426 5.
1270 2387 1319 2425 Et
1331 2401 1396 2425 cur
1414 2400 1485 2425 non
1503 2387 1646 2425 Christo
1665 2397 1849 2440 praesente,
1865 2389 1922 2428 vel
1942 2379 2012 2429 non
2029 2392 2147 2429 statim

1153 2459 1233 2504 post
1248 2450 1324 2502 ejus
1338 2449 1547 2499 discessum,
1565 2448 1711 2487 advenit
1723 2449 1893 2502 Spiritus,
1909 2452 1972 2490 sed
1987 2452 2149 2490 Christus

1153 2511 1424 2564 quadragesima
1440 2510 1497 2548 die
1527 2510 1696 2560 ascendit,
1723 2512 1880 2564 Spiritus
1898 2527 1983 2552 vero
2004 2514 2149 2554 advenit

1156 2589 1238 2613 cum
1252 2575 1487 2627 compleretur
1509 2573 1584 2611 dies
1600 2576 1849 2613 pentecostes?
1871 2578 1924 2615 Ac
1938 2578 1966 2616 si
1990 2577 2148 2616 nondum

1155 2636 1345 2676 advenerat
1357 2635 1614 2686 ille,quom0do
1625 2636 1788 2674 Christus
1802 2637 1956 2676 dicebat:
1969 2639 2150 2692 Accipite
2163 2648 2255 2674 Joan-
2278 2656 2326 2675 20-

1155 2699 1339 2751 Spiritum
1351 2705 1528 2735 sanctum
1541 2701 1557 2734 Ξ)
1575 2697 1626 2735 Ut
1645 2697 1726 2735 illos
1749 2712 1895 2750 capaces
1916 2699 2080 2738 redderet
2095 2710 2148 2739 at-
2163 2696 2201 2717 ²²
2208 2709 2213 2716 ¹

1157 2773 1224 2811 que
1238 2758 1381 2796 idoneos
1394 2757 1600 2810 accipiendo
1620 2757 1786 2810 Spiritui.
1805 2759 1843 2797 Si
1865 2760 1960 2798 enim
1980 2762 2149 2813 angelum

1160 2820 1304 2859 visurus
1326 2819 1469 2869 Daniel,
1488 2818 1764 2869 dissolvebatur,
1777 2820 1891 2860 multo
1910 2822 2023 2875 magis
2049 2823 2087 2861 hi
2110 2823 2149 2862 id
2164 2841 2246 2868 Dan.
2264 2839 2350 2874 S-¹7·

1159 2882 1298 2935 passuri
1312 2890 1426 2932 erant,
1454 2889 1587 2919 tantam
1606 2882 1784 2934 accepturi
1804 2883 1966 2934 gratiam.
1989 2885 2056 2924 Vel
2081 2886 2149 2924 hoc

1158 2942 1353 2982 dicendum
1368 2951 1432 2989 est,
1447 2942 1505 2980 vel
1518 2941 1616 2993 quod
1628 2957 1702 2980 rem
1713 2943 1870 2981 suturam
1886 2954 1926 2983 ut
1932 2945 2009 2996 jam
2020 2946 2151 2985 factam

1159 3005 1290 3043 diceret
1303 3020 1316 3055 5
1338 3013 1377 3042 nt
1396 3018 1478 3042 cum
1496 3003 1547 3042 ait
1565 3019 1572 3040 ε
1593 3005 1754 3043 Calcate
1770 3019 1887 3057 supra
1907 3017 2100 3059 serpentes
2115 3017 2153 3047 et
2168 3030 2354 3065 (mamm,

1160 3070 1392 3120 scorpiones,
1410 3075 1445 3104 et
1466 3079 1583 3118 supra
1607 3080 1758 3104 omnem
1780 3070 1966 3106 virtatem
1985 3072 2147 3109 inimici.

1163 3129 1235 3167 Cur
1261 3138 1380 3166 autem
1411 3141 1480 3165 non
1510 3137 1595 3165 tunc
1622 3128 1740 3165 statim
1765 3127 1934 3168 advenit?
1957 3131 2154 3184 Oportebat

1162 3206 1220 3230 eos
1233 3191 1282 3230 rei
1296 3190 1472 3230 desiderio
1485 3191 1610 3241 teneri,
1625 3200 1730 3241 atque
1747 3191 1796 3229 ita
1816 3192 1966 3243 gratiam
1982 3195 2151 3248 accipere.

1163 3252 1247 3291 Ideo
1267 3262 1455 3306 postquam
1476 3252 1537 3290 ille
1555 3251 1786 3303 discesserat,
1809 3254 1966 3307 Spiritus
1992 3256 2152 3295 advenit.

1194 3367 1210 3391 b
1234 3364 1335 3398 Savil.
1350 3366 1382 3397 in
1401 3374 1505 3407 marg.
1524 3367 1649 3401 ἀπέστη.
