2502 3810
327 245 421 306 646

327 343 466 378 labores
486 347 562 375 tuos
581 336 724 374 allevat.
745 333 881 372 Deinde
902 342 940 370 ut
959 332 1089 379 discas,
1111 330 1234 368 nonin
1252 329 1310 367 la-

325 400 473 437 boribus
486 406 622 435 tantum
636 405 670 433 et
681 394 849 446 periculis
862 393 928 430 tibi
940 392 1090 444 gratiam
1103 391 1236 438 adesse,
1249 389 1311 428 sed

324 475 401 498 eam
426 460 532 497 etiam
557 458 592 494 in
622 456 679 507 iis,
704 469 781 506 quae
804 455 964 492 faciliora
989 453 1170 501 videntur,
1193 461 1309 489 tecum

323 519 520 572 cooperari,
543 526 576 555 et
594 516 728 566 ubique
743 518 843 552 suam
862 515 1018 552 conferre
1034 527 1148 564 opem,
1164 513 1310 564 subjun-

325 581 376 631 git
399 595 406 616 :
432 581 534 617 Nam
563 578 657 628 quid
678 584 720 613 ut
747 583 892 627 oportet
918 587 1082 621 oremus,
1107 575 1307 610 nescimus.

324 641 408 677 Haec
426 652 532 691 porro
552 637 659 684 dixit,
677 646 756 674 tum
771 645 810 674 ut
822 636 971 673 multam
982 634 1138 686 Spiritus
1152 648 1234 685 erga
1247 648 1308 671 nos

322 699 586 752 providentiam
604 696 812 745 ostenderet,
830 705 907 733 tum
924 704 962 733 ut
981 709 1043 733 nos
1061 694 1216 744 doceret,
1238 708 1308 731 non

322 759 385 796 illa
403 757 547 796 omnino
571 756 673 794 nobis
698 756 800 793 utilia
821 754 991 793 censenda
1013 768 1098 799 esse,
1128 767 1206 803 quae
1232 753 1309 790 hu-

322 819 436 857 manis
456 817 651 856 ratiociniis
678 817 763 854 talia
789 816 955 853 videntur
979 829 1063 853 esse.
1094 814 1188 860 Quia
1214 813 1307 851 enim

323 879 511 918 verisimile
531 887 603 916 erat
619 878 713 927 illos,
733 877 941 928 flagellatos,
957 875 1092 928 pulsos,
1107 874 1205 912 mille
1223 888 1308 925 gra-
1328 878 1353 907 D

323 941 381 980 via
399 940 584 993 patientes,
607 939 761 990 quietem
781 952 950 989 quaerere,
979 945 1013 974 et
1036 936 1104 975 sibi
1129 935 1216 972 utile
1234 936 1309 972 fore

322 1011 460 1053 putare,
483 1001 511 1039 si
529 1001 629 1038 illam
648 1000 712 1037 abs
731 1001 806 1037 Deo
825 998 973 1050 gratiam
989 996 1224 1049 postularent,
1246 995 1307 1032 di-

322 1063 371 1100 cit
399 1078 406 1099 :
436 1064 489 1101 Ne
515 1061 645 1113 putetis
668 1061 744 1109 illa,
770 1074 848 1112 quae
873 1059 976 1098 vobis
1004 1058 1108 1095 utilia
1126 1057 1307 1105 videntur,

322 1137 406 1162 vere
423 1123 505 1161 talia
522 1137 595 1161 esse
617 1137 626 1161 t
648 1122 778 1160 etenim
797 1121 843 1159 ad
861 1136 937 1159 eam
959 1134 1034 1158 rem
1053 1120 1120 1157 Dei
1140 1133 1206 1171 ope
1228 1132 1308 1169 ege-

322 1198 403 1222 mus
423 1200 430 1220 :
451 1198 562 1234 usque
577 1183 663 1222 adeo
679 1184 786 1221 homo
803 1182 968 1220 infirmus
983 1190 1032 1218 est
1047 1189 1079 1218 et
1096 1194 1141 1217 ex
1155 1194 1190 1217 se
1204 1173 1307 1217 nihil.

323 1244 408 1282 Ideo
427 1244 571 1282 dicebat
592 1260 602 1280 .-
629 1245 731 1295 Quid
756 1252 797 1281 ut
818 1251 963 1295 oportet
993 1254 1154 1289 oremus,
1181 1243 1307 1278 nesci-

324 1318 419 1342 mus.
440 1306 491 1342 Ut
506 1319 550 1342 ne
563 1305 657 1342 enim
676 1304 767 1341 ultra
787 1303 1006 1354 discipulum
1021 1301 1227 1353 ignorantiae
1240 1315 1308 1352 pu-

321 1364 433 1412 deret,
455 1364 606 1402 ostendit
619 1364 778 1402 doctores
795 1363 901 1401 etiam
916 1362 1039 1400 eodem
1055 1362 1090 1398 in
1104 1370 1196 1398 statu
1214 1374 1307 1398 esse:

326 1438 397 1462 non
412 1421 631 1474 enim'dixit,
646 1424 797 1462 Nescitis
806 1439 815 1471 ;
832 1423 893 1461 secl
908 1425 1119 1460 Nescimus.
1133 1420 1309 1470 Quodque

325 1499 394 1523 non
413 1499 476 1537 per
495 1485 706 1523 modestiam
724 1485 774 1522 sic
794 1484 1009 1534 loqueretur,
1032 1496 1096 1533 per
1119 1481 1186 1519 alia
1208 1480 1326 1518 indi-t

324 1546 431 1583 cavit.
450 1545 689 1583 Indesinenter
708 1544 800 1581 enim
821 1544 856 1580 in
879 1543 1045 1594 precibus
1065 1541 1138 1579 suis
1158 1542 1309 1578 Romam

324 1605 446 1645 videre
467 1606 591 1643 orabat
607 1621 618 1654 3
641 1619 704 1642 nec
719 1604 802 1641 licet
821 1612 1036 1655 precaretur,
1055 1602 1123 1638 hoc
1139 1615 1308 1651 assequu-

324 1676 381 1704 tus
399 1675 451 1703 est
474 1682 482 1701 t
504 1675 537 1702 et
557 1679 624 1716 pro
644 1664 788 1701 stimulo
808 1663 876 1701 sibi
894 1664 929 1701 in
946 1676 1048 1701 carne
1067 1662 1164 1711 dato,
1186 1662 1226 1699 id
1245 1670 1307 1709 est,
1328 1671 1353 1701 E

323 1741 388 1779 pro
403 1726 570 1778 periculis
590 1739 681 1777 saepe
698 1725 849 1775 rogavit,
870 1738 932 1762 nec
951 1724 1170 1776 impetravit,
1191 1733 1231 1761 ut
1247 1737 1309 1760 nec

324 1790 468 1839 Moyses
488 1787 524 1824 in
546 1787 657 1824 veteri
675 1786 766 1836 lege,
790 1794 827 1822 ut
845 1785 1070 1822 Palaestinam
1089 1784 1227 1823 videret
1246 1785 1310 1822 ob-

322 1862 475 1896 secrans,
498 1861 562 1885 nec
581 1847 750 1886 Jeremias
771 1860 836 1898 pro
854 1848 875 1885 J
880 1846 989 1883 udaeis
1008 1846 1228 1897 supplicans,
1246 1860 1310 1884 nec

326 1908 510 1946 Abraham
533 1922 597 1960 pro
614 1906 809 1946 Sodomitis
829 1920 969 1957 rogans.
993 1906 1067 1944 Sed
1091 1909 1170 1957 ipse
1188 1907 1308 1958 Spiri-

329 1978 389 2007 tus
403 1970 575 2021 postulat
594 1983 663 2020 pro
690 1970 798 2006 nobis
817 1969 1020 2020 gemitibus
1036 1969 1312 2005 inenarrabili-

328 2030 408 2068 bus.
431 2030 634 2068 Obscurum
652 2037 702 2066 est
721 2028 790 2066 hoc
809 2028 959 2076 dictum,
985 2027 1066 2079 quia
1088 2028 1213 2075 multa,
1234 2042 1311 2078 quae

327 2098 411 2127 tunc
427 2090 560 2127 fiebant
576 2089 761 2139 miracula,
781 2090 857 2141 jam
877 2098 1067 2127 cessarunt.
1088 2089 1312 2141 Quapropter

328 2164 464 2187 necesse
478 2159 531 2187 est
545 2149 669 2187 docere
682 2164 762 2198 vos,
777 2149 841 2199 qui
854 2159 937 2187 tunc
953 2159 1064 2187 status
1078 2163 1198 2186 rerum
1212 2158 1311 2198 esset,

328 2220 362 2248 et
377 2211 426 2248 sic
445 2210 591 2248 demum
607 2211 760 2262 apertior
778 2211 881 2248 vobis
901 2225 1016 2248 sermo
1029 2211 1109 2248 erit.
1128 2210 1218 2256 Quis
1229 2224 1312 2261 ergo

328 2281 414 2309 tune
435 2280 546 2308 status
565 2280 637 2308 erat
657 2271 674 2308 9
695 2271 845 2308 Diversa
864 2271 922 2320 iis,
943 2271 1005 2320 qui
1024 2270 1312 2322 baptizabantur,

329 2341 414 2369 tunc
441 2331 534 2369 dona
556 2330 770 2368 concedebat
793 2332 904 2376 Deus,
935 2345 1011 2380 quae
1039 2331 1145 2367 etiam
1166 2331 1312 2382 spiritus
1323 2359 1370 2384 586

329 2393 547 2431 vocabantur
559 2392 735 2442 :Spiritus
748 2394 846 2428 enim
856 2393 1142 2442 prophetarum,
1154 2393 1272 2444 proph
1279 2406 1311 2429 e·
1335 2398 1360 2425 A

331 2457 378 2491 tis
406 2455 565 2505 subjecti
591 2461 696 2498 sunt,
722 2452 850 2502 inquit.
880 2452 928 2489 Et
953 2452 1043 2489 alius
1065 2451 1208 2502 quidem
1227 2466 1313 2504 pro-

329 2513 458 2566 phetiae
485 2513 617 2550 dunum
635 2513 803 2562 habebat,
827 2521 861 2549 et
884 2512 1003 2550 futura
1022 2512 1312 2564 praenuntiabat3

329 2574 422 2612 alius
441 2573 632 2625 sapientiae,
652 2582 685 2610 et
703 2574 841 2620 multos*
852 2572 1001 2611 docebat
1019 2589 1031 2623 3
1052 2573 1144 2611 alius
1159 2574 1314 2611 curatio-

330 2650 430 2685 num,
458 2645 489 2673 et
514 2626 624 2686 aegros
646 2635 815 2683 curabat;
841 2635 933 2672 alius
951 2635 1139 2684 virtutum,
1162 2644 1195 2674 et
1217 2649 1315 2673 mor-

330 2708 408 2737 tuos
433 2698 652 2746 suscitabat;
674 2698 765 2735 alius
790 2697 1008 2748 linguarum,
1032 2706 1066 2735 et
1089 2697 1240 2736 diversis
1262 2697 1316 2735 lo-

330 2760 504 2810 quebatur
527 2759 688 2797 vocibus.
714 2760 804 2796 Cum
822 2758 879 2796 his
899 2758 1063 2796 omnibus
1087 2768 1160 2796 erat
1179 2767 1211 2796 et
1232 2773 1315 2796 ora-

330 2823 438 2860 tionis
454 2823 602 2866 donum,
625 2821 722 2872 quod
740 2822 859 2873 ipsum
881 2822 1029 2873 spiritus
1049 2821 1234 2859 dicebatur
1251 2837 1262 2871 3
1283 2831 1317 2860 et

331 2886 395 2936 qui
416 2885 508 2923 illud
529 2885 695 2934 habebat,
719 2899 783 2936 pro
802 2893 873 2922 tota
893 2885 1124 2922 multitudine
1142 2885 1314 2936 precaba-

332 2955 404 2983 tur.
440 2945 534 2992 Quia
563 2945 657 2982 cnim
683 2945 795 2982 multa
823 2959 961 2993 eorum,
987 2959 1065 2995 quae
1091 2945 1191 2982 nobis
1215 2945 1317 2982 utilia

333 3015 427 3054 sunt,
441 3006 656 3057 ignorantes,
675 3005 817 3042 inutilia
834 3006 1070 3057 postulamus,
1087 3005 1221 3043 donum
1240 3020 1315 3043 ora-

333 3066 439 3103 tionis
454 3066 499 3103 ad
514 3066 718 3117 quempiam
733 3079 868 3112 eorum,
888 3065 950 3116 qui
970 3074 1054 3102 tunc
1073 3075 1183 3112 crant,
1201 3065 1317 3102 venie-

332 3127 409 3173 bat,
423 3135 456 3163 et
472 3126 567 3176 quod
582 3126 646 3163 toti
662 3126 828 3163 Ecclesiae
843 3125 1075 3173 conducebat,
1092 3125 1126 3163 id
1149 3126 1209 3162 ille
1223 3135 1316 3163 stans

336 3189 551 3239 postulabat,
582 3189 737 3239 aliosque
759 3187 918 3226 docebat.
952 3188 1125 3240 Spiritum
1151 3201 1234 3239 ergo
1259 3188 1317 3225 hic

337 3260 439 3287 vocat
456 3250 662 3302 hujusmodi
675 3250 822 3297 donum,
841 3260 874 3288 et
889 3250 1044 3288 animam
1060 3265 1137 3302 quae
1153 3251 1246 3290 illud
1260 3265 1315 3290 ac-

1341 3058 1363 3087 B

382 3388 395 3402 a
419 3379 431 3419 [
446 3380 480 3408 A.
500 3385 532 3409 et
548 3389 650 3421 marg.
670 3378 770 3412 Savil.
789 3387 841 3417 τῆς
855 3385 907 3415 τοῦ
922 3380 1115 3424 πνεύματος]

791 256 828 284 S.
866 252 1050 283 JOANNIS
1086 250 1321 280 CHRYSOST.
1359 249 1566 278 ARcmEP.
1603 248 1959 278 CONSTANTINOP-

1380 329 1439 367 καὶ
1460 330 1502 366 δι’
1525 329 1630 374 αὐτῆς
1655 328 1760 365 πάλιν
1777 327 1853 370 τοὺς
1869 326 1992 370 πόνους
2012 343 2071 365 σου
2090 326 2318 379 κουφίζοντος.
2340 320 2402 365 Εἷ-

1381 403 1443 434 τα,
1462 387 1518 425 ἵνα
1539 388 1669 438 μάθῃς,
1692 387 1745 425 ὅτι
1765 389 1827 424 οὐκ
1849 389 1882 424 ἓν
1904 392 1974 430 τοῖς
2005 387 2119 430 πόνοις
2145 402 2204 424 σου
2228 386 2329 436 μόνον
2345 386 2404 423 καὶ

1380 454 1451 491 τοῖς
1470 448 1637 491 κινδύνοις
1653 447 1871 500 παρέστηκεν
1895 448 1982 493 αὕτη
2001 450 2018 493 ἡ
2037 447 2157 500 χάρις,
2182 446 2272 484 ἀλλὰ
2289 446 2348 484 καὶ
2369 449 2402 483 ἐν

1378 515 1449 552 τοῖς
1476 509 1724 550 εὖκολωτάτοις
1759 510 1915 546 δοκοῦσιν
1954 502 2041 545 εἶναι
2078 508 2317 560 συμπράττει,
2344 506 2404 544 καὶ

1378 572 1559 620 πανταχοῦ
1579 568 1641 615 τὴν
1660 570 1742 619 παρ’
1767 571 1890 613 ἑαυτῆς
1904 566 2052 619 εἰσφέρει
2072 567 2290 620 συμμαχίαν,
2313 567 2404 612 ἐπή-

1377 644 1464 680 γαγε
1487 629 1596 680 λέγων
1611 645 1618 652 ·
1639 630 1691 666 Τὸ
1706 629 1773 679 γὰρ
1790 627 2104 681 τίπροσευξώμεθα
2120 631 2196 666 καθ’
2218 629 2235 666 ὃ
2253 629 2324 674 δεῖ,
2345 629 2405 665 οὒκ

1379 688 1533 739 οἴδαμεν.
1553 691 1675 727 Ταῦτα
1696 689 1730 726 δὲ
1745 688 1859 738 ἔλεγε,
1880 687 1941 734 τήν
1959 703 1996 725 τε
2012 687 2144 734 πολλὴν
2166 693 2225 725 τοῦ
2241 686 2405 736 Πνεύμα-

1378 764 1435 792 τος
1451 749 1614 802 πρόνοιαν
1635 748 1808 799 ἐμφαίνων
1834 748 1896 794 τὴν
1917 747 1997 800 περὶ
2016 752 2130 797 ἡμᾶς,
2147 748 2206 785 καὶ
2230 747 2402 785 παιδεύων

1379 810 1520 855 αὐτοὺς,
1543 809 1592 859 μὴ
1615 809 1751 851 πάντως
1771 810 1884 846 ἐκεῖνα
1898 808 2047 857 νομίζειν
2064 802 2149 845 εἶναι
2166 807 2403 860 συμφέροντα,

1378 870 1399 907 ἃ
1415 877 1484 914 τοῖς
1508 872 1687 921 λογισμοῖς
1707 869 1865 921 φαίνεται
1888 875 1958 911 τοῖς
1986 868 2225 920 ἀνθρωπίνοις.
2250 868 2397 914 Ἐπειδὴ

1375 931 1443 983 γὰρ
1476 926 1516 978 ἦν
1547 931 1636 973 εἰκὸς
1663 929 1785 973 αὐτοὺς
1811 928 2101 980 μαστιζομένους,
2134 929 2397 979 ἐλαυνομένους.

1377 991 1484 1044 μυρία
1510 991 1713 1042 πάσχοντας
1739 990 1851 1037 δεινὰ,
1878 989 1993 1027 ἄνεσιν
2021 992 2147 1036 ζητεῖν,
2169 988 2229 1027 καὶ
2250 988 2401 1039 νομίζειν

1377 1054 1493 1095 αὐτοῖς
1514 1053 1705 1089 λυσιτελεῖν
1729 1050 1788 1089 καὶ
1809 1050 1938 1095 ταύτην
1966 1052 2071 1088 αἰτεῖν
2098 1049 2196 1101 παρὰ
2223 1052 2282 1086 τοῦ
2309 1050 2401 1087 Θεοῦ

1376 1112 1439 1159 τὴν
1456 1113 1575 1166 χάριν,
1610 1112 1703 1163 λέγει
1718 1128 1726 1135 ·
1759 1111 1807 1161 μὴ
1828 1112 1966 1154 πάντως
1987 1111 2031 1149 τὰ
2054 1112 2217 1149 δοκοῦντα
2241 1111 2322 1160 ὑμῖν
2358 1103 2404 1146 εἷ-

1376 1189 1433 1211 ναι
1454 1173 1690 1224 συμφέροντα,
1719 1177 1828 1210 ταῦτα
1847 1171 1906 1209 καὶ
1932 1165 2019 1209 εἶναι
2038 1172 2205 1222 νομίζετε.
2231 1170 2301 1208 Καὶ
2335 1168 2403 1220 γὰρ

1641 1248 1655 1274 ς
1687 1236 1746 1269 τοῦ
1779 1234 1870 1270 Θεοῦ
1906 1230 2052 1281 δεόμεθα
2091 1230 2267 1282 βοηθείας·
2298 1228 2403 1270 οὕτως

1569 1237 1582 1252 a
1593 1235 1635 1256 ...⁴⁹

1377 1236 1425 1276 εἷς
1450 1237 1550 1271 τοῦτο
1601 1249 1635 1278 ιη

1376 1294 1469 1333 ἐστὶν
1490 1293 1635 1339 ἀσθενὴς
1655 1297 1672 1331 ὃ
1693 1294 1889 1344 ἅνθρωπος,
1908 1292 1966 1330 καὶ
1984 1293 2059 1330 καθ’
2074 1291 2192 1328 ἑαυτὸν
2212 1290 2319 1328 οὐδέν.
2339 1289 2403 1326 Διὸ

1376 1354 1435 1391 καὶ
1452 1354 1565 1405 ἔλεγε·
1581 1354 1633 1391 Τὸ
1660 1353 1727 1405 γὰρ
1753 1352 1787 1389 τί
1814 1351 2083 1404 προσευξώμεθα
2111 1353 2188 1388 καθ’
2212 1351 2229 1388 ὃ
2249 1351 2319 1396 δεῖ,
2341 1351 2403 1386 οὐκ

1377 1415 1531 1464 οἴδαμεν.
1553 1413 1630 1451 Ἵνα
1651 1412 1718 1465 γὰρ
1738 1412 1866 1462 μηκέτι
1887 1414 1904 1448 ὃ
1928 1411 2085 1461 μαθητὴς
2111 1410 2320 1462 αἰσχύνηται
2339 1409 2402 1455 τὴν

1378 1475 1534 1525 ἄγνοιαν,
1560 1472 1666 1517 ἔδειξε
1686 1473 1745 1511 καὶ
1773 1472 1850 1515 τοὺς
1881 1472 2109 1514 διδασκάλους
2132 1474 2165 1509 ἐν
2187 1476 2258 1514 τοῖς
2291 1473 2405 1514 αὐτοῖς

1377 1534 1489 1577 ὄντας.
1515 1536 1566 1572 Οὐ
1588 1533 1654 1585 γὰρ
1676 1527 1781 1580 εἶπεν,
1799 1535 1859 1571 οὐκ
1884 1532 2020 1580 οἴδατε,
2038 1532 2128 1577 ἀλλ“,
2148 1534 2224 1570 Οὐκ
2249 1531 2404 1581 οἴδαμεν.

1379 1595 1450 1632 Καὶ
1471 1594 1525 1633 ὅτι
1544 1597 1581 1632 οὐ
1605 1595 1797 1645 μετριάζων
1823 1597 1933 1630 ταῦτα
1952 1593 2080 1644 ἔλεγεν,
2101 1593 2254 1639 ἐδήλωσε
2273 1593 2315 1629 δι’
2333 1591 2405 1629 ἑτέ-

1381 1671 1460 1706 ρων.
1483 1655 1551 1693 Καὶ
1575 1654 1642 1706 γὰρ
1666 1653 1897 1697 ἀδιαλείπτως
1918 1653 2058 1692 ἐπὶτῶν
2079 1655 2283 1705 προσευχῶν
2300 1653 2405 1691 αὐτοῦ

1378 1716 1441 1762 τὴν
1459 1715 1602 1766 Ῥώμην
1628 1717 1710 1753 ἰδεῖν
1735 1716 1863 1762 ἐδεῖτο,
1896 1715 1955 1752 καὶ
1987 1717 2052 1766 οὐχ
2083 1714 2138 1752 ὅτε
2165 1715 2298 1761 ἐδεῖτο,
2324 1713 2403 1751 τότε

1380 1777 1545 1828 ἐπέτυχε·
1564 1776 1622 1814 καὶ
1642 1775 1731 1827 ὑπὲρ
1748 1781 1807 1814 τοῦ
1827 1775 1996 1818 σκόλοπος
2026 1779 2085 1812 τοῦ
2109 1774 2289 1825 δεδομένου
2310 1777 2403 1825 αὐτῷ

1380 1839 1414 1875 ἓν
1435 1840 1476 1888 τῇ
1509 1836 1631 1888 σαρκὶ,
1648 1835 1827 1883 τουτέστι,
1857 1835 1942 1887 ὑπὲρ
1961 1838 2028 1872 τῶν
2051 1834 2214 1872 κινδύνων
2236 1833 2405 1877 πολλάκις

1380 1898 1620 1948 παρεκάλεσε,
1646 1897 1706 1934 καὶ
1731 1897 1926 1949 ὁλοσχερῶς
1946 1895 2115 1947 ἀπέτυχε·
2135 1894 2194 1933 καὶ
2214 1898 2232 1932 ὁ
2252 1896 2406 1939 Μωϋσῆς

1382 1957 1416 1995 δὲ
1450 1960 1483 1996 ἐν
1514 1961 1556 2009 τῇ
1580 1959 1725 2009 Παλαιᾷ
1762 1956 1847 2009 ὑπὲρ
1874 1960 1933 1993 τοῦ
1964 1955 2026 2001 τὴν
2054 1954 2296 2002 Παλαιστίνην
2323 1955 2405 1992 ἰδεῖν

1382 2018 1561 2068 δεόμενος,
1589 2017 1648 2056 καὶ
1673 2020 1690 2054 ὃ
1721 2016 1891 2069 Ἱερεμίας
1915 2015 2001 2067 ὑπὲρ
2021 2015 2197 2054 Ἰουδαίων
2222 2015 2405 2061 ἱκετεύων,

1382 2079 1471 2116 καὶὸ
1492 2078 1627 2131 Ἀἕρὰμ
1641 2077 1727 2129 ὑπὲρ
1747 2079 1948 2127 Σοδομιτῶν
1967 2076 2196 2128 ἐντυγχάνων.
2216 2075 2307 2113 Ἀλλ’
2325 2076 2407 2113 αὐτὸ

1382 2140 1421 2178 τὸ
1454 2141 1601 2189 Πνεῦμα
1636 2138 1928 2190 ὑπερεντυγχάνει
1962 2136 2049 2190 ὑπὲρ
2078 2140 2178 2187 ἡμῶν
2199 2142 2406 2188 στεναγμοῖς

1385 2200 1731 2251 ἀλαλήτοιςἈσαφὲς
1744 2198 1783 2236 τὸ
1801 2198 1980 2250 εἰρημένον
1996 2198 2052 2235 διὰ
2071 2197 2109 2235 τὸ
2121 2197 2234 2235 πολλὰ
2250 2201 2317 2235 τῶν
2330 2196 2408 2234 τότε

1383 2261 1571 2311 γινομένων
1598 2260 1784 2309 θαυμάτων
1809 2262 2007 2296 πεπαῦσθαι
2037 2262 2108 2296 νῦν.
2139 2258 2269 2309 Διόπερ
2300 2260 2407 2308 ἀναγ-

1511 2319 1603 2333 -κκιν
1665 2323 1674 2334 e

1384 2326 1480 2358 καῖον
1507 2334 1642 2362 οιοαςαι
1663 2326 1751 2369 υμᾶς
1778 2319 1841 2364 την
1868 2319 1945 2357 τότε
1976 2319 2206 2364 κατάστασιν,
2229 2318 2288 2356 καὶ
2317 2318 2407 2356 οὕτω

1385 2381 1590 2433 σαφέστερος
1608 2381 1727 2418 λοιπὸν
1744 2380 1841 2417 ἔσται
1861 2383 1878 2417 ὃ
1905 2379 2015 2430 λόγος.
2033 2379 2096 2422 Τίς
2115 2373 2172 2416 οῦν
2188 2383 2209 2426 ἡ
2232 2379 2308 2417 τότε
2336 2395 2406 2417 κα·-

1383 2442 1548 2484 τάστασις
1568 2436 1626 2489 ἦν,
1647 2440 1804 2492 Διάφορα
1824 2446 1910 2478 πᾶσι
1935 2445 2005 2483 τοῖς
2032 2440 2110 2487 τότε
2143 2440 2407 2491 βαπτιζομένοις

1384 2501 1494 2539 ἐδίδου
1515 2500 1720 2554 χαρίσματα
1743 2503 1760 2537 ὅ
1785 2501 1893 2547 Θεὸς,
1922 2500 1943 2536 ἃ
1965 2500 2005 2545 δὴ
2028 2499 2086 2537 καὶ
2112 2498 2293 2550 πνεύματα
2323 2503 2407 2538 ἐκα-

1383 2564 1492 2600 λεῖτο·
1522 2561 1714 2612 Πνεύματα
1734 2561 1799 2613 γὰρ
1820 2564 2006 2613 προφητῶν
2030 2560 2224 2612 προφήταις
2248 2561 2406 2598 ὑποτάσ-

1385 2639 1505 2671 σεται,
1525 2623 1622 2675 φησί.
1640 2622 1709 2660 Καὶ
1725 2626 1742 2660 ὁ
1759 2622 1819 2673 μὲν
1835 2616 1907 2673 εἶχε
1925 2621 2139 2673 προφητείας
2154 2622 2330 2674 χάρισμα,
2347 2621 2407 2659 καὶ

1385 2685 1550 2738 προέλεγε
1570 2684 1613 2721 τὰ
1631 2684 1819 2734 μέλλοντα·
1838 2686 1855 2722 ὃ
1875 2683 1909 2720 δὲ
1925 2683 2065 2735 σοφίας,
2084 2682 2143 2720 καὶ
2159 2683 2317 2721 ἐδίδασκε
2331 2682 2406 2725 τοὺς

1385 2745 1547 2788 πολλούς·
1565 2748 1581 2782 ὅ
1597 2745 1633 2783 δὲ
1651 2745 1822 2794 ἰαμάτων,
1836 2744 1896 2782 καὶ
1916 2743 2100 2796 ἐθεράπευε
2115 2742 2191 2786 τοὺς
2203 2747 2384 2786 νοσοῦντας
2399 2759 2406 2766 ·

1386 2810 1404 2845 ὃ
1433 2806 1468 2844 δὲ
1486 2806 1676 2856 δυνάμεων,
1696 2805 1754 2843 καὶ
1783 2805 1901 2856 ἤγειρε
1919 2804 1996 2847 τοὺς
2016 2804 2169 2856 νεκρούς·
2190 2806 2207 2841 ὅ
2229 2804 2263 2842 δὲ
2284 2805 2408 2855 γλωσ-

1387 2869 1470 2915 σῶν,
1497 2867 1557 2905 καὶ
1583 2866 1757 2918 διαφόροις
1789 2865 1905 2903 ἐλάλει
1936 2871 2074 2916 φωναῖς.
2099 2864 2198 2902 Μετὰ
2221 2864 2255 2903 δὲ
2277 2864 2406 2902 τούτων

1388 2927 1550 2966 ἁπάντων
1569 2923 1609 2974 ἦν
1630 2929 1688 2965 καὶ
1709 2929 1814 2977 εὐχῆς
1831 2926 2008 2977 χάρισμα,
2026 2926 2043 2964 ὃ
2070 2926 2129 2964 καὶ
2156 2926 2239 2964 αὐτὸ
2270 2930 2409 2975 πνεῦμα

1389 2989 1524 3040 ἐλέγετο
1537 3005 1544 3012 ·
1565 2988 1624 3025 καὶ
1647 2990 1663 3024 ὅ
1685 2992 1784 3025 τοῦτο
1802 2987 1904 3038 ἔχων,
1924 2985 2010 3037 ὑπὲρ
2032 2991 2090 3024 τοῦ
2113 2986 2263 3032 πλήθους
2282 2987 2410 3029 παντὸς

1389 3049 1528 3102 ηὔχετο.
1549 3047 1694 3094 Ἐπειδὴ
1727 3047 1793 3099 γὰρ
1820 3047 1933 3086 πολλὰ
1960 3050 2028 3084 τῶν
2063 3046 2305 3098 συμφερόντων
2325 3051 2409 3098 ἡμῖν

1390 3122 1607 3171 ἀγνοοῦντες,
1623 3119 1667 3155 τὰ
1690 3116 1737 3167 μὴ
1759 3117 1978 3168 συμφέροντα
1998 3118 2173 3166 αἰτοῦμεν,
2192 3116 2318 3169 ἤρχετο
2341 3117 2410 3168 χά-

1393 3202 1500 3239 ρισμα
1519 3187 1622 3237 εὐχῆς
1644 3186 1690 3227 εἷς
1706 3183 1765 3221 ἕνα
1783 3183 1861 3221 τινὰ
1879 3185 1946 3220 τῶν
1963 3182 2125 3231 τότε,καὶ
2145 3183 2183 3221 τὸ
2197 3186 2292 3234 κοινῇ
2306 3183 2407 3233 ’συμ-

1390 3251 1490 3303 φέρον
1508 3254 1569 3298 τ’ῆς
1587 3249 1800 3295 Ἐκκλησίας
1820 3249 1958 3295 ἁπάσης
1974 3249 2073 3292 αὐτός
2093 3265 2128 3287 τε
2142 3248 2227 3301 ὑπὲρ
2245 3248 2408 3286 ἁπάντων
