2502 3810
820 283 1031 312 EPts'TOLA
1070 284 1127 312 AD
1163 286 1257 313 MOS
1267 285 1401 315 ACHOS
1411 305 1419 314 .

85 363 200 408 Ἰησοῦ
214 360 357 412 Χριστὲ,
372 362 512 408 ἐλέησόν
530 378 593 413 με,
610 366 639 401 εἷ
652 363 710 400 καὶ
728 363 775 413 μὴ
797 366 899 401 κινῶν
920 364 962 401 τὰ
976 363 1095 416 χείλη,

83 413 175 451 ἀλλὰ
205 416 248 464 τῇ
272 414 404 466 ’διανοίᾳ
436 417 541 465 βοῶν·
565 416 623 452 καὶ
655 415 867 453 σιωπώντων
887 415 953 467 γὰρ
982 415 1097 454 ἀκούει

82 468 100 502 ὃ
119 466 220 508 Θεός.
243 468 295 504 Οὐ
328 468 481 513 ζητεῖται
510 467 743 522 τόπος,“ᾁλλὰ
772 468 915 519 τρόπος·
936 468 1000 505 κᾶν
1031 467 1097 519 γὰρ

82 516 238 575 ὅπουπερ
254 518 292 556 διν
311 514 370 570 ἧς,
387 519 486 570 εὔχου
499 536 507 542 ·
529 520 608 563 ναὸς
627 524 655 557 εἰ
669 550 678 567 ,
699 520 746 569 μὴ
768 521 860 566 ζήτει
878 519 995 557 τόπον.
1015 519 1096 557 Θά-

83 571 197 608 λασσα
215 571 257 618 ἦν
287 572 492 622 ἔμπροσθεν,
519 572 658 610 ὄπισθεν
681 573 885 623 Αἰγύπτιοι,
906 573 963 610 καὶ
993 571 1096 622 μέσον

80 624 101 659 ὁ
118 624 269 670 Maius-”qq
288 624 394 673 μηδὲν
408 627 522 662 λαλῶν
537 640 544 647 ·
565 625 622 662 καὶ
639 624 732 674 λέγει
747 625 829 676 πρὸς
845 625 945 662 αὐτὸν
963 627 979 662 ὁ
993 624 1098 669 Θεὸς,

85 673 133 711 Τί
153 677 235 727 βοᾷς
254 677 339 726 πρός
358 692 417 725 με,
436 677 506 714 Καὶ
525 676 565 714 σὺ
587 677 699 715 τοίνυν
717 675 796 714 ὅταν
813 676 1004 730 πειρασμὸς
1023 677 1097 712 ἐπι-

83 730 165 778 τεθῇ
187 741 260 773 σοι,
281 728 337 766 ἐπὶ
359 728 415 766 τὸν
433 729 522 766 Θεὸν
547 729 741 781 κατάφυγε,
758 729 814 766 τὸν
830 728 1010 775 Δεσπότην
1027 727 1098 773 Ἰη-

84 781 164 815 σοῦν
179 781 336 818 κάλεσον.
354 781 413 826 Μὴ
426 780 493 832 γὰρ
505 781 684 832 ἄνθρωπός
697 783 803 827 ἐστιν,
820 781 875 818 ἵνα
885 780 1036 830 ἀπέλθῃς
1051 783 1098 822 εἰς

84 829 209 878 τόπον;
224 832 269 870 cO
295 831 384 874 Θεὸς
403 833 456 870 ἀεὶ
481 834 581 883 ἐγγύς
608 837 714 871 ἐστιν.
731 832 814 871 Ἔτι
836 837 896 870 σοῦ
914 835 1099 874 λαλοῦντος

84 884 171 934 ἐρεῖ,
191 883 261 922 ἰδοὺ
276 884 435 936 πάρειμι.
452 885 599 923 Οὐδέπω
615 887 724 928 τελεῖς
739 885 801 931 τὴν
825 885 945 936 εὐχὴν,
957 885 1020 923 καὶ
1038 886 1100 921 αὖ·

84 935 141 978 τὸς
159 936 222 982 τὴν
244 936 380 982 αἴτησιν
397 936 548 974 δίδωσιν.
571 937 656 975 Ἐὰν
677 937 743 988 γὰρ
757 937 820 983 τὴν
841 937 993 975 διάνοιαν
1017 936 1100 992 ἔγῶῃς

84 989 339 1040 καθαρεύουσαν
369 992 437 1026 τῶν
465 989 602 1027 ἀτόπων
626 993 758 1035 παθῶν,
776 989 839 1026 κᾶν
860 991 894 1026 ἐν
915 992 1024 1041 ἀγορᾷ
1041 994 1099 1041 ᾑς,

85 1038 148 1076 κᾶν
167 1044 200 1079 ἐν
220 1043 287 1092 ὀδῷ
302 1071 310 1085 ,
332 1041 394 1079 κᾶν
416 1044 448 1078 ἐν
470 1041 646 1093 θαλάσσῃ,
662 1042 725 1079 κᾶν
745 1043 779 1078 ἐν
799 1041 1014 1093 πανδοχείῳ,
1036 1042 1099 1080 κᾶν

85 1090 236 1143 ὅπουπερ
256 1093 296 1130 ἂν
321 1088 380 1144 ἧς,
401 1093 530 1144 δυνήσῃ
562 1094 618 1132 τὸν
638 1093 726 1132 Θεὸν
749 1092 897 1136 καλέσας
923 1095 1100 1145 ἐπιτυχεῖν

85 1145 148 1189 τῆς
167 1145 346 1190 αἰτήσεως.
366 1146 561 1193 Πολλάκις,
577 1146 692 1197 φησὶν,
708 1145 840 1196 ᾔτησα,
861 1144 919 1182 καὶ
943 1147 1003 1183 οὐκ
1021 1147 1101 1184 ἔλα,

85 1194 158 1232 δον.
176 1196 343 1243 Πάντως,
364 1197 417 1235 ὅτι
432 1200 546 1239 κακῶς
565 1197 732 1249 ᾔτησαςῆ
755 1196 944 1243 ἀπίστωςῆ
967 1197 1101 1247 μετεώ-

88 1262 154 1298 ρως
174 1247 195 1293 ἢ
214 1248 257 1286 τὰ
275 1248 322 1298 μὴ
346 1249 564 1300 συμφέροντά
586 1266 656 1287 σοι·
679 1251 707 1287 εἰ
737 1250 771 1286 δὲ
795 1248 853 1286 καὶ
884 1249 1102 1301 συμφέροντα

86 1300 254 1343 πολλάκις
281 1301 430 1351 ᾔτησας,
464 1303 540 1338 ἀλλ’
571 1303 608 1339 οὗ
642 1302 865 1353 παρέμεινας.
901 1302 1103 1352 Γέγραπται

87 1351 174 1403 γάρ·
211 1352 272 1390 Ἐν
303 1357 346 1404 τῇ
379 1357 533 1404 ὑπομονῇ
568 1358 662 1403 ὑμῶν
692 1354 865 1407 κτήσασθε
898 1354 958 1397 τὰς
990 1354 1105 1406 ψυχὰς

86 1407 183 1452 ὑμῶν
199 1420 206 1428 ·
227 1405 284 1442 καὶ
297 1435 306 1451 ,
323 1405 367 1443 <Ο
386 1405 574 1455 ὑπομείνας
590 1409 635 1449 εἷς
654 1405 751 1448 τέλος
762 1436 770 1452 ,
787 1410 883 1448 οὗτος
898 1406 1104 1452 σωθήσεται.

88 1455 174 1494 Ἐὰν
192 1457 259 1508 γὰρ
276 1459 336 1494 οὐκ
364 1459 508 1508 αἰτήσῃς
538 1459 624 1507 μετὰ
645 1457 803 1508 καμάτου
824 1457 883 1495 καὶ
902 1462 1106 1510 παραμονῆς

87 1511 241 1556 πολλῆς,
271 1511 308 1546 οὐ
334 1509 536 1559 λαμὲάνεις.
554 1514 615 1548 Δεῖ
644 1509 711 1560 γὰρ
739 1509 904 1573 πρότερον
933 1515 1104 1556 ποθῆσαι,

87 1562 289 1608 ποθήσαντα
308 1561 344 1598 δὲ
365 1565 511 1608 ζητῆσαι
528 1563 560 1605 ἐξ
582 1562 743 1608 ἀληθείας
760 1565 792 1599 ἐν
811 1577 925 1599 πιστει
945 1562 1004 1599 καὶ
1019 1565 1106 1599 ὓπο-

90 1616 177 1664 μονῇ
210 1613 254 1651 τὰ
275 1614 411 1664 ἑκάστῳ
433 1613 672 1666 συμφέροντα,
695 1616 728 1651 ἐν
759 1614 880 1663 μηδενὶ
908 1613 1107 1666 κρινόμενος

88 1665 153 1703 ὑπὸ
181 1669 238 1703 τοῦ
266 1666 477 1712 συνειδότος,
499 1669 545 1708 ὡς
573 1668 710 1715 ἀμελῶς
741 1665 762 1710 ἢ
797 1666 958 1717 ῥαθύμως
977 1669 1105 1703 αἰτῶν·

87 1718 147 1754 καὶ
167 1718 244 1755 τότε
264 1718 473 1768 λαμῧάνεις,
494 1719 549 1756 ὅτε
580 1719 669 1756 Θέλει
687 1722 704 1756 ὁ
722 1718 822 1760 Θεός.
850 1720 1012 1770 Κρεῖττον
1039 1718 1106 1769 γάρ

88 1784 148 1808 σου
171 1764 240 1807 οἶδε
263 1771 306 1808 τὰ
322 1770 542 1822 συμφέροντά
555 1786 634 1817 σου,
655 1769 715 1807 καὶ
732 1771 812 1812 ἴσως
833 1769 888 1807 διὰ
910 1774 1011 1807 τοῦτο
1027 1773 1107 1808 ἀνα-

89 1822 276 1868 ὅάλλεται,
299 1823 362 1868 τὴν
383 1823 466 1874 πρὸς
484 1823 583 1860 αὐτὸν
612 1822 819 1873 προσεδρίαν
845 1837 905 1859 σου
926 1823 1110 1873 σοφιζόμε-«

93 1889 164 1920 νος,
181 1873 237 1911 ἵνα
267 1878 356 1926 γνῷς
380 1875 414 1912 τί
449 1877 522 1912 ἐστι
550 1876 657 1926 δῶρον
690 1876 798 1922 Θεοῦ,
815 1874 874 1911 καὶ
900 1875 1052 1925 φυλάξῃς
1069 1875 1109 1913 τὸ

93 1925 188 1963 δοθὲν
206 1927 294 1976 μετὰ
311 1927 430 1978 φόὸου.
451 1929 528 1965 Πᾶν
543 1927 609 1978 γὰρ
630 1927 655 1972 ,ὃ
677 1926 765 1977 μετὰ
794 1926 953 1976 καμάτου
979 1929 1109 1965 πολλοῦ

91 1978 218 2015 κτᾶταί
233 1995 302 2026 τις,
323 1980 507 2023 σπουδάζει
530 1984 630 2018 τοῦτο
652 1978 851 2031 φυλάσσειν,
875 1978 931 2015 ἵνα
951 1978 999 2029 μὴ
1020 1981 1108 2017 ἀπο-

91 2030 195 2072 λέσας
216 2032 316 2077 αὐτὸ,
337 2032 489 2081 ἀπολέσῃ
514 2032 574 2069 καὶ
597 2033 654 2070 τὸν
678 2029 784 2069 πολὺν
808 2031 910 2068 αὐτοῦ
938 2031 1108 2081 κάματον,

91 2082 151 2119 καὶ
165 2082 228 2128 τὴν
246 2084 349 2134 χάριν
369 2089 427 2121 τοῦ
455 2083 582 2135 Κυρίου
609 2083 780 2128 ἀθετήσας
806 2082 941 2126 ἀνάξιος
968 2083 1108 2133 γένηται

91 2136 152 2179 τῆς
172 2136 310 2173 αἰωνίου
331 2138 431 2181 ζωῆς.
459 2136 507 2174 Τί
524 2135 592 2188 γὰρ
622 2136 781 2187 ὠφέλησε
810 2135 868 2172 τὸν
896 2136 1110 2184 Σολομῶντα

89 2186 226 2237 ταχέως
249 2187 474 2237 λαμὸάνοντα
493 2190 554 2243 τῇς
573 2189 694 2240 σοφίας
712 2187 775 2233 τὴν
793 2187 910 2238 χάριν,
938 2188 996 2224 καὶ
1016 2190 1108 2226 ἀπο-

89 2239 242 2276 λέσαντα
266 2239 395 2286 αὖτήν;
415 2241 476 2286 Μὴ
494 2244 551 2278 οὖν
580 2239 800 2292 ὀλιγοψύχει,
823 2240 882 2277 ἐὰν
908 2239 956 2288 μὴ
974 2239 1109 2291 ταχέως

89 2290 200 2342 λάὸῃς
216 2291 255 2328 τὸ
272 2292 406 2342 αἴτημά
421 2308 493 2330 σου.
512 2294 556 2330 Εἰ
572 2293 639 2344 γὰρ
651 2293 726 2343 ᾔδει
739 2295 757 2329 ὃ
773 2292 899 2342 ἀγαθὸς
910 2292 1108 2339 Δεσπότης,

89 2341 142 2380 ὅτι
160 2343 294 2394 ταχέως
313 2345 503 2394 λαμὲάνων
522 2344 584 2390 τὴν
605 2345 707 2396 χάριν
734 2346 795 2381 οὐκ
821 2344 955 2394 ἀπόλῃς
989 2343 1108 2391 αὐτὴν,

89 2393 226 2445 ἕτοιμος
241 2391 283 2442 ἦν
297 2397 357 2434 καὶ
375 2400 444 2447 πρὸ
462 2400 524 2443 τῆς
543 2398 712 2442 αἰτήσεως
731 2402 924 2448 παρασχεῖν
946 2411 1020 2433 σοι·
1037 2396 1108 2434 νυνὶ

90 2446 127 2484 δὲ
146 2447 335 2497 κηδόμενός
354 2465 433 2494 σου,
449 2452 550 2487 τοῦτο
568 2456 670 2487 ποιεῖ.
688 2450 732 2486 Εἰ
750 2448 818 2500 γὰρ
838 2451 854 2486 ὃ
875 2447 993 2486 λαὸὼν
1025 2450 1107 2486 δοῦ-

89 2499 147 2541 λος
167 2499 206 2536 τὸ
233 2499 413 2545 τάλαντον,
433 2500 493 2537 καὶ
520 2503 607 2538 σῶον
637 2501 722 2539 αὐτὸ
749 2500 919 2551 φυλάξας,
940 2499 1026 2537 διότι
1057 2500 1105 2549 μὴ

89 2552 386 2602 προσειργάσατο,
405 2553 591 2603 κατεκρίθη
605 2568 612 2575 ·
633 2554 752 2602 πολλῷ
776 2553 906 2601 μᾶλλον
935 2554 952 2588 ὁ
977 2551 1106 2589 ἀπολέ-

89 2618 152 2645 σας
175 2605 258 2642 αὐτὸ
268 2603 747 2655 κατακριθήσεται.Πρόσεχε
765 2605 899 2654 σεαυτῷ
913 2633 922 2651 ,
940 2603 998 2640 καὶ
1013 2618 1106 2640 παν-

89 2655 235 2706 ταχόθεν
263 2656 404 2694 σεαυτὸν
437 2656 690 2706 περισκέπτου·
717 2654 906 2704 ἀκοίμητον
935 2655 992 2705 ἔχε
1021 2655 1106 2704 πρὸς

89 2705 152 2752 τὴν
170 2712 314 2746 σεαυτοῦ
336 2707 491 2759 φυλακὴν
520 2708 579 2745 καὶ
609 2711 668 2745 τοῦ
699 2707 773 2750 νοὸς
803 2706 917 2757 ὄμμα·
949 2709 983 2744 ἐν
1009 2706 1105 2758 μέσῳ

89 2759 245 2809 παγίδων
275 2760 483 2803 διαὸαίνεις·
514 2759 747 2812 κεκρυμμένοι
782 2759 901 2810 βρόχοι
926 2758 1022 2813 παρὰ
1045 2763 1104 2795 τοῦ

76 2813 214 2864 ἐχθροῦ
231 2812 446 2864 πανταχόθεν
473 2812 756 2862 καταπεπῆγασι.
776 2812 902 2849 Πάντα
923 2815 978 2848 οὐν
1009 2826 1106 2861 περι-

90 2864 233 2911 σκόπει,
252 2864 308 2902 ἵνα
328 2865 422 2915 σώζῃ
438 2864 555 2916 ὥσπερ
583 2864 705 2915 δορκὰς
721 2865 759 2901 ἐκ
792 2862 939 2914 βρόχων.
965 2862 1104 2908 Ἐκείνη

90 2915 157 2968 γὰρ
177 2917 353 2960 ἀνάλωτός
380 2919 453 2954 ἐστι
486 2922 558 2959 τοῖς
581 2916 735 2970 βρόχοις,
764 2915 821 2953 διὰ
840 2917 903 2961 τὴν
924 2917 985 2960 τῆς
1017 2915 1104 2966 ὁρά-

91 2983 178 3012 σεως
197 2969 363 3015 ὀξύτητα·
385 2969 458 3008 ὅθεν
478 2970 537 3006 καὶ
557 2968 737 3018 ἐπώνυμός
770 2969 844 3005 ἐστι
871 2969 932 3012 τῆς
965 2967 1104 3018 ὀξυδορ-

89 3019 181 3064 κίας.
203 3021 340 3059 Ἐκεῖνο
358 3022 473 3072 μέντοι
492 3037 530 3072 γε
545 3020 725 3072 γινώσκειν
747 3019 838 3070 χρὴ,
858 3019 909 3056 ὅτι
939 3018 1015 3055 οὔτε
1036 3019 1102 3056 ἀλ-

90 3073 154 3116 λης
173 3072 264 3114 τινὸς
285 3076 423 3119 ἐντολῆς
442 3074 600 3125 τήρησιν,
621 3073 697 3111 οὔτε
718 3072 824 3117 αὐτὴν
853 3072 914 3118 τὴν
935 3070 1019 3123 πρὸς
1047 3071 1103 3108 τὸν

91 3124 181 3162 Θεὸν
204 3124 356 3173 ἀγάπην,
377 3126 454 3162 οὔτε
480 3125 542 3171 τὴν
567 3126 651 3176 πρὸς
668 3125 725 3163 τὸν
755 3124 902 3170 πλησίον
932 3123 1104 3171 δυνάμεθα

92 3178 322 3227 κατορθῶσαι.
346 3179 468 3214 ἄλλοτε
497 3178 577 3229 περὶ
608 3178 699 3215 ἄλλα
729 3180 813 3222 ἃτῆς
843 3175 991 3217 διανοίας
1011 3176 1103 3212 ἀπο-

92 3227 332 3277 πλανώμενοι·
353 3228 443 3266 ἀλλὰ
459 3229 517 3266 καὶ
532 3232 554 3274 ἡ
571 3229 718 3274 ἄσκησις
741 3233 802 3275 τ’ἧς
831 3228 920 3265 κατὰ
938 3227 977 3265 τὸ
1000 3229 1100 3276 εὐαγ-

93 3281 206 3331 γέλιον
225 3283 284 3318 τοῦ
319 3282 471 3331 Χριστοῦ
493 3280 579 3331 πρὸς
603 3281 693 3319 Θεὸν
724 3280 978 3331 εὐαρεστήσεως
1007 3280 1039 3316 ἐν
1060 3282 1102 3329 τῇ

140 3414 153 3426 ²
180 3401 300 3444 [Savil.
322 3408 358 3435 ϊσ.
380 3411 416 3446 τῇ
431 3405 570 3445 διάνοιαι]

2054 277 2145 337 9³7

1110 363 1155 428 31⁹
1169 364 1247 416 ptii,
1268 366 1303 402 in
1323 366 1441 404 medio
1461 368 1603 419 Moyses
1622 368 1713 406 nihil
1739 369 1885 420 loquens
1903 379 1961 408 :et
1987 369 2076 409 dicit
2094 372 2149 409 illi

1122 416 1131 428 ³
1169 418 1266 454 Deus
1284 433 1291 453 :
1312 419 1415 468 Quid
1436 420 1584 457 clamas
1613 422 1772 458 adme?
1796 421 1842 459 Et
1860 432 1896 459 tu
1917 422 2040 473 igitur,
2066 438 2149 461 cum

1168 470 1314 506 tentatio
1332 471 1479 521 ingruit,
1500 471 1543 508 ad
1561 473 1677 509 Deum
1697 474 1858 524 confuge,
1880 475 2075 513 Dominum
2090 478 2149 515 Je-

1170 534 1247 557 sum
1260 534 1358 559 voca.
1373 523 1468 559 Num
1480 523 1584 561 homo
1604 533 1668 573 est,
1685 534 1723 562 ut
1741 526 1860 563 locum
1886 528 2077 576 quemdam
2090 543 2150 580 pe-

1168 572 1346 610 tasPDeus
1357 588 1493 626 semper
1507 589 1615 626 prope
1627 577 1837 614 estAdlzuc
1847 586 1883 615 te
1898 580 2077 630 loquente
2091 581 2148 617 cli-
2163 593 2238 621 lsai.
2251 589 2302 620 58.
2312 599 2343 628 9.

1169 633 1236 670 ret,
1249 626 1351 662 Ecce
1363 627 1511 663 adsum.
1526 627 1693 665 Nondum
1705 629 1806 666 finita
1826 631 1980 668 oratione
1997 632 2072 683 ipse
2088 632 2151 670 dat

1169 675 1208 713 id
1220 676 1317 726 quod
1330 678 1474 728 petitur.
1494 679 1533 716 Si
1547 680 1641 716 enim
1653 690 1803 718 mentem
1816 681 1945 719 habeas
1956 697 2083 734 puram
2104 685 2150 722 ab

1168 728 1334 766 absurdis
1346 729 1581 780 passionibus,
1595 731 1676 768 licet
1689 732 1726 768 in
1738 733 1826 778 foro,
1840 733 1922 770 lieet
1934 734 1970 771 in
1984 736 2054 782 via,
2069 736 2151 774 licet

1169 781 1205 817 in
1221 781 1324 829 mari,
1347 782 1430 818 licet
1445 782 1480 818 in
1493 781 1701 829 diversorio,
1722 784 1779 822 vel
1798 784 2013 836 ubicumque
2028 788 2151 836 fueris,

1169 832 1198 869 si
1209 833 1326 870 Deum
1342 833 1493 881 invoces,
1509 848 1582 871 rem
1590 836 1734 886 petitam
1749 837 2059 889 consequipoteris.
2079 842 2152 878 Sae-

1169 898 1227 936 pe,
1245 885 1394 935 inquies,
1416 886 1513 936 petii,
1527 900 1590 924 nec
1604 888 1733 939 accepi.
1750 889 1851 926 Certe
1862 891 1944 939 quia
1953 891 2044 928 male
2058 893 2150 943 peti-

1170 936 1241 983 isti,
1263 946 1323 974 aut
1340 937 1543 986 infideliter,
1559 948 1620 976 aut
1636 940 1797 991 superbe,
1822 950 1881 978 aut
1905 956 1982 992 quae
1999 944 2065 981 tibi
2083 958 2152 981 non

1172 988 1272 1026 utilia
1286 998 1384 1026 erant
1401 1005 1409 1025 ε
1428 991 1564 1027 etiamsi
1583 1005 1668 1029 vero
1684 1006 1775 1043 saepe
1791 993 1857 1030 tibi
1874 994 1976 1031 utilia
1989 996 2152 1046 petieris;

1171 1049 1206 1077 at
1235 1054 1303 1078 non
1328 1042 1570 1092 perseverasti.
1603 1043 1785 1095 Scriptum
1807 1054 1858 1082 est
1886 1046 1980 1083 enim
1997 1063 2004 1082 :
2019 1051 2069 1084 In
2086 1062 2153 1099 pa·
2168 1061 2239 1088 Luc.
2258 1069 2307 1088 21.

1172 1095 1309 1130 tientia
1334 1102 1467 1130 vestra
1480 1095 1725 1145 possidebitis
1741 1099 1895 1134 animas
1909 1107 2061 1136 vestras
2072 1115 2086 1143 ,·
2107 1109 2154 1147 et,
2173 1110 2217 1139 Ι9·

1177 1146 1252 1194 Qui
1267 1149 1568 1196 perseveraverit
1588 1160 1708 1199 usque
1728 1150 1769 1184 in
1780 1149 1921 1199 finem,
1945 1151 2005 1187 hic
2025 1151 2156 1189 salvus
2172 1160 2282 1188 ΜαιιΙι.
2304 1166 2350 1187 10.

1173 1198 1257 1233 erit.
1281 1198 1374 1234 Nam
1389 1197 1457 1234 nisi
1475 1211 1555 1235 cum
1570 1198 1692 1236 labore
1706 1209 1739 1236 et
1754 1202 2014 1251 perseverantia
2030 1217 2157 1253 magna
2171 1209 2220 1230 22·

1172 1248 1328 1300 petieris,
1347 1263 1416 1287 non
1436 1250 1598 1301 accipies.
1619 1251 1739 1289 Primo
1756 1252 1850 1289 enim
1869 1263 2005 1304 oportet
2019 1254 2158 1293 deside·
2182 1301 2186 1304 .

1172 1315 1262 1349 rare,
1294 1310 1328 1338 et
1355 1315 1436 1338 cum
1463 1302 1637 1340 desiderio
1654 1317 1700 1341 ex
1727 1305 1877 1342 veritate
1904 1315 1937 1343 et
1957 1306 1992 1343 in
2020 1307 2091 1344 fide
2117 1322 2159 1345 ac

1174 1353 1344 1404 patientia
1373 1368 1531 1403 quaerere
1557 1369 1609 1402 ea,
1645 1369 1723 1405 quae
1755 1357 1907 1407 singulis
1940 1359 2156 1408 conducunt,

1175 1419 1244 1442 non
1270 1414 1304 1443 te
1331 1416 1518 1444 accusante
1547 1407 1772 1456 conscientia,
1801 1409 1896 1458 quod
1924 1411 2159 1461 perfunctorie

1175 1466 1209 1494 et
1224 1458 1440 1507 negligenter
1459 1468 1556 1510 petas
1574 1475 1582 1495 :
1599 1468 1682 1497 tunc
1697 1461 1865 1511 accipies,
1885 1475 1964 1499 cum
1982 1464 2078 1500 Deus
2098 1478 2159 1501 vo-

1174 1509 1237 1546 let.
1269 1510 1361 1546 Nam
1389 1510 1448 1547 ille
1468 1511 1593 1548 melius
1612 1526 1720 1561 quam
1736 1521 1774 1548 tu
1793 1512 1891 1551 videt
1909 1528 1962 1561 ea,
1990 1529 2067 1564 qua}
2093 1516 2159 1553 tibi

1176 1561 1280 1597 utilia
1304 1570 1385 1598 sunt
1406 1577 1413 1597 :
1432 1571 1465 1598 et
1484 1562 1562 1600 ideo
1582 1563 1728 1601 fortasse
1745 1563 1876 1614 differt,
1904 1575 1943 1603 ut
1961 1575 1994 1603 te
2012 1567 2096 1604 hinc
2115 1568 2159 1605 ad

1176 1613 1475 1664 perseverandum
1503 1614 1677 1666 sapienter
1709 1616 1857 1665 alliciat,
1901 1627 1941 1655 ut
1972 1632 2160 1669 cognoscas

1178 1664 1263 1714 quid
1291 1664 1337 1702 sit
1355 1665 1488 1703 donum
1506 1667 1585 1715 Dei,
1601 1676 1646 1704 -et
1674 1682 1756 1705 eum
1775 1668 1900 1706 timore
1924 1670 2102 1708 custodias
2120 1672 2160 1709 id

1178 1716 1274 1766 quod
1300 1717 1366 1754 tibi
1382 1718 1505 1755 datum
1530 1728 1592 1757 est.
1616 1721 1857 1770 Quaecumque
1874 1723 1967 1759 enim
1983 1723 2062 1773 quis
2079 1737 2159 1762 eum

1178 1768 1299 1806 labore
1318 1770 1431 1806 multo
1449 1771 1616 1820 acquirit,
1647 1785 1728 1808 cum
1742 1786 1869 1823 magna
1884 1787 1967 1811 cura
1984 1775 2155 1822 custodit,

1179 1834 1221 1858 ne
1236 1821 1360 1872 perdat
1377 1822 1469 1860 illud
1484 1832 1588 1873 atque
1605 1837 1674 1860 una
1689 1824 1846 1862 laborem
1862 1825 1965 1863 illum
1978 1841 2160 1877 maguum,

1179 1881 1213 1910 et
1239 1888 1295 1922 ne,
1320 1888 1401 1911 cum
1429 1876 1577 1925 gratiam
1597 1876 1742 1913 Domini
1769 1879 1956 1928 spreverit,
1993 1879 2161 1930 indignus·

1180 1925 1355 1963 efficiatur
1381 1936 1507 1964 aeterna
1540 1927 1626 1965 vita.
1663 1928 1763 1975 Quid
1790 1929 1925 1980 profuit
1955 1931 2155 1978 Salomoni,

1181 1977 1278 2027 quod
1299 1979 1369 2016 cito
1394 1979 1567 2031 acceperit
1586 1979 1764 2031 sapientiae
1784 1982 1949 2031 gratiam,
1973 1983 2035 2033 qui
2060 1984 2160 2022 illam

1180 2039 1299 2080 postea
1324 2030 1507 2082 perdidit?
1532 2033 1584 2069 Ne
1609 2046 1692 2082 ergo
1717 2034 1870 2084 pus¹llus
1896 2034 1943 2071 sis
1967 2035 2098 2085 animo,
2130 2037 2160 2074 si

1180 2095 1248 2118 non
1265 2084 1383 2120 statim
1398 2083 1602 2134 petitionem
1621 2084 1784 2136 accipias.
1807 2086 1846 2123 Si
1861 2086 1954 2124 enim
1970 2087 2073 2125 sciret
2088 2090 2159 2126 Do-

1180 2134 1298 2171 minus
1322 2143 1357 2172 te
1379 2137 1449 2172 cito
1474 2145 1653 2188 acceptam
1678 2137 1828 2186 gratiam
1843 2152 1913 2175 non
1934 2139 2160 2190 perditurum

1181 2199 1266 2231 esse,
1292 2196 1435 2238 paratus
1459 2197 1548 2225 esset
1573 2189 1722 2226 velante
1739 2189 1946 2240 petitionem
1968 2191 2034 2228 tibi
2059 2192 2160 2229 illam

1181 2239 1337 2276 conferre
1355 2255 1363 2275 ε
1379 2253 1472 2277 nunc
1495 2249 1611 2277 autem
1637 2240 1685 2278 ita
1700 2241 1784 2278 facit
1811 2255 1933 2280 curam
1947 2243 1998 2280 tui
2025 2257 2157 2294 gerens.

1179 2291 1271 2327 Nam
1296 2291 1325 2328 si
1352 2305 1474 2329 servus
1498 2292 1560 2341 qui
1576 2292 1746 2330 talentum
1763 2294 1908 2345 accepit,
1934 2304 1967 2332 et
1982 2295 2160 2346 integrum

1180 2343 1346 2389 servavit,
1373 2344 1458 2394 quia
1484 2358 1553 2381 non
1575 2345 1772 2396 negotiatus
1796 2355 1888 2393 erat,
1905 2347 2160 2385 condemnatus

1179 2396 1375 2433 estzmulto
1397 2396 1511 2447 magis
1525 2396 1587 2446 qui
1603 2396 1798 2448 perdiderit
1814 2397 1920 2444 illud,
1945 2399 2160 2437 condemna-

1178 2446 1289 2484 bitur.
1321 2448 1470 2486 Attende
1495 2448 1573 2496 tibi,
1598 2458 1634 2486 et
1658 2458 1691 2486 te
1717 2449 1874 2499 undique
1899 2451 2128 2502 circumspice
2148 2469 2157 2488 τ

1178 2498 1224 2535 ad
1236 2499 1287 2536 tui
1298 2501 1495 2537 custodiam
1506 2501 1702 2538 insomnem
1717 2502 1844 2538 mentis
1855 2503 1998 2540 oculum
2009 2504 2136 2541 habeto
2150 2520 2158 2539 ε

1177 2550 1214 2587 in
1228 2551 1345 2588 medio
1361 2552 1570 2601 laqueorum
1587 2553 1728 2600 transis,
1748 2553 1877 2590 occulti
1892 2553 2028 2591 inimici
2042 2555 2158 2604 laquei

1177 2601 1334 2652 undique
1360 2603 1471 2640 defixi
1488 2612 1582 2640 sunt.
1610 2604 1739 2641 Omnia
1755 2617 1838 2654 ergo
1855 2605 2098 2657 circumspice,
2118 2617 2158 2644 ut

1177 2667 1197 2689 a
1220 2654 1357 2703 laqueis
1383 2654 1484 2704 quasi
1500 2654 1791 2706 δορκὰςζςειΡΓεει)
1809 2656 1948 2695 evadas.
1974 2658 2039 2694 Illa
2064 2658 2157 2695 enim

1177 2704 1310 2755 laqueis
1330 2707 1406 2758 capi
1423 2706 1544 2756 nequit
1561 2706 1607 2744 ob
1625 2707 1723 2744 visus
1748 2722 1914 2755 acumen;
1940 2709 2088 2759 ideoque
2111 2711 2157 2747 ab

1176 2757 1357 2812 ὀξυδορκία
1372 2758 1484 2806 (visus
1500 2759 1674 2806 acumine)
1691 2773 1816 2797 nomen
1832 2761 1948 2798 habet.
1965 2761 2038 2798 Hoc
2052 2775 2156 2812 porro

1177 2809 1357 2847 sciendum
1375 2820 1437 2859 est,
1471 2824 1532 2848 nos
1548 2824 1660 2860 neque
1676 2811 1776 2848 aliud
1791 2821 2018 2863 praeceptum,
2045 2827 2156 2863 neque

1176 2875 1332 2899 amorem
1348 2862 1412 2899 Dei
1436 2863 1493 2899 vel
1509 2862 1662 2914 proximi
1678 2877 1816 2900 servare
1840 2877 1952 2915 posse,
1981 2865 2010 2902 si
2024 2865 2069 2903 ab
2085 2866 2154 2903 alio

1176 2913 1223 2950 ad
1239 2914 1340 2951 aliud
1361 2923 1476 2952 mente
1495 2928 1677 2964 vagemur.
1700 2914 1771 2953 Sed
1791 2924 1824 2952 et
1839 2915 2047 2954 exercitium
2062 2917 2155 2954 illud

1177 2965 1338 3015 placendi
1367 2966 1442 3003 Deo
1470 2965 1662 3003 secundum
1688 2967 1820 3003 Christi
1844 2969 2082 3018 evangelium,
2117 2969 2153 3006 in

1176 3030 1310 3054 secessu
1340 3032 1360 3055 a
1383 3017 1478 3055 curis
1505 3017 1637 3061 saeculi‚
1665 3027 1698 3055 et
1722 3018 1756 3054 in
1783 3019 1986 3056 omnimoda
2012 3019 2153 3071 repulsa

1176 3067 1358 3106 inutilium
1385 3069 1656 3120 occupationum
1683 3069 1877 3120 perficitur.
1904 3072 1963 3108 Sic
1986 3080 2021 3108 et
2047 3072 2154 3109 disci-

1176 3120 1270 3171 pulis
1299 3121 1486 3166 Dominus,
1527 3121 1704 3158 sincerum
1735 3135 1798 3158 nec
1825 3122 1956 3159 elatum
1987 3123 2153 3161 affectum

1175 3171 1325 3224 adeptis,
1363 3172 1610 3210 testificabitur
1633 3172 1752 3210 dicens
1772 3188 1779 3208 ε
1800 3175 1872 3212 Vos
1893 3189 1970 3212 non
1989 3178 2078 3213 estis
2106 3190 2153 3214 ex
2167 3179 2257 3206 Joan.
2275 3176 2320 3205 15.

1176 3224 1247 3262 hoc
1275 3226 1417 3262 mundo
1432 3233 1490 3261 :et
1518 3239 1537 3262 a
1556 3224 1730 3262 contrario
1759 3239 1828 3263 non
1856 3240 1955 3284 posse
1979 3227 2153 3265 mundum
2171 3227 2215 3257 ¹9·

1176 3277 1410 3328 cognitionem
1425 3276 1493 3314 Dei
1511 3276 1703 3326 acquirere,
1722 3291 1784 3316 nec
1802 3278 1978 3328 Spiritum
1996 3288 2156 3318 sanctum

1939 3456 2005 3492 65.
