2466 3805
298 288 384 316 212
722 282 759 310 S.
795 278 980 309 JOANMS
1015 275 1256 305 CHRYSOST.
1295 274 1500 304 ARCHIEP.
1538 275 1899 306 CONSTANTINOP.

131 377 362 405 Poeniten-‘izton
379 372 501 416 potest.
523 365 714 400 Possumus
732 372 794 395 nos
814 358 907 408 ipsos
925 369 1101 393 revocare.
1131 355 1265 403 Magna

97 422 141 447 ¹⁵ae
195 420 281 457 Phar·
293 434 373 463 sunt
386 422 595 476 poenitentiae
612 420 799 471 pharmaca
818 432 824 452 ε
844 429 946 453 nemo
964 415 1007 451 de
1027 428 1064 451 se
1095 413 1264 465 desperet.

96 471 172 487 maci]
221 470 280 486 ῘΥΙίΞ-

1337 354 1546 405 τορθώματα
1561 355 1666 403 ἔξεις,
1684 355 1770 409 ὅπερ
1789 358 1843 394 ἐπ’
1865 357 1993 396 ἐκείνου
2013 359 2050 394 οὗ
2078 357 2231 395 δυνατόν.
2251 355 2351 394 Ἕνε-

1337 429 1412 452 στιν
1427 418 1521 465 ἡμᾶς
1540 415 1821 454 ἀνακαλέσασθαι
1838 417 1988 460 ἑαυτούς.
2008 418 2156 468 Μεγάλα
2171 421 2232 464 τῆς
2249 432 2354 467 μετα-

95 511 146 537 gna
173 506 250 528 sunt.
292 486 356 522 Ille
376 497 457 522 vere
479 479 718 532 desperatione
741 477 882 526 dignus,
907 474 968 524 qui
998 474 1183 525 desperat:
1203 473 1265 509 ille
1290 478 1312 508 C
1337 473 1430 517 νοίας
1459 475 1504 513 τὰ
1533 475 1718 528 φάρμακα·
1752 477 1871 526 μηδεὶς
1915 478 2183 528 ἀπογινιι)σκέτω
2218 480 2353 514 ἑαυτοῦ.

291 560 358 583 non
376 545 466 581 ultra
493 555 590 593 spem
614 539 735 577 salutis
753 537 872 574 habet.
894 537 971 572 Non
995 544 1068 572 tam
1092 548 1199 586 grave
1214 542 1265 571 est

288 607 324 643 in
343 602 557 656 profundum
573 600 749 637 malorum
766 597 900 639 venire,
924 610 1030 646 quam
1050 605 1171 648 postea
1189 595 1265 633 illic

287 667 397 716 jacere
414 680 424 700 .·
446 676 513 699 non
546 660 698 711 impium
720 667 771 695 est
796 658 832 694 in
851 656 1068 709 profundum
1088 657 1264 694 malorum

283 710 506 770 descendere,
537 720 598 759 sed
625 719 675 757 ibi
703 719 858 770 positum
885 728 1117 756 contemnere.
1140 719 1263 767 Num,

285 798 423 835 quaeso,
448 782 510 819 ubi
529 781 642 831 magis
661 779 854 817 sollicitum
884 793 958 817 esse
985 787 1183 831 oporteret,
1212 779 1263 816 ibi

285 842 502 882 contemnis?
521 843 590 879 Tot
606 840 785 878 confossus
811 839 1021 877 vulneribus
1039 869 1050 888 ,
1072 839 1261 878 cecidisti?

283 904 433 941 Nullum
452 902 576 940 animae
598 901 730 939 vulnus
746 899 942 937 insanabile
958 909 1031 937 est:
1053 900 1163 938 sedin
1183 915 1259 938 cor-

282 979 366 1016 pore
384 964 495 1002 multa
510 972 590 1000 sunt
609 962 703 1010 talia,
723 961 759 998 in
771 961 890 998 anima
907 961 1135 1000 nullum.Illa
1145 971 1263 1000 tamen

281 1023 469 1074 diligenter
483 1035 605 1059 curare
625 1034 693 1058 non
713 1019 915 1057 desistimus
932 1035 944 1069 ,
963 1020 1039 1057 haec
1051 1034 1134 1058 vero
1150 1022 1262 1072 negli-

281 1084 409 1135 gimus.
445 1085 522 1121 Non
549 1081 648 1119 vides
671 1081 845 1118 latronem
875 1080 979 1117 illum
997 1110 1008 1129 ,
1032 1095 1140 1131 quam
1160 1082 1262 1120 brevi

279 1154 435 1196 tempore
465 1144 631 1196 praeclara
660 1142 803 1179 fecerit?
831 1155 900 1179 non
926 1141 1026 1180 vides
1057 1151 1231 1194 martyres
1250 1173 1260 1191 ,

279 1205 452 1255 quomodo
482 1204 582 1241 brevi
612 1212 768 1254 tempore
795 1211 909 1239 totum
936 1202 1183 1254 perfecerunt?
1217 1205 1261 1241 At

279 1277 344 1300 non
356 1264 430 1315 jam
442 1271 491 1299 est
501 1261 661 1314 martyrii
673 1261 837 1312 tempus?
849 1260 919 1298 Sed
933 1261 1164 1299 certaminum
1172 1270 1260 1300 tem—-

81 1345 109 1363 2.
126 1337 202 1364 Tun.
220 1335 236 1363 3
278 1340 344 1377 pus
363 1334 424 1374 est,
448 1324 477 1362 si
505 1324 728 1370 velimus,ut
759 1337 851 1374 saepe
869 1322 960 1360 dixi.
984 1324 1058 1373 Qui
1072 1323 1166 1361 enim
1186 1338 1261 1361 vo-

85 1385 128 1404 ¹²¹
279 1386 374 1434 lunt,
390 1385 519 1435 inquit,
544 1387 585 1421 in
617 1385 770 1422 Christo
791 1384 884 1421 ιῙεςιι
894 1387 957 1435 pie
970 1387 1114 1430 vivere,
1132 1399 1259 1436 perse—

277 1449 497 1498 quutionem
527 1447 735 1496 patientur.
766 1443 839 1490 Qui
869 1444 926 1496 pie
950 1444 1078 1482 vivunt
1092 1474 1102 1493 ,
1121 1459 1260 1499 semper

274 1506 577 1559 persequutionem
598 1507 782 1558 patiuntur
799 1521 810 1556 ;
829 1505 858 1543 si
877 1520 946 1543 non
965 1506 1011 1543 ab
1029 1506 1257 1557 hominibus,

275 1577 366 1606 certe
385 1582 404 1605 a
437 1567 671 1614 daemonibus,
690 1580 768 1617 quae
798 1580 879 1604 sane
896 1567 1040 1618 gravior
1060 1576 1111 1604 est
1140 1582 1257 1619 perse-

274 1629 409 1680 quutio.
424 1629 472 1666 Et
490 1628 604 1680 primo
629 1642 673 1665 ex
692 1627 827 1665 incuria
841 1627 933 1665 hanc
952 1628 1124 1666 sustinent
1140 1628 1178 1678 ii,
1195 1630 1257 1679 qui

273 1701 342 1724 non
359 1686 519 1737 vigilant.
543 1688 595 1723 An
628 1699 777 1738 parvam
814 1695 918 1737 putas
948 1686 1256 1737 persequutionem

274 1762 354 1785 cum
367 1748 501 1785 incuria
515 1747 662 1785 vivere?
676 1747 751 1784 Hoc
761 1746 922 1784 omnium
931 1755 981 1784 est
989 1747 1255 1798 gravissimum,

274 1809 339 1846 hoc
360 1808 631 1860 persequutione
659 1808 772 1859 pejus.
800 1808 892 1844 Nam
912 1807 1011 1846 velut
1035 1808 1156 1846 fluxus
1177 1823 1254 1846 ma-

273 1883 372 1917 nans,
409 1868 543 1906 incuria
571 1867 729 1905 animam
759 1866 894 1904 emollit
922 1867 1181 1920 :idipsumque
1207 1878 1258 1906 est

273 1929 497 1981 persequutio
523 1938 556 1966 et
585 1928 734 1976 incuria,
770 1927 866 1978 quod
887 1937 988 1966 aestas
1013 1938 1045 1966 et
1064 1929 1187 1967 hiems.
1209 1931 1260 1968 Ut

274 2000 390 2027 autem
413 1989 526 2040 magis
542 1988 676 2026 ediscas
691 1989 846 2040 pejorem
867 2002 940 2026 esse
960 1989 1052 2026 hanc
1066 2004 1259 2041 persequu-

275 2051 420 2099 tionem,
455 2050 539 2087 hinc
554 2049 732 2101 perpende
752 2065 759 2085 :
778 2063 943 2086 somnum
957 2049 994 2086 in
1015 2050 1172 2089 animam
1190 2051 1256 2089 im-

277 2111 399 2159 mittit,
423 2110 643 2147 oscitantiam
659 2118 691 2146 et
709 2109 959 2159 negligentiam
974 2124 1140 2161 magnam
1150 2111 1256 2161 indit,

277 2170 453 2221 passiones
483 2169 637 2218 undique
677 2169 831 2217 excitat,
869 2178 982 2206 armat
1017 2170 1167 2221 fastum,
1201 2186 1259 2208 ar—

277 2239 349 2267 mat
359 2230 589 2280 voluptatem,
599 2238 711 2265 armat
726 2229 829 2277 iram,
839 2229 1028 2279 invidiam,
1045 2245 1173 2269 vanam
1184 2232 1259 2282 glo-

276 2289 381 2338 riam,
416 2288 688 2325 aemulationem.
729 2291 774 2325 At
810 2288 846 2325 in
872 2290 1141 2339 persequutione
1170 2291 1261 2329 nihil

280 2351 407 2388 horum
427 2351 570 2387 turbare
582 2349 689 2398 valet,
709 2363 834 2387 verum
850 2349 955 2386 timor
978 2349 1259 2403 invadens-„qua-

279 2413 308 2450 si
338 2412 490 2463 quodam
516 2411 626 2461 flagro
643 2411 831 2448 latrantem
850 2425 972 2448 canem
993 2411 1178 2464 impetens,
1197 2414 1260 2452 hos

280 2487 398 2510 omnes
417 2471 526 2509 animi
548 2480 663 2508 motus
683 2484 725 2508 ne
740 2470 893 2508 suboriri
912 2471 1055 2521 quidem
1069 2473 1261 2521 sinit.Quis

282 2534 315 2570 iu
338 2532 608 2585 persequutione
637 2545 726 2570 vana
748 2531 859 2582 gloria
879 2532 995 2569 efferri
1015 2543 1128 2584 potest
1145 2535 1161 2571 P
1182 2536 1261 2585 quis

282 2594 316 2631 in
338 2594 517 2644 voluptate
535 2591 684 2642 degere?
701 2592 835 2640 Nem03
856 2591 917 2629 sed
930 2602 1061 2631 tremor
1076 2595 1211 2633 multus
1229 2605 1262 2633 et

281 2664 393 2692 metus
408 2653 523 2699 adest,
545 2653 605 2703 qui
633 2666 798 2703 magnam
822 2654 915 2704 parit
939 2655 1232 2705 tranquillitatem
1249 2687 1259 2706 ,

281 2714 463 2766 placidum
474 2722 574 2765 parat
590 2721 746 2764 portum,
758 2712 912 2751 animam
930 2714 1027 2765 piam
1041 2715 1171 2753 reddit.
1183 2719 1259 2753 Au-

280 2776 355 2813 divi
385 2774 577 2824 aliquando
597 2783 711 2825 patres
736 2783 871 2811 nostros
895 2774 1049 2813 dicentes
1078 2776 1148 2825 (id
1164 2778 1261 2828 quod

282 2850 324 2874 ne
347 2845 465 2873 nostra
487 2845 586 2872 aetate
606 2835 666 2871 fiat
680 2844 779 2886 opto,
793 2835 961 2886 jubemur
980 2837 1072 2875 enim
1092 2840 1260 2877 tentatio-

281 2911 359 2934 nem
374 2911 441 2933 non
456 2899 603 2948 petere),
623 2895 719 2945 quod
731 2895 817 2932 olim
838 2905 995 2948 tempore
1013 2900 1259 2950 persequutio-

282 2958 335 2994 nis
352 2957 470 2994 videre
487 2966 558 2993 erat
574 2956 669 2993 viros
684 2970 764 2993 vere
783 2956 1013 2995 Christianos.
1026 2960 1154 2997 Nullus
1167 2961 1263 2999 enim

281 3033 362 3069 opes
373 3018 532 3064 curabat,
551 3031 619 3054 non
635 3031 796 3061 uxorem,
812 3032 880 3054 non
893 3018 1000 3067 filios,
1017 3034 1084 3058 non
1098 3021 1259 3073 domum,

281 3092 347 3115 non
365 3078 516 3129 patriam
535 3094 541 3112 :
557 3092 624 3114 una
638 3077 800 3115 omnibns
820 3092 903 3115 eura
920 3089 993 3116 erat
1009 3095 1109 3119 suam
1124 3097 1263 3122 servare

279 3139 443 3175 animam.
467 3138 533 3174 Alii
556 3138 591 3174 in
621 3138 858 3175 monumentis
889 3148 921 3175 et
943 3141 1124 3191 sepulcris,
1146 3144 1205 3181 alii
1225 3145 1259 3183 in

279 3198 424 3236 desertis
441 3199 609 3236 latebant.
631 3200 708 3236 Non
734 3199 850 3236 solum
868 3210 986 3238 autem
1021 3202 1103 3248 viri,
1142 3205 1203 3243 sed
1229 3216 1261 3244 et

278 3260 440 3297 mulieres
469 3269 591 3297 tenerae
616 3274 656 3296 ac
686 3259 844 3298 delicatae
865 3270 948 3299 tunc
967 3264 1259 3317 occultabantur,

320 3385 332 3399 ⁸
352 3375 411 3405 Alii
428 3379 522 3408 ojzs'rc
539 3382 685 3421 σωτηρίαν
703 3382 763 3419 ἔχει
775 3403 782 3415 ,
800 3381 864 3411 οὐδὲ
881 3382 1012 3418 ἐλπίδας.

323 3430 337 3451 b
355 3426 414 3458 Alii
429 3432 473 3460 ἵνα
491 3430 519 3459 δὲ
538 3430 603 3469 ὔμῖν
620 3431 718 3470 δείξω,
738 3435 781 3462 ότι
799 3433 889 3468 οὕτως
904 3437 1010 3478 χείρων
1026 3438 1040 3466 ὁ
1057 3435 1193 3476 διωγμός.

1338 536 1490 578 Ἐκεῖνος
1520 536 1625 578 ὄντως
1653 538 1881 587 ἀπογνώσεως
1914 537 2006 581 ἄξιος
2016 568 2026 585 ,
2057 541 2074 575 ὃ
2105 537 2354 589 ἀπογινώσκων

1337 596 1458 634 ἑαυτοῦ
1471 611 1478 618 ·
1508 598 1634 640 ἐκεῖνος
1653 599 1740 634 ἢούκ
1760 597 1810 635 ἔτι
1827 598 2001 649 σωτηρίας
2020 599 2094 649 ἔχει
2116 598 2269 641 ἐλπίδας.
2300 599 2353 636 Οὐ

1336 656 1442 699 τὸείς
1469 656 1571 707 βάθος
1603 661 1719 696 κακῶν
1751 659 1859 696 ἐλθεῖν
1887 659 2008 705 δεινὸν,
2029 658 2118 696 ἀλλὰ
2149 659 2188 696 τὸ
2221 662 2355 696 κεῖσθαι

1338 716 1427 767 μετὰ
1446 718 1484 755 τὸ
1500 719 1627 756 ἐλθεῖν·
1643 720 1680 756 οὗ
1700 719 1740 756 τὸ
1758 721 1807 762 εἷς
1825 719 1927 770 βάθος
1950 723 2068 757 κακῶν
2089 721 2196 757 ἐλθεῖν
2215 719 2354 765 ἀσεὸὲς,

1337 778 1427 816 ἀλλὰ
1442 778 1482 816 τὸ
1503 783 1764 831 καταφρονῆσαι
1784 779 1872 830 μετὰ
1896 780 1935 818 τὸ
1955 782 2076 818 ἐλθεῖν.
2095 781 2149 817 Δι’
2169 779 2186 817 ὃ
2206 779 2354 831 ὀφείλεις

1337 847 1520 891 μεριμνᾷν,
1540 840 1617 878 εἰπέ
1638 857 1712 891 μοι,
1743 842 1872 891 μᾶλλον
1892 846 2136 893 καταφρονεῖς,
2155 839 2353 891 Τραύματα

1335 905 1491 938 τασαῧτα
1527 901 1616 953 ἔχων
1656 902 1836 949 ἀνέπεσες,
1869 901 1980 940 Οὐδέν
2009 904 2082 939 ἐστι
2108 902 2222 952 ψυχῆς
2251 900 2351 938 ἀνία-

1335 976 1392 998 τον
1426 966 1582 1014 τραῦμα·
1618 964 1693 1000 ἀλλ’
1723 963 1781 1000 ἐπὶ
1816 963 1877 1014 μὲν
1913 962 2074 1013 σώματος
2097 961 2210 1000 πολλὰ
2239 966 2353 1000 τοιαῦ-

1335 1037 1397 1069 τα,
1413 1023 1469 1060 ἐπὶ
1491 1023 1526 1061 δὲ
1546 1028 1607 1070 τῆς
1623 1026 1739 1076 ψυχῆς
1759 1024 1853 1063 οὐδέν
1868 1040 1874 1046 ·
1892 1024 1951 1062 καὶ
1967 1024 2054 1077 ὑπὲρ
2070 1023 2207 1062 ἐκείνων
2232 1022 2294 1073 μὲν
2314 1025 2353 1060 οὐ

1337 1083 1612 1135 διαλιμπάνομεν
1639 1085 1828 1137 κάμνοντες
1841 1116 1850 1133 ,
1867 1085 1953 1137 ὑπὲρ
1969 1085 2146 1136 δὲῖτούτων
2175 1087 2353 1136 ῥᾳθυμοῦ-

1287 1157 1312 1186 D
1337 1160 1410 1193 μεν.
1431 1147 1510 1197 Οὐχ
1528 1150 1609 1199 ὁρᾷς
1627 1147 1684 1185 τὸν
1704 1146 1848 1198 λῃστὴν,
1866 1149 1939 1189 πῶς
1960 1148 1993 1183 ἐν
2014 1149 2138 1198 βραχεῖ
2158 1144 2273 1197 χρόνῳ
2294 1161 2356 1182 κα-

1334 1204 1536 1256 τώρθωσεν,
1565 1210 1629 1259 οὐχ
1657 1211 1737 1260 ὁρᾷς
1752 1207 1830 1250 τοὺς
1857 1207 2055 1259 μάρτυρας,
2073 1209 2147 1249 πῶς
2173 1209 2206 1243 ἐν
2229 1209 2355 1258 βραχεῖ

1332 1266 1372 1303 τὸ
1384 1274 1452 1304 πᾶν
1466 1267 1610 1316 ἤνυσαν,
1623 1268 1712 1306 Ἀλλ’
1731 1272 1792 1306 οὐκ
1809 1268 1898 1306 ἔστιν
1916 1268 1995 1320 ἄρτι
2011 1267 2198 1321 μαρτυρίου
2213 1267 2353 1319 καιρός,

1332 1326 1425 1365 Ἀλλ’
1445 1327 1586 1378 ἀγώνων
1604 1330 1676 1367 ἐστὶ
1688 1330 1806 1382 καιρὸς
1817 1360 1825 1375 ,
1843 1330 1860 1368 ὃ
1875 1330 2042 1372 πολλάκις
2057 1324 2165 1376 εἶπον,
2178 1330 2206 1366 εἷ
2220 1326 2353 1378 βουλοί-

1333 1391 1431 1438 μεθα.
1449 1392 1494 1427 Οἱ
1517 1389 1584 1441 γὰρ
1612 1389 1786 1437 θέλοντες,
1810 1391 1925 1442 φησὶν,
1946 1390 2094 1432 εὗσεῖῖῶς
2113 1392 2172 1441 ζῇν
2202 1391 2236 1426 ἐν
2264 1389 2352 1439 Χρι-

1332 1451 1402 1500 στῷ
1414 1449 1546 1495 Ἰησοῦ,
1559 1452 1821 1503 διωχθήσονται.
1837 1453 1882 1489 Οἱ
1900 1451 2049 1493 εὐσεδῶς
2063 1453 2186 1495 ζῶντες
2199 1449 2252 1487 ἀεὶ
2269 1447 2349 1486 διώ-

1331 1525 1471 1558 κονται,
1489 1511 1552 1549 κᾶν
1574 1511 1622 1562 μὴ
1650 1512 1746 1564 παρὰ
1773 1512 1974 1560 ἀνθρ(ι’)πων,
1997 1512 2085 1550 ἀλλὰ
2106 1511 2202 1562 παρὰ
2222 1509 2349 1560 δαιμό-

1330 1586 1408 1618 νων,
1422 1570 1457 1614 ὃς
1473 1571 1515 1617 ’δὴ
1532 1572 1591 1609 καὶ
1606 1572 1850 1626 χαλεπώτερος
1861 1574 1934 1611 ἐστι
1948 1573 2109 1623 διωγμός.
2128 1572 2198 1610 Καὶ
2213 1574 2349 1622 πρῶτον

1329 1633 1386 1670 ὑπ’
1411 1634 1516 1677 αὐτῆς
1535 1633 1689 1683 μάλιστα
1713 1637 1775 1680 τῆς
1805 1633 1953 1677 ἀνέσεως
1975 1638 2093 1671 τοῦτον
2121 1631 2350 1682 ὑπομένουσιν

1329 1696 1360 1730 οἳ
1379 1692 1426 1742 μὴ
1446 1693 1622 1745 νήφοντες.
1644 1694 1695 1732 Ἢ
1717 1694 1838 1745 μικρὸν
1860 1695 1922 1732 οἴει
1943 1695 2095 1745 διωγμὸν
2121 1693 2160 1731 τὸ
2179 1697 2213 1732 ἐν
2233 1692 2348 1729 ἀνέσει

1329 1747 1433 1800 εἶναι;
1452 1756 1566 1792 Τοῦτο
1581 1754 1720 1793 πάντων
1749 1755 1823 1793 ἐστὶ
1851 1755 2050 1807 βαρύτερον,
2068 1759 2168 1792 τοῦτο
2186 1754 2246 1792 καὶ
2266 1754 2349 1789 διω-

1283 1818 1304 1847 Ε
1327 1818 1416 1865 γμοῧ
1436 1821 1562 1868 χεῖρον.
1587 1817 1754 1867 Καθάπερ
1775 1815 1841 1867 γὰρ
1866 1819 1974 1868 ῥεῦμα
2005 1816 2162 1869 ἐπιρρέον
2190 1819 2211 1860 ἦ
2236 1814 2351 1855 ἄνεσις

1329 1882 1450 1927 χαυνοῖ
1470 1876 1531 1923 τὴν
1561 1878 1676 1929 ψυχήν
1693 1893 1700 1899 ·
1719 1877 1777 1915 καὶ
1801 1878 1885 1929 ὅπερ
1906 1877 1976 1915 ἐστὶ
1998 1878 2092 1929 θέρος
2120 1877 2179 1914 καὶ
2202 1875 2350 1928 χειμὼν,

1329 1941 1429 1975 τοῦτο
1463 1937 1613 1989 διωγμὸς
1634 1939 1691 1976 καὶ
1716 1939 1840 1981 ἄνεσις.
1872 1938 1886 1958 ¹³
1902 1938 1979 1976 Ἵνα
2000 1938 2250 1990 δὲῦῗμάθῃςῇἐκ
2278 1952 2347 1973 πε*

1333 1997 1500 2049 ριουσίας,
1518 1998 1570 2035 ὅτι
1593 1999 1719 2053 χείρων
1737 1993 1834 2043 οὗτος
1853 2002 1870 2037 ὃ
1896 1999 2065 2049 διωγμὸς,
2082 1998 2204 2036 σκόπει
2231 1999 2350 2034 ἐντεῦ-

1331 2062 1397 2096 θεν.
1420 2058 1553 2098 ιΎπνον
1576 2065 1725 2112 καταχεῖ
1751 2062 1793 2110 τῇ
1823 2061 1942 2112 ψυχῇ,
1958 2060 2101 2111 χάσμην
2128 2058 2260 2104 πολλὴν
2290 2057 2349 2095 καὶ

1332 2119 1500 2170 ῥαθυμίαν
1523 2121 1680 2170 ἐμποιεῖ,
1694 2120 1738 2158 τὰ
1759 2121 1853 2166 πάθη
1880 2120 2038 2172 διεγείρει
2051 2119 2232 2164 πάντοθεν,
2252 2115 2348 2156 ὁπλί-

1331 2181 1379 2222 ζει
1408 2184 1524 2230 τῧφον,
1552 2181 1683 2225 ὁπλίζει
1714 2181 1852 2228 ἡδονὴν,
1886 2181 2018 2224 ὁπλίζει
2053 2180 2169 2229 θυμὸν,
2215 2182 2346 2230 βασκα-

1331 2238 1418 2286 νίαν,
1438 2239 1642 2288 κενοδοξίαν,
1677 2244 1771 2287 ἧλον.
1788 2242 1876 2279 Ἀλλ’
1893 2244 1927 2279 ἐν
1945 2243 2088 2294 διωγμῷ
2103 2241 2233 2279 τούτων
2249 2240 2342 2278 οὐδὲν

1331 2299 1484 2350 ἐνοχλεῖν
1502 2300 1643 2337 δύναται
1659 2317 1666 2324 ·
1682 2302 1759 2338 ἀλλ’
1781 2305 1798 2339 ὃ
1817 2302 1919 2352 φόὸος
1949 2302 2168 2348 ἐπεισελθὼν,
2190 2302 2348 2352 καθάπερ

1331 2358 1398 2395 τινὶ
1416 2360 1559 2411 μάστιγι
1578 2360 1710 2411 σφόδρα
1729 2361 1813 2398 κύνα
1835 2363 2049 2398 ὑλακτοῦντα
2067 2363 2220 2408 πλήξας,
2238 2367 2349 2400 ταῦτα

1274 2445 1320 2469 197
1333 2418 1446 2456 πάντα
1463 2419 1506 2456 τὰ
1525 2419 1617 2466 πάθη
1635 2420 1709 2458 οὐδὲ
1725 2421 1844 2472 γρῧξαι
1865 2422 1916 2471 ἐᾷ.
1939 2421 2003 2463 Τίς
2027 2424 2060 2460 ἐν
2086 2423 2228 2474 διωγμῷ
2248 2438 2348 2460 κενο-

1337 2479 1410 2491 «rm

1287 2482 1309 2509 Α
1333 2494 1473 2525 οοςησαι
1492 2480 1650 2528 δύναται,
1667 2481 1717 2524 τίς
1737 2484 1770 2518 ἐν
1790 2483 1894 2533 ἡδονῇ
1911 2483 2085 2534 γενέσθαι,
2102 2483 2226 2526 Οὐδείς
2241 2499 2247 2506 ·
2261 2482 2349 2521 ἀλλὰ

1331 2541 1457 2592 τρόμος
1471 2542 1576 2585 πολὺς
1590 2542 1648 2580 καὶ
1666 2543 1784 2595 φόδος,
1801 2544 1932 2590 πολλὴν
1955 2544 2016 2591 τὴν
2034 2544 2186 2594 γαλήνην
2207 2544 2349 2595 ἐργαζό-

1335 2617 1450 2652 μενος,
1473 2603 1581 2642 εὕδιον
1611 2605 1667 2642 τὸν
1691 2606 1815 2655 λιμένα
1845 2607 2130 2657 παρασκευάζων,
2151 2605 2212 2653 τὴν
2232 2605 2347 2658 ψυχὴν

1334 2663 1463 2709 emme-7,
1485 2667 1603 2702 ποιῶν.
1620 2664 1777 2704 ’Ἤκουσα
1795 2666 1878 2704 ποτὲ
1897 2666 2056 2720 πατέρων
2078 2670 2146 2704 τῶν
2167 2667 2346 2719 ἡμετέρων

1332 2723 1499 2775 λεγόντων
1522 2725 1598 2777 (ἐφ’
1611 2729 1710 2776 ἡμῶν
1730 2726 1797 2780 γὰρ
1815 2727 1863 2776 μὴ
1883 2727 2015 2778 γένοιτο
2027 2744 2034 2751 ·
2052 2728 2261 2778 κελευόμεθα
2281 2728 2348 2779 γὰρ

1334 2784 1381 2834 μὴ
1404 2787 1508 2823 αἰτεῖν
1543 2787 1782 2837 πειρασμόν),
1817 2790 1869 2826 ὅτι
1900 2789 1991 2827 κατὰ
2017 2789 2074 2826 τὸν
2107 2789 2258 2839 διωγμὸν
2289 2788 2346 2826 τὸν

1331 2847 1478 2885 παλαιὸν
1501 2841 1541 2893 ἦν
1574 2848 1654 2885 ἰδεῖν
1674 2848 1777 2890 ὄντως
1796 2849 2024 2900 Χριστιανοὺς
2057 2849 2195 2900 ἄνδρας.
2224 2848 2348 2892 Οὐδεὶς

1333 2906 1398 2957 γὰρ
1422 2907 1612 2958 χρημάτων
1650 2909 1855 2960 ἐφρόντιζεν,
1889 2911 1995 2952 οὐδεὶς
2033 2910 2190 2958 γυναικὸς
2203 2940 2212 2957 ,
2241 2910 2349 2952 οὐδεὶς

1333 2966 1480 3014 παίδων,
1495 2968 1602 3011 οὐδεὶς
1621 2969 1748 3016 οἰκίας,
1761 2970 1868 3013 οὐδεὶς
1892 2970 2075 3022 πατρίδος·
2101 2970 2162 3020 μία
2181 2977 2286 3008 πᾶσιν
2306 2965 2348 3017 ἦν

1334 3027 1465 3073 σπουδὴ
1478 3057 1488 3074 ,
1503 3028 1565 3074 τὴν
1579 3029 1691 3081 ψυχὴν
1703 3032 1895 3081 περισῶσαι
1910 3034 2051 3068 ἑαυτῶν.
2070 3033 2115 3068 Οἱ
2133 3031 2192 3080 μὲν
2209 3034 2242 3069 ἐν
2260 3032 2348 3082 μνή-

1335 3104 1421 3138 μασι
1439 3088 1497 3126 καὶ
1518 3089 1658 3141 τάφοις,
1686 3093 1717 3128 οἱ
1737 3090 1771 3127 δὲ
1790 3092 1824 3127 ἐν
1842 3091 2002 3141 ἐρημίαις
2024 3092 2245 3144 ἐκρύπτοντο.
2266 3097 2281 3112 a
2295 3095 2348 3130 Οὐ

1287 3161 1307 3190 Β
1335 3150 1434 3198 μόνον
1461 3149 1496 3188 δὲ
1524 3150 1661 3201 ἄνδρες,
1679 3150 1767 3188 ἀλλὰ
1786 3153 1844 3189 καὶ
1861 3158 2017 3202 γυναῖκες
2033 3152 2165 3190 ἁπαλαὶ
2186 3151 2244 3190 καὶ
2264 3167 2348 3202 τρυ-

1331 3212 1432 3263 φεραὶ
1449 3211 1525 3248 τότε
1542 3211 1762 3263 ἐκρύπτοντο,
1778 3213 1924 3258 διηνεκεῖ
1935 3213 2134 3266 μαχόμεναι
2148 3215 2253 3264 λιμῷ.
2264 3213 2347 3251 Ἔν-

1331 3271 1452 3317 νόησον
1467 3266 1536 3320 οὖν,
1560 3271 1593 3309 εἴ
1614 3288 1665 3316 τις
1684 3273 1924 3319 πολυτελείας,
1945 3274 1975 3311 εἴ
2001 3290 2052 3317 τις
2083 3276 2212 3326 τρυφῆς
2230 3275 2345 3311 ἐπεισ-

1388 3400 1400 3412 2
1419 3390 1512 3429 Haec,
1532 3393 1562 3423 03
1578 3397 1666 3432 μόνον
1683 3393 1711 3423 δὲ
1729 3392 1847 3435 ἄνδρες,
1868 3395 1964 3428 ἀλλά,
1982 3389 2101 3423 desunt
2117 3391 2150 3422 in
2169 3401 2232 3422 uno
2247 3388 2331 3421 Cod.
