2466 3805
674 218 718 246 IN
757 220 780 246 Α
789 218 872 247 ΟΤΑ
908 215 1238 247 APOSTOLORUM
1247 234 1255 243 .

86 298 274 351 φαντασίας
312 299 428 344 πάσης
461 300 523 344 τ’ἥς
559 300 737 348 βιωτικῆς.
781 298 1015 350 Παρακείσθω
1047 313 1100 336 σοι

84 361 209 411 λύχνος
223 389 232 406 ,
267 361 332 411 οὐχ
349 354 445 403 οὗτος
465 362 482 398 ὃ
500 361 681 410 καιόμενος
696 388 706 407 ,
737 361 815 397 ἀλλ’
834 359 869 398 ὃν
890 363 907 398 ὃ
922 358 1101 412 προφήτης

83 420 192 472 λέγων
222 414 313 472 εἶχε·
340 420 474 472 Λύχνος
502 420 569 472 γὰρ
597 425 667 463 τοῖς
688 419 770 458 ποσί
789 435 853 470 μου
871 424 889 459 ὃ
909 420 1009 470 νόμος
1029 435 1100 458 σου.

83 481 252 532 Πύρωσον
275 481 330 519 διὰ
355 484 416 527 τῆς
449 482 552 532 εὐχῆς
581 479 644 526 τὴν
665 481 798 532 ψυχήν·
821 480 860 518 ἂν
883 480 959 533 ἴδῃς
974 482 1103 522 ἱκανῶς

87 541 102 556 9
272 541 301 557 ¹³?
315 541 324 555 Ι
471 541 480 554 Ι
670 542 679 555 Χ
728 542 744 557 (Ι
831 541 847 555 ἢ
915 541 923 553 Ι
1072 539 1080 552 Ι

83 557 245 594 εχουσαν,
267 557 425 593 εςαγαγε,
441 557 601 580 τυπωσον
619 558 704 593 προς
724 557 810 595 οπερ
831 558 870 578 αν
887 543 1000 592 θελῃς.
1031 542 1099 578 Πι-
1126 550 1148 580 Β

84 601 224 641 στευσόν
255 618 333 654 μοι,
363 604 427 654 οὐχ
451 602 541 640 οὕτω
559 602 599 640 τὸ
622 607 690 654 πῦρ
709 602 766 640 τὸν
788 603 837 640 ἰὸν
855 601 1101 653 ἀποκαθαίρειν

86 664 216 710 εἴωθεν,
239 666 285 708 ὡς
305 663 389 715 εὐχὴ
411 663 591 715 νυκτερινὴ
607 663 663 702 τὸν
682 663 729 701 ἷὸν
747 665 816 700 τῶν
836 662 1100 714 ἁμαρτημάτων

83 727 152 762 τῶν
179 724 372 776 ἡμετέρων.
406 726 629 774 Αἷδεσθῶμεν
645 755 654 773 ,
675 725 704 762 εἷ
726 723 859 774 μηδένα
878 723 1005 770 ἄλλον,
1026 721 1102 765 τοὺς

85 784 301 837 νυκτερινοὺς
328 784 494 837 φύλακας.
526 784 676 822 Ἐκεῖνοι
705 785 746 821 δι’
766 782 978 834 ἀνθρώπινον
997 781 1102 832 νόμον

85 845 262 897 περιίασιν
295 848 328 884 ἐν
360 848 483 897 κρυμῷ
510 847 655 896 βοῶντες
685 844 842 894 μεγάλα,
862 842 921 881 καὶ
948 842 1004 880 διὰ
1036 844 1104 879 τῶν

89 909 274 944 στενωπῶν
294 906 501 957 βαδίζοντες,
527 904 731 955 βρεχόμενοι
749 902 930 948 πολλάκις,
949 900 1105 952 πεπηγό-

88 982 159 1014 τες,
188 966 243 1004 διὰ
263 966 300 1005 σὲ
326 967 385 1004 καὶ
408 965 469 1013 τὴν
490 964 666 1015 σωτηρίαν
691 963 753 1009 τὴν
772 962 835 1009 σὴν
851 992 861 1011 ,
880 961 939 1000 καὶ
958 961 1022 1007 τὴν
1037 963 1106 998 τῶν

87 1028 281 1080 χρημάτων
293 1030 361 1065 τῶν
378 1029 446 1065 σῶν
462 1024 631 1078 φυλακήν.
654 1024 809 1066 Ἐκεῖνος
827 1021 914 1073 ὑπὲρ
930 1024 998 1059 τῶν
1013 1037 1106 1074 χρη-

88 1088 206 1137 μάτων
236 1102 295 1125 σου
320 1085 490 1131 τοσαύτην
512 1090 664 1122 ποιεῖται
683 1083 846 1135 πρόνοιαν
863 1098 871 1105 ·
892 1081 932 1120 σὺ
965 1080 1001 1120 δὲ
1027 1081 1105 1120 οὐδὲ

86 1147 174 1198 ὑπὲρ
199 1149 262 1192 τῆς
287 1149 401 1198 ψυχῆς
425 1149 488 1192 τῆς
503 1148 576 1191 σῆς.
592 1145 662 1183 Καὶ
679 1144 746 1196 μὴν
764 1144 831 1196 ἐγὼ
844 1146 905 1182 οὐκ
921 1142 1105 1195 ἀναγκάζω

87 1207 217 1259 αἴθριον
242 1207 411 1260 περιιέναι
428 1207 586 1258 καθάπερ
607 1209 746 1251 ἐκεῖνος,
766 1205 843 1244 οὐδὲ
867 1206 1003 1258 μεγάλα
1023 1207 1105 1257 βοᾷν

2064 203 2152 246 233

1171 310 1266 333 mam
1284 311 1291 333 ε
1311 297 1339 334 si
1359 297 1442 336 satis
1460 297 1562 335 illam
1579 296 1711 334 hahere
1728 295 1873 347 videris,
1889 295 1993 344 educ,
2009 297 2155 335 efforma

1171 355 1270 393 illam
1289 366 1329 394 ut
1346 357 1411 398 vis.
1430 357 1542 396 Crede
1560 357 1667 407 mihi,
1683 371 1753 395 non
1773 357 1823 396 sic
1844 357 1937 409 ignis
1952 357 2155 409 rubiginem

1171 427 1314 470 purgat,
1333 426 1373 456 ut
1390 428 1562 457 nocturna
1578 418 1690 457 oratio
1709 418 1914 470 rubiginem
1929 428 2154 471 peccatorum

1294 214 1448 245 HOMIL.
1488 216 1616 246 XXVI.

1171 489 1382 519 nostrorum.
1403 482 1662 530 Revereamur,
1683 480 1713 519 si
1732 480 1909 518 neminem
1927 481 2036 519 alium
2050 511 2060 530 ,
2079 481 2151 519 sal-
2165 495 2269 524 Oratio
2285 503 2356 534 pur-

2272 538 2352 565 rubi-

1172 550 1242 579 tem
1262 551 1451 580 nocturnos
1479 541 1652 581 custodes.
1684 542 1743 580 llli
1763 542 1809 580 ob
1826 542 2021 580 humanam
2038 543 2153 595 legem
2164 544 2210 585 gffst

1171 601 1390 640 circumeunt
1408 603 1443 641 in
1459 603 1591 655 frigore
1605 603 1760 641 multum
1774 603 1974 653 clamantes,
1992 613 2025 641 et
2043 603 2079 641 in
2096 603 2152 643 vi-
2165 588 2341 647 {ffiffimxiec

1172 661 1222 700 cis
1255 661 1467 714 gradientes,
1491 677 1580 715 saepe
1608 663 1745 701 madidi
1768 663 1826 701 vel
1851 663 2016 714 rigentes,
2047 663 2155 715 idque

1171 732 1316 776 propter
1335 733 1370 761 te
1387 732 1554 774 tuamque
1571 724 1734 773 salutem,
1763 738 1802 761 ac
1819 724 2049 776 pecuniarum
2075 734 2153 763 tua-

1171 799 1253 822 rum
1279 784 1488 822 custodiam.
1509 785 1573 822 Ille
1590 785 1821 837 pecuniarum
1850 795 1993 824 tuarum
2020 795 2155 825 tantam

1173 857 1295 882 curam
1324 844 1414 895 gerit
1422 860 1434 895 3
1456 854 1495 881 tu
1525 858 1610 883 vero
1638 858 1702 882 nec
1728 845 1883 882 animam
1909 855 2008 884 tuam
2039 861 2151 885 curas.

1172 905 1251 943 Non
1268 913 1300 942 te
1319 917 1418 955 cogo,
1429 913 1467 941 ut
1481 904 1548 942 sub
1565 904 1626 942 dio
1641 905 1832 942 circumeas
1851 905 1940 943 sicut
1956 906 2032 955 ille,
2043 921 2155 958 neque

1173 973 1212 1002 ut
1225 965 1339 1002 altum
1357 965 1484 1003 clames
1500 974 1532 1003 et
1551 965 1767 1017 dirumparis
1774 981 1784 1014 5
1796 965 1856 1003 sed
1875 966 1911 1002 in
1924 966 2000 1018 ipso
2019 982 2153 1019 penua-

1173 1025 1227 1063 rio
1249 1025 1304 1065 vel
1323 1025 1487 1063 cubiculo
1515 1026 1614 1064 flecte
1635 1039 1769 1078 genua,
1785 1040 1927 1078 precare
1948 1027 2155 1066 Dominum.

1175 1086 1247 1124 Cur
1277 1086 1353 1138 ipse
1375 1086 1537 1125 Christus
1563 1087 1787 1140 pernoctavit
1812 1087 1849 1124 in
1877 1089 2023 1126 monte?
2042 1103 2157 1126 annon

1174 1155 1214 1185 ut
1234 1146 1336 1185 nobis
1354 1148 1516 1200 exemplo
1541 1148 1658 1186 esset?
1675 1149 1780 1186 Tunc
1809 1149 1982 1200 respirant
2010 1149 2157 1201 plantae,

1174 1207 1211 1245 in
1234 1217 1335 1246 nocte
1357 1207 1436 1247 dico
1455 1225 1462 1245 :
1479 1218 1564 1247 tunc
1581 1209 1699 1247 anima
1720 1209 1802 1262 plus
1821 1224 1928 1261 quam
1953 1210 2024 1248 illae
2044 1225 2160 1249 rorem

85 1267 144 1304 καὶ
163 1267 434 1319 διαῤῥήγνυσθαι
447 1283 455 1290 ·
483 1267 561 1305 ἀλλ’
580 1270 613 1306 ἒν
637 1269 731 1318 αὐτῷ
750 1268 800 1318 τῷ
818 1266 953 1318 ταμείῳ
973 1264 1040 1311 ὧν,
1070 1266 1106 1303 ἓν
1128 1277 1152 1308 C
1175 1269 1320 1321 excipit.
1342 1271 1431 1317 Quae
1447 1270 1484 1308 in
1505 1270 1565 1310 die
1583 1271 1636 1310 sol
1652 1271 1802 1320 adussit,
1824 1286 1862 1309 ea
1878 1280 1983 1309 noctu
2011 1272 2157 1324 refrige-

89 1329 182 1380 αὖτῷ
206 1330 255 1380 τῷ
279 1331 431 1375 κοιτῶνι,
451 1327 589 1380 κάμψον
619 1327 662 1366 τὰ
683 1327 831 1379 γόνατα,
859 1327 1106 1379 παρακάλεσον

86 1390 144 1428 τὸν
163 1388 362 1435 Δεσπότην.
393 1388 461 1426 Διὰ
479 1389 513 1427 τί
533 1389 634 1433 αὐτὸς
652 1392 669 1427 ὃ
686 1388 838 1441 Χριστὸς
856 1388 1107 1439 διενυκτέρευεν

87 1452 122 1488 ἐν
138 1452 188 1502 τῷ
211 1450 307 1502 ὄρει;
327 1452 393 1502 οὔχ
411 1448 468 1488 ἵνα
489 1449 594 1494 τύπος
612 1452 695 1500 ἡμῖν
714 1449 879 1501 γένηται;
900 1449 991 1487 Τότε
1020 1450 1108 1487 ἀνα-

88 1516 165 1549 πνεῖ
184 1510 228 1548 τὰ
244 1510 346 1562 φυτὰ,
368 1512 401 1548 ἐν
427 1513 470 1562 τῇ
493 1511 591 1549 νυκτὶ
609 1510 701 1562 λέγω
717 1527 725 1535 ·
746 1511 824 1550 τότε
842 1511 902 1549 καὶ
918 1510 1013 1563 ψυχὴ
1035 1509 1108 1561 μά-

85 1572 188 1609 λιστα
221 1572 354 1622 μᾶλλον
383 1571 521 1609 ἐκείνων
550 1571 670 1622 δρόσον
696 1570 849 1624 δέχεται.
895 1571 1003 1623 Ἅπερ
1034 1571 1110 1622 μεθ’

86 1631 220 1684 ἡμέραν
239 1634 257 1670 ὁ
275 1631 372 1677 ἥλιος
391 1631 598 1678 κατέκαυσε,
627 1636 736 1670 ταῦτα
759 1633 794 1670 ἐν
815 1635 858 1684 τῇ
878 1632 975 1670 νυκτὶ
995 1647 1109 1670 κατα-

86 1692 250 1744 ψύχεται.
268 1692 393 1740 Πάσης
407 1691 529 1744 δρόσου
548 1693 678 1742 μᾶλλον
699 1692 743 1730 τὰ
758 1694 821 1738 τῆς
840 1693 960 1736 νυκτὸς
977 1692 1110 1746 δάκρυα

86 1753 145 1790 καὶ
172 1752 263 1791 κατὰ
290 1755 358 1790 τῶν
377 1754 567 1802 ἐπιθυμιῶν
589 1753 648 1790 καὶ
667 1753 758 1791 κατὰ
778 1753 894 1799 πάσης
913 1754 1110 1805 φλεγμονῆς

86 1813 147 1851 καὶ
173 1813 347 1856 καύσωνος
371 1813 553 1861 καθίεται,
579 1813 639 1851 καὶ
655 1816 716 1852 οὐκ
737 1818 750 1834 ³
763 1814 884 1866 ἀφίησι
901 1831 927 1866 χ
930 1814 1055 1852 αλεπόν
1074 1830 1109 1852 τι

87 1878 221 1913 παθεῖν.
235 1873 296 1912 Ἂν
313 1874 349 1911 δὲ
369 1873 417 1925 μὴ
434 1877 496 1921 τῆς
513 1873 634 1926 δρόσου
654 1875 836 1927 ἀπολαύσῃ
857 1874 1004 1924 ἐκείνης,
1032 1874 1108 1926 μεθ’

1175 1340 1310 1370 rantur.
1326 1333 1443 1384 Magis
1461 1348 1570 1384 quam
1584 1348 1641 1372 ros
1660 1342 1839 1371 nocturnae
1855 1334 2022 1386 lacrymae
2041 1343 2161 1372 contra

1177 1393 1477 1445 concupiscentias
1502 1403 1534 1432 et
1551 1403 1670 1433 contra
1687 1408 1826 1433 omnem
1842 1394 2005 1432 ardorem
2020 1404 2162 1433 aestum-

1177 1468 1245 1506 que
1259 1454 1507 1505 demittuntur,
1527 1469 1590 1494 nec
1605 1455 1724 1494 sinunt
1744 1469 1852 1507 grave
1870 1455 2059 1507 quidpiam
2075 1456 2161 1508 pati.

1176 1514 1256 1554 Nisi
1275 1523 1393 1553 autem
1415 1530 1493 1554 rore
1511 1516 1574 1554 illo
1593 1517 1731 1554 fruatur
1747 1516 1879 1566 anima,
1902 1516 2056 1554 interdiu
2073 1516 2162 1554 adu-

1177 1585 1286 1615 retur.
1307 1579 1445 1617 Verum
1476 1578 1583 1629 absit,
1604 1587 1644 1616 ut
1663 1578 1794 1629 aliquis
1824 1587 1984 1617 vestrum
2014 1579 2059 1615 ab
2081 1578 2163 1629 igne

1178 1637 1241 1676 illo
1260 1647 1444 1676 exuratur.
1467 1638 1539 1678 Sed
1560 1639 1697 1677 utinam
1720 1653 1783 1678 nos
1820 1653 1940 1677 omnes
1965 1639 2163 1691 refrigerati

1178 1708 1211 1737 et
1229 1699 1353 1739 divina
1372 1700 1526 1738 fruentes
1545 1700 1774 1750 clementia,a
1786 1710 2011 1752 peccatorum
2026 1702 2162 1739 sarcina

1176 1759 1384 1810 liberemur,
1415 1761 1529 1812 gratia
1558 1770 1591 1799 et
1620 1761 1837 1812 benignitate
1872 1761 2017 1799 Domini
2052 1762 2162 1800 nostri

1178 1822 1261 1860 Jesu
1278 1820 1424 1871 Christi,
1441 1822 1588 1872 quicum
1609 1822 1706 1861 Patri
1726 1831 1759 1860 et
1778 1822 1929 1875 Spiritui
1946 1832 2065 1861 sancto
2082 1824 2160 1874 glo-

1177 1881 1244 1930 ria,
1261 1882 1463 1935 imperium,
1479 1883 1604 1934 honor,
1624 1898 1718 1923 nunc
1731 1893 1764 1923 et
1783 1898 1931 1937 semper,
1942 1894 1975 1923 et
1990 1885 2026 1923 in
2038 1885 2163 1923 saecula

87 1935 221 1988 ἡμέραν
253 1934 572 1982 κατακαυθήσεται.
600 1935 706 1974 Ἀλλὰ
740 1936 788 1986 μὴ
818 1936 949 1988 γένοιτο
977 1936 1109 1987 μηδένα
1129 1930 1156 1961 D
1180 1943 1403 1983 saeculorum.
1422 1947 1547 1984 Amen·

87 1998 186 2046 ὑμῶν
210 1996 422 2047 ὑπέκκαυμα
450 1999 509 2034 τοῦ
537 1996 644 2048 πυρὸς
665 1996 794 2034 ἐκείνου
814 1997 994 2048 γενέσθαι,
1019 1998 1110 2036 ἀλλὰ

87 2057 328 2110 ἀναψύξαντας
357 2057 417 2095 καὶ
446 2059 509 2103 τῆς
540 2057 637 2109 παρὰ
664 2062 724 2096 τοῦ
741 2061 832 2098 Θεοῦ
852 2059 1113 2111 φιλανθρωπίας

89 2119 368 2168 ἀπολαύσαντας,
389 2118 478 2158 οὕτω
500 2118 633 2164 πάντας
652 2122 746 2170 ἡμᾶς
766 2121 1112 2172 ἐλευθερωθῆναιτοῦ

89 2179 230 2232 φορτίου
260 2181 330 2217 τῶν
350 2180 629 2233 ἁμαρτημάτων,
659 2180 778 2233 χάριτι
797 2181 857 2219 καὶ
872 2181 1114 2234 φιλανθρωπίᾳ

87 2243 148 2278 τοῦ
169 2239 295 2294 Κυρίου
317 2243 419 2291 ἡμῶν
449 2240 567 2287 Ἰησοῦ
595 2241 748 2292 Χριστοῦ
764 2271 775 2289 ,
804 2244 879 2291 μεθ’
901 2235 940 2282 οἷ
957 2245 1007 2294 τῷ
1026 2243 1111 2280 Πα-

88 2301 143 2352 τρὶ
160 2300 234 2351 ἅμα
249 2302 299 2352 τῷ
316 2300 403 2354 ἁγίῳ
416 2300 600 2352 Πνεύματι
618 2300 718 2350 δόξα,
745 2302 870 2355 κράτος
882 2333 892 2351 ,
913 2302 1001 2353 τιμὴ
1018 2334 1028 2353 ,
1052 2307 1111 2342 νῦν

88 2361 148 2400 καὶ
168 2361 236 2408 ἀεὶ,
259 2361 318 2400 καὶ
337 2364 384 2406 εἷς
397 2361 476 2406 τοὺς
492 2364 618 2406 αἰῶνας
632 2365 700 2402 τῶν
717 2363 862 2402 αἰώνων.
891 2363 1014 2414 Ἀμήν.

126 2495 140 2510 ⁸
157 2484 245 2517 Alius
260 2490 360 2532 ἀφίησί
377 2501 404 2520 τι
427 2491 558 2520 τοιοῦτον
580 2491 695 2522 παθεῖν.
713 2487 814 2529 [Mox
830 2492 1090 2526 κατακαυθήσεται

87 2535 199 2569 codd.
210 2544 243 2570 et
257 2536 373 2580 Savil.;
387 2542 564 2578 καυθήσεται
583 2537 704 2574 Montf.
719 2549 736 2571 e
751 2539 914 2573 Commel.
930 2539 1023 2575 Infra
1038 2551 1089 2574 re-

1156 2487 1304 2531 cepimus
1325 2499 1343 2521 e
1363 2490 1404 2522 D.
1424 2492 1662 2529 ἀπολαύσαντας,
1682 2493 1769 2524 οὕτω.
1789 2489 1880 2522 Editi
1902 2501 1976 2522 cum
2002 2491 2039 2523 A.
2064 2492 2099 2523 Β.
2122 2492 2160 2523 C.

1155 2542 1382 2581 ἀπολαύσαντας
1390 2568 1398 2583 ,
1413 2542 1553 2584 γένοιτο.]
