2502 3810
142 1567 256 1595 Matth.
276 1575 311 1595 22

141 1616 171 1644 9.

141 1691 220 1719 lmd.
239 1700 288 1719 21.

141 1732 192 1762 38.

139 1816 284 1846 Jhid.15.

139 1859 189 1895 24.

142 1999 222 2027 Ilei'd.
237 1998 324 2028 v.26.

142 2126 287 2156 A1t.i3.

142 2165 192 2204 46.

815 259 853 288 S.
889 256 1071 287 somnus
1108 256 1348 286 CHRYSOST.

353 252 444 312 Μ

349 346 430 383 dem
448 342 676 381 laederentur:
700 352 822 376 rursus
841 338 920 375 illos
940 337 1155 385 consolatur,
1177 336 1298 374 dicens
1316 366 1328 385 ,

348 406 422 443 Sed
454 404 610 440 illorum
640 401 781 438 delicto
811 401 919 437 salus
953 408 1009 436 est
1030 400 1220 450 gentibus.
1257 399 1329 436 Nos

348 474 465 502 autem
495 471 632 514 oportet
662 460 736 498 haec
763 474 832 497 non
865 460 1073 511 simpliciter
1104 458 1238 507 audire,
1267 459 1330 496 sed

347 534 500 563 mentem
529 532 736 574 etvscopum
767 520 917 558 dicentis
944 521 1142 572 explorare,
1175 529 1208 558 et
1242 519 1330 570 quid

346 586 516 623 conficere
538 593 710 621 conetur:
730 595 836 632 quam
864 595 939 618 rem
967 595 1105 632 semper
1135 595 1155 618 a
1186 580 1330 617 caritate

345 655 459 684 vestra
480 654 618 697 expeto.
649 645 741 681 Nam
760 643 790 680 si
814 642 881 679 hac
900 650 1014 679 mente
1034 641 1128 678 dicta
1147 641 1330 692 exceperi-

346 720 436 754 mus,
451 705 487 743 in
503 705 558 743 his
570 705 706 742 nullam
719 703 921 742 videbimus
941 702 1052 739 inesse
1062 700 1324 739 difficultatem.

344 766 387 805 Id
409 767 503 804 enim
532 780 625 804 nunc
643 774 754 814 curat⁷
784 773 823 801 ut
842 778 886 801 ex
906 763 1025 809 dictis,
1059 776 1182 800 eorum
1201 763 1263 813 qui
1284 776 1328 800 ex

345 827 511 877 gentibus
537 835 635 864 erant
663 824 903 876 arrogantiam
925 823 1124 875 deprimat;
1152 823 1201 861 ita
1235 823 1328 861 enim

345 888 382 925 hi
413 888 523 926 tutius
549 896 710 940 poterant
729 887 765 924 in
793 886 862 923 fide
882 900 1033 934 manere,
1067 899 1148 922 cum
1173 885 1330 923 modeste

342 963 448 1000 agere
470 948 693 996 didicissent3
725 947 787 998 qui
821 960 904 983 vero
932 960 977 983 ex
1004 945 1138 984 Judaeis
1158 955 1277 996 erant,
1310 962 1329 985 a

343 1009 588 1062 desperatione
610 1008 764 1057 liberati,
793 1007 839 1045 ad
865 1007 1016 1059 gratiam
1045 1006 1197 1044 alacrius
1225 1021 1327 1045 acce-

342 1071 435 1109 dere.
471 1070 525 1108 Ad
555 1071 649 1108 hunc
676 1084 759 1120 ergo
789 1083 935 1121 scopum
967 1076 1177 1119 spectantes,
1210 1070 1327 1105 omnia

342 1133 411 1171 hoc
438 1132 474 1169 in
497 1132 576 1169 loco
598 1131 693 1169 dicta
724 1130 926 1168 audiamus.
970 1128 1067 1175 Quid
1093 1142 1178 1180 ergo
1208 1129 1326 1167 dicit?

343 1205 377 1233 et
410 1194 588 1246 quomodo
623 1193 775 1231 ostendit
807 1193 946 1232 Judaeos
979 1204 1048 1228 non
1082 1190 1328 1229 incurabiliter

341 1256 459 1307 lapsos
476 1269 562 1304 esse7
585 1267 647 1291 nec
667 1266 778 1304 usque
796 1253 832 1289 in
852 1253 958 1289 finem
977 1252 1103 1303 ejectos
1118 1251 1250 1288 fuisse?
1268 1252 1327 1289 Ex

342 1315 505 1366 gentibus
527 1314 674 1364 scilicet7
706 1322 745 1350 ut
769 1313 818 1350 ait
838 1328 845 1348 :
863 1313 1026 1349 Illorum
1048 1311 1190 1348 delicto
1218 1313 1326 1350 salus

341 1387 397 1416 est
414 1381 605 1430 gentibus,
638 1386 677 1414 ut
695 1377 784 1413 illos
809 1376 863 1412 ad
880 1375 1167 1412 (emulationem
1182 1389 1323 1426 provo-

341 1447 459 1476 caret.
490 1438 557 1474 Hic
580 1446 697 1474 autem
726 1449 839 1473 sermo
867 1448 936 1471 non
964 1435 1065 1471 Pauli
1092 1444 1231 1472 tantum
1256 1445 1321 1485 est,

341 1498 400 1536 sed
415 1499 451 1535 in
465 1497 669 1548 Evangeliis
683 1509 822 1547 quoque
834 1495 902 1532 hoc
913 1495 1092 1546 parabolae
1108 1495 1323 1546 significant.
1345 1495 1368 1526 C

1350 829 1373 858 B

319 1588 324 1594 -
341 1563 432 1600 Nam
455 1559 514 1610 qui
535 1558 677 1610 nuptias
694 1557 768 1595 filio
789 1565 991 1608 paraverat,
1015 1555 1098 1606 quia
1118 1556 1158 1606 ii,
1182 1556 1243 1606 qui
1264 1571 1324 1594 vo-

340 1625 408 1663 cati
438 1625 589 1671 fuerant,
621 1622 742 1660 venire
763 1621 970 1669 noluerunt,
996 1628 1081 1657 tunc
1100 1633 1173 1668 eos,
1204 1620 1266 1670 qui
1286 1621 1322 1658 in

340 1685 456 1723 triviis
472 1694 581 1733 eraut,
599 1684 756 1722 vocavit.
782 1683 829 1721 Et
847 1682 907 1732 qui
925 1681 1065 1719 vineam
1085 1681 1321 1733 plantaverat,

340 1761 422 1784 cum
448 1746 613 1784 heredem
640 1744 803 1796 agricolae
830 1742 1052 1788 occidissent,
1081 1751 1165 1779 tunc
1183 1742 1325 1781 vineam

337 1808 420 1846 aliis
440 1807 601 1846 tradidit,
635 1810 687 1845 Ac
709 1806 784 1843 sine
801 1804 972 1857 parabola
992 1804 1067 1856 ipse
1085 1803 1180 1842 dixit
1199 1822 1204 1841 :
1229 1806 1325 1842 Non

340 1873 480 1907 missus
495 1883 593 1915 sum,
612 1870 686 1905 nisi
703 1868 756 1904 ad
772 1879 859 1904 oves
876 1879 961 1917 quoe
973 1867 1171 1916 perierunt
1189 1865 1324 1903 domus

338 1931 477 1968 Israel.
500 1928 815 1982 Syroplioenicissce
843 1935 961 1964 autem
991 1927 1227 1978 perseveranti
1252 1926 1323 1963 ali-

341 1992 429 2043 quid
463 1992 617 2044 amplius
645 1990 739 2029 dixit
759 2006 768 2026 .·
789 1991 879 2027 Non
913 1996 967 2026 est
1001 1990 1156 2034 bonum,
1190 1987 1321 2038 inquit,

342 2057 512 2106 accipere
529 2068 671 2106 panem
685 2054 875 2105 filiorum,
908 2059 944 2088 et
963 2051 1058 2088 dare
1076 2052 1252 2088 canibus.
1278 2050 1324 2089 Et

343 2116 475 2154 Paulus
501 2114 634 2154 Judaeis
662 2113 830 2152 seditiose
858 2111 1161 2149 tumultuantibus
1182 2112 1325 2148 :Vobis

344 2191 446 2215 nunc
463 2180 643 2228 primum,
666 2174 794 2225 inquit,
825 2175 1081 2211 necessarium
1106 2181 1190 2209 erat
1218 2173 1326 2224 loqui

343 2252 554 2275 sermenem
576 2238 651 2274 Dei
663 2252 678 2280 ;
701 2238 795 2287 quia
814 2247 906 2272 vero
930 2246 1001 2270 vos
1021 2233 1200 2284 indignos
1214 2234 1323 2284 jndi-

342 2299 474 2341 castis,
499 2309 584 2333 ecce
602 2297 860 2332 convertimur
878 2294 932 2330 ad
948 2301 1090 2344 gentes.

395 2358 433 2393 5.
458 2358 573 2406 Atque
605 2370 649 2393 ex
675 2355 732 2392 his
764 2353 930 2391 omnibus
960 2353 1080 2404 palam
1111 2360 1173 2401 est,
1204 2368 1324 2392 rerum

341 2416 486 2468 quidem
505 2416 628 2453 seriem
651 2415 749 2452 illam
771 2414 889 2462 fuisse,
909 2422 949 2450 ut
968 2413 1022 2450 illi
1045 2413 1153 2464 primi
1176 2414 1324 2451 accede-

343 2487 434 2528 rent,
457 2487 490 2516 ct
509 2487 628 2529 postea
650 2476 796 2528 gentiles
815 2491 822 2511 :
843 2474 926 2525 quia
947 2487 1031 2511 vero
1052 2473 1226 2511 increduli
1245 2475 1322 2511 fue-

342 2548 437 2588 runt,
460 2539 546 2576 ordo
568 2547 725 2575 mutatus
751 2545 818 2585 est,
851 2535 1065 2585 illorumque
1092 2535 1323 2574 incredulitas

342 2610 374 2638 ct
393 2601 513 2651 lapsus
530 2609 569 2637 ut
587 2599 626 2636 hi
647 2598 782 2650 priores
805 2597 978 2634 intrarent
994 2596 1120 2633 effecit.
1140 2596 1223 2634 Ideo
1242 2597 1292 2634 ait
1312 2612 1319 2633 ε

340 2662 505 2698 Illorum
522 2660 661 2697 delicto
677 2659 784 2696 salus
799 2666 854 2695 est
867 2659 1057 2709 gentibus,
1083 2665 1123 2694 ut
1142 2658 1195 2694 ad
1209 2671 1323 2695 oemzc-

342 2722 525 2759 lationem
552 2721 642 2757 illos
658 2726 897 2770 provocaret.
917 2715 1024 2763 Quod
1041 2716 1071 2753 si
1087 2716 1137 2764 id,
1156 2716 1252 2767 quod
1278 2732 1322 2755 ex

340 2781 587 2831 consequentia
603 2779 764 2831 contigit,
798 2777 897 2828 quasi
922 2777 1038 2829 primo
1056 2777 1188 2814 factum
1209 2777 1318 2825 dicat,

339 2854 383 2880 ne
405 2841 543 2879 mireris
561 2840 664 2878 :vult
690 2839 784 2877 enim
806 2838 949 2875 illorum
972 2837 1110 2874 animos
1141 2838 1321 2889 perculsos

339 2901 525 2939 consolari.
574 2900 648 2937 Hoc
681 2908 799 2936 autem
839 2897 917 2936 vult
954 2897 1154 2948 significare
1181 2913 1188 2933 :
1212 2898 1322 2937 Yenit
1342 2909 1366 2938 Ε

337 2961 382 2998 ad
397 2961 478 2999 illos
492 2963 592 3000 Jesus
605 2975 617 3010 3
636 2959 739 2996 illum
756 2965 918 2996 sexcenta
935 2956 1106 2994 miracula
1122 2966 1321 3008 patrantem

335 3035 404 3059 non
424 3028 642 3072 receperunt,
664 3018 724 3057 sed
755 3017 1011 3055 crucifixerunt
1029 3032 1036 3052 τ
1054 3026 1172 3067 gentes
1200 3028 1319 3069 postea

333 3081 492 3129 attraxit,
520 3089 561 3117 ut
576 3080 689 3117 honor
710 3077 782 3114 illis
800 3076 947 3114 collatus
966 3076 1096 3113 horum
1124 3077 1318 3129 stupidita-

332 3150 403 3179 tem
423 3140 613 3188 morderet,
641 3148 675 3176 et
693 3138 742 3175 sic
762 3151 806 3176 ex
828 3136 1049 3175 contentione
1078 3136 1169 3174 inter
1191 3137 1314 3176 ambos

372 3287 386 3301 a
410 3278 463 3308 Ita
478 3277 553 3308 Mss.
571 3283 670 3307 recte.
691 3273 784 3307 Editi
801 3285 877 3306 vero
893 3279 922 3307 ἐν
938 3282 996 3311 τοῖς
1011 3278 1114 3309 ἔθνεσι.
1143 3275 1211 3316 [Sic
1228 3277 1265 3307 A.
1285 3275 1339 3307 hic

328 3335 361 3360 et
376 3327 460 3359 iufra
478 3328 527 3359 lit.
546 3329 590 3360 D.
604 3327 658 3359 Sic
674 3326 764 3358 idem
791 3337 889 3368 supra
913 3337 947 3367 p.
966 3327 1042 3367 433,
1059 3327 1086 3358 Ε
1109 3334 1193 3359 extr.
1227 3333 1257 3361 ἐν
1280 3337 1340 3365 τοῖς

328 3386 450 3419 ἔννεπεν,
471 3381 518 3410 uti
535 3380 644 3410 caeteri
661 3386 774 3410 carent
791 3374 1054 3420 praepositione]

1387 256 1594 287 ARcuiEP.
1633 257 1800 288 CONSTA
1809 260 1970 290 NTINOP
1979 280 1989 290 .

1401 336 1457 388 ρία
1475 343 1488 358 ²³
1502 344 1572 381 τοῖς
1593 338 1716 378 ἔθνεσι.
1737 342 1799 378 Δεῖ
1816 340 1851 378 δὲ
1872 344 1966 391 ἡμᾶς
1980 344 2044 393 οὐχ
2063 341 2181 385 ἁπλῶς
2201 341 2335 379 ἀκούειν
2352 343 2419 380 τῶν

1398 398 1596 448 λεγομένων
1609 429 1618 447 ,
1635 400 1726 438 ἀλλὰ
1742 399 1805 446 τὴν
1824 400 1968 451 γνώμην
1989 401 2115 440 εἰδέναι
2134 403 2193 440 καὶ
2212 401 2270 439 τὸν
2290 403 2420 441 σκοπὸν

1399 461 1458 495 τοῦ
1477 458 1636 510 λέγοντος
1649 488 1659 505 ,
1679 460 1739 498 καὶ
1757 460 1791 498 τί
1823 464 2042 513 κατορθῶσαι
2071 462 2303 501 ἐσπούδακεν·
2335 466 2421 539 ὅπερ

1399 519 1452 556 ἀει
1481 522 1676 572 παρακαλῶ
1697 521 1792 567 τὶν(
1780 521 1948 573 υμετέραν
1969 522 2119 572 ἀγάπτν.
2151 523 2212 561 Αν
2235 524 2303 576 γὰρ
2332 525 2420 574 μετὰ

1397 582 1459 625 τῆς
1478 579 1629 624 διανοίας
1642 581 1769 627 ταύτης
1790 580 1966 631 δεξώμεθα
1981 582 2024 620 τὰ
2044 583 2233 634 εἰρημένα,
2256 587 2289 622 ἐν
2310 584 2420 622 οὐδενὶ

1397 640 1526 678 τούτων
1542 641 1698 698 ὀψόμεθα
1714 641 1898 680 δυσκολίαν
1920 646 2036 682 οὖσαν.
2057 643 2140 680 Τὸ
2129 644 2197 695 γὰρ
2227 646 2421 689 σπουδαζό-

1398 716 1439 750 με
1443 716 1499 737 νον
1519 703 1582 738 αὐ·
1572 718 1614 753 ῳ
1646 718 1716 748 νυν,
1748 701 1811 749 τὴν
1832 704 1870 740 ἐκ
1897 719 1964 740 των
1989 703 2177 755 εἰρημένων
2191 704 2419 779 ἐγγινρμένην

1397 760 1561 799 ἀπόνοιαν
1582 768 1652 805 τοῖς
1673 761 1707 806 ἐξ
1728 764 1831 800 ἐθνων
1851 765 2025 801 καθελεῖν’
2054 763 2145 801 οὕτω
2162 763 2229 816 γὰρ
2248 780 2307 802 και
2326 769 2420 803 ουτοι

1396 820 1675 874 ἀσφαλέστερον
1671 821 1750 860 υ.ε’νε
1755 839 1783 860 ιν
1802 823 1979 873 ἔμελλονὲ
1964 840 1997 861 εν
2009 828 2052 876 τῇ
2072 824 2207 873 πίστει,
2224 825 2419 876 μετριαζειν

1399 882 1582 932 μαθόντες,
1604 883 1663 921 καὶ
1677 887 1707 922 οἱ
1727 883 1761 927 ἐξ
1779 883 1957 922 Ἰουδαίων
1977 888 2039 931 τῆς
2058 885 2286 937 ἀπογνώσεως
2306 888 2420 924 ἀπαλ-

1397 943 1638 996 λαγέντες,τῇ’
1672 944 1792 997 χάριτι
1812 945 2068 997 προθυμότερον
2097 945 2290 997 προσιέναι.
2323 946 2418 997 Πρὸς

1398 1008 1515 1042 τοῦτον
1533 1004 1646 1042 τοίνυν
1666 1004 1722 1043 τὸν
1743 1005 1871 1043 σκοπὸν
1888 1008 2034 1057 ὁρῶντες
2047 1035 2056 1052 ,
2075 1007 2216 1045 πάντων
2238 1006 2419 1056 ἀκούωμεν

1396 1067 1464 1103 τῶν
1485 1068 1519 1104 ἐν
1541 1069 1589 1117 τῷ
1605 1066 1724 1118 χωρίῳ
1743 1066 1854 1117 τούτῳ
1867 1067 2076 1118 λεγομένων.
2099 1067 2146 1105 Τί
2162 1061 2219 1105 οὖν
2236 1082 2340 1119 φησι;
2360 1068 2421 1106 καὶ

1396 1127 1499 1164 πόθεν
1527 1127 1708 1174 δείκνυσιν,
1727 1126 1779 1164 ὅτι
1813 1130 1875 1165 οὐκ
1904 1127 2029 1166 ἀνίατα
2048 1128 2182 1173 ἔπεσον,
2201 1127 2277 1166 οὐδὲ
2297 1130 2344 1170 εἷς
2361 1127 2419 1166 τέ-

1396 1189 1453 1231 λος
1475 1187 1734 1235 ἐξεὸλήθησαν5
1756 1188 1841 1226 Ἀπὸ
1871 1191 1939 1226 τῶν
1960 1190 2077 1235 ἐθνῶν,
2098 1187 2187 1225 οὕτω
2205 1188 2335 1239 λέγων·
2356 1189 2419 1239 Τῷ

1396 1250 1507 1286 αὐτῶν
1532 1248 1794 1300 παραπτώματι
1813 1253 1834 1296 ἡ
1867 1249 2022 1300 σωτηρία
2042 1251 2075 1286 ἐν
2097 1255 2167 1290 τοῖς
2200 1249 2348 1293 ἔθνεσιν,
2372 1251 2420 1292 εἷς

1393 1309 1433 1346 τὸ
1452 1310 1705 1359 παραζηλῶσαι
1722 1309 1855 1351 αὐτούς.
1888 1304 1999 1352 Οἷτος
2020 1309 2055 1346 δὲ
2080 1311 2141 1346 οὐκ
2160 1311 2263 1347 αὐτοῦ
2286 1308 2387 1358 μόνον
2402 1311 2419 1346 ὁ

1393 1369 1510 1419 λόγος,
1536 1369 1625 1421 ἀλλδι
1645 1369 1704 1406 καὶ
1723 1371 1758 1406 ἐν
1777 1375 1847 1413 τοῖς
1874 1369 2100 1420 Εὖαγγελίοις
2119 1374 2218 1407 τοῦτο
2241 1369 2421 1419 βούλονται

1395 1430 1430 1464 αἱ
1449 1427 1660 1479 παραδολαί.
1694 1427 1764 1465 Καὶ
1801 1428 1868 1479 γὰρ
1901 1431 1917 1465 ὃ
1945 1427 2023 1470 τοὺς
2050 1428 2183 1478 γάμους
2203 1427 2351 1472 ποιήσας
2370 1430 2421 1478 τῷ

1394 1491 1478 1539 υἱῶ,
1502 1488 1621 1534 ἐπειδὴ
1643 1491 1674 1526 οῖ
1695 1488 1903 1538 κεκλημένοι
1924 1491 1985 1527 οὐκ
2010 1488 2184 1535 ἠθέλησαν
2204 1490 2327 1536 ἐλθεῖν,
2342 1488 2421 1527 τότε

1394 1547 1470 1591 τοὺς
1494 1550 1527 1586 ἐν
1557 1554 1633 1592 ταῖς
1662 1550 1809 1601 τριόδοις
1842 1551 1997 1588 ἐκάλεσε.
2027 1550 2096 1587 Καὶ
2116 1552 2133 1586 ὃ
2152 1550 2210 1587 τὸν
2228 1551 2420 1600 ἀμπελῶνα

1395 1609 1430 1648 δὲ
1449 1609 1729 1662 καταφυτεύσας,
1750 1611 1869 1657 ἐπειδὴ
1887 1610 2037 1662 ἔσφαξαν
2054 1613 2085 1647 οἱ
2096 1610 2244 1662 γεωργοὶ
2260 1610 2316 1648 τὸν
2330 1613 2420 1658 κλη-

2349 1673 2420 1711 Καὶ

1392 1732 1500 1808 γζωρὶς
1517 1731 1552 1768 δὲ
1575 1732 1778 1783 παραὲολῆς
1797 1731 1812 1753 ¹³
1825 1733 1925 1776 αὐτὸς
1943 1732 2057 1784 ἔλεγεν
2071 1748 2078 1755 ·
2105 1735 2181 1771 Οὐκ
2201 1734 2418 1781 ἀπεστάλην,

1396 1670 1551 1723 ρονόμον,
1571 1670 1648 1708 τότε
1669 1672 1831 1716 ἐξέδωκεν
1854 1672 1982 1725 ἑτέροις
2016 1672 2072 1710 τὸν
2104 1673 2308 1721 ἀμπελῶνα.

1393 1796 1422 1831 εἷ
1445 1792 1493 1843 μὴ
1515 1794 1562 1835 εἷς
1584 1792 1627 1830 τὰ
1647 1792 1784 1845 πρόοατ
1772 1810 1808 1831 α
1840 1793 1884 1832 τὰ
1914 1793 2121 1831 ἀπολωλότα
2141 1792 2236 1830 οἴκου
2257 1792 2416 1846 Ἰσραήλ.

1393 1854 1462 1892 Καὶ
1478 1856 1521 1905 τῇ
1542 1853 1868 1906 Συροφοινικίσσῃ
1850 1854 1885 1893 οε
1902 1854 2108 1906 ἐπιμενούσῃ
2129 1853 2234 1892 πλέον
2254 1870 2288 1891 τι
2313 1855 2419 1892 πάλιν

1391 1916 1528 1967 ἔλεγεν·
1550 1917 1602 1953 Oi)
1624 1915 1690 1967 γάρ
1712 1918 1786 1955 ἐστι
1810 1916 1934 1963 καλὸν,
1967 1917 2071 1967 φησὶ,
2100 1915 2220 1953 λαὸεῖν
2238 1916 2296 1954 τὸν
2317 1916 2418 1969 ἄρτον

1392 1981 1459 2015 τῶν
1496 1977 1639 2025 τέκνων,
1661 1977 1720 2015 καὶ
1754 1980 1871 2016 δοῦναι
1893 1984 1964 2020 τοῖς
1994 1977 2179 2030 κυναρίοις.
2202 1977 2302 2015 Καὶὸ
2319 1979 2418 2014 Παῦ-

1392 2040 1451 2081 λος
1474 2038 1509 2076 δὲ
1530 2039 1614 2092 πρὸς
1636 2037 1713 2082 τοὺς
1729 2038 1977 2082 στασιάζοντας
1997 2041 2064 2075 τῶν
2081 2037 2298 2085 Ἰουδαίο)ν,ς
2312 2037 2417 2088 Ὑμῖν

1394 2103 1453 2137 νῦν
1483 2101 1633 2151 πρῶτον,
1655 2099 1771 2151 φησὶν,
1794 2102 1979 2151 ἀναγκαῖον
1998 2094 2039 2146 ἦν
2060 2101 2256 2150 λαληθῆναι
2278 2099 2335 2137 τὸν
2357 2098 2419 2137 λό-

1394 2175 1452 2210 γον
1473 2163 1531 2198 τοῦ
1553 2162 1664 2198 Θεοῦ·
1693 2159 1813 2206 ἐπειδὴ
1836 2160 1872 2197 δὲ
1893 2159 2048 2204 ἀναξίους
2068 2158 2225 2212 ἐκρίνατε
2256 2159 2417 2207 ἑαυτοὺς,

1395 2220 1466 2259 ἰδοὺ
1489 2220 1707 2273 στρεφόμεθα
1727 2223 1773 2264 εἷς
1787 2220 1830 2258 τὰ
1851 2221 1944 2267 ἔθνη,

1447 2352 1557 2390 Koa?
1539 2351 1596 2389 οια
1615 2367 1755 2390 παντων
1786 2352 1891 2398 δηλ
1854 2367 1971 2398 ουται,
1994 2351 2046 2388 ὅτι
2077 2354 2097 2396 ἡ
2137 2366 2178 2399 με
2181 2366 2198 2387 ν
2232 2349 2417 2388 ἀκολουθία

1394 2429 1460 2451 των
1483 2428 1700 2485 πραγματων
1730 2428 1816 2458 αυτη
1843 2416 1898 2458 ἣν,
1919 2411 2067 2454 ἐκείνους
2093 2413 2276 2462 προσελεθ
2267 2428 2295 2448 ιν
2315 2410 2418 2462 πρώ-

1393 2489 1493 2521 τους,
1515 2474 1572 2511 καὶ
1594 2473 1672 2511 τότε
1692 2489 1770 2516 τους
1792 2473 1825 2517 ἐξ
1845 2475 1969 2511 ἐθνων·
2003 2471 2122 2518 επειδὴ
2150 2472 2184 2509 δὲ
2204 2471 2417 2518 ἠπίστησαν,

1393 2534 1611 2586 ἀντεστράςρη
1629 2538 1649 2580 ἡ
1667 2533 1778 2580 τάξις,
1798 2534 1888 2580 καὶὴ
1911 2533 2057 2572 ἀπιστία
2078 2536 2188 2571 αὐτῶν
2210 2532 2269 2570 καὶ
2289 2533 2328 2571 τὸ
2347 2548 2418 2569 πα-

1395 2595 1567 2648 ράπτωμα
1599 2595 1737 2637 τούτους
1771 2594 1930 2641 ἐποίησεν
1952 2596 2191 2646 εἰσενεχθῆναι
2217 2593 2417 2646 προτέρους.

1393 2656 1457 2694 Διό
1477 2672 1584 2708 φησι,
1606 2657 1669 2707 Τῷ
1703 2657 1813 2693 αὐτῶν
1831 2655 2094 2707 παραπτώματι
2121 2660 2143 2702 ἡ
2172 2654 2327 2706 σωτηρία
2346 2661 2418 2698 τοῖς

1393 2716 1537 2762 ἔθνεσιν,
1555 2718 1602 2758 εἷς
1621 2715 1659 2753 τὸ
1681 2717 1936 2766 παραζηλῶσαι
1957 2715 2091 2758 αὐτούς.
2109 2718 2154 2754 Εἰ
2170 2715 2204 2754 δὲ
2223 2715 2262 2753 τὸ
2280 2716 2315 2759 ἐξ
2335 2718 2416 2754 ἀκο-

1391 2776 1528 2820 λουθίας
1557 2776 1661 2814 ἐκέὰν
1679 2779 1725 2819 ὡς
1753 2776 2020 2828 προηγουμένως
2047 2776 2275 2828 γεγενημένον
2294 2776 2388 2827 λέγει
2404 2806 2415 2823 ‚

1393 2838 1441 2887 μὴ
1460 2837 1642 2887 θαυμάσῃς
1659 2852 1666 2859 ·
1687 2836 1848 2886 βούλεται
1869 2837 1937 2888 γὰρ
1963 2839 2076 2875 αὐτῶν
2094 2837 2415 2888 παραμυθήσασθαι

1390 2896 1609 2947 πεπληγυίας
1625 2896 1686 2939 τὰς
1713 2897 1838 2948 ψυχάς.
1855 2896 1905 2934 ⁰0
1934 2896 1970 2935 δὲ
2001 2897 2111 2946 λέγει,
2131 2896 2282 2935 τοιοῦτόν
2301 2899 2393 2934 ἐστιν
2407 2913 2415 2920 ·

1388 2952 1472 3003 ἦλθε
1502 2957 1586 3008 πρὸς
1606 2956 1727 3000 αὐτοὺς
1743 2957 1895 3002 Ἰησοῦς·
1917 2959 1978 2994 οὐκ
2003 2956 2159 2999 ἐδέξαντο
2190 2957 2291 2994 αὐτὸν
2308 2957 2415 3008 μυρία

1390 3021 1736 3068 θαυματουργοῦντα,
1755 3019 1830 3055 ἀλλ’
1846 3017 2066 3068 ἐσταύρωσαν
2078 3033 2085 3040 ·
2102 3018 2327 3055 ἐπεσπάσατο
2340 3020 2414 3055 λοι-

1388 3079 1451 3116 πὸν
1472 3078 1516 3116 τὰ
1540 3078 1620 3123 ἔθνη
1633 3108 1642 3124 ,
1659 3076 1714 3114 ἵνα
1733 3080 1754 3123 ἡ
1773 3076 1912 3115 ἐκείνων
1929 3077 2014 3127 τιμὴ
2036 3077 2209 3115 δάκνουσα
2222 3079 2333 3115 αὐτῶν
2349 3077 2413 3124 τὴν

1389 3137 1630 3185 ἀναισθησίαν,
1651 3137 1713 3175 κᾶν
1734 3139 1772 3175 ἐκ
1793 3141 1855 3184 τῆς
1871 3138 1955 3189 πρὸς
1976 3137 2111 3190 ἑτέρους
2130 3137 2338 3190 φιλονεικίας
2349 3139 2412 3175 αὐ·-

1449 3277 1466 3300 1:
1484 3276 1576 3308 Unus
1589 3273 1701 3306 Codex
1719 3275 1766 3316 [et
1780 3275 1832 3316 A.]
1851 3278 1947 3312 αὐτοῖς
1964 3279 2074 3317 ἔλεγεν.

1449 3337 1463 3353 0
1487 3328 1576 3369 [ὑμῖν
1590 3338 1710 3372 πρῶτον
1728 3327 1796 3358 sine
1811 3333 1857 3360 νῦν
1874 3327 1926 3367 Α.]
