2502 3810
720 254 763 284 IN
801 254 825 283 Α
832 253 910 283 CTA
947 253 971 282 A
978 250 1226 282 POSTOLORU
1233 251 1282 281 M.

147 343 384 390 καταφρονεῖν,
409 335 555 378 πολλοὺς
583 334 791 372 ἀπολλύναι·
826 334 900 372 ἐπεὶ
933 333 992 371 καὶ
1023 333 1159 374 Παῦλος

146 398 334 450 προενόησε
349 397 562 435 σκανδάλου·
591 396 649 433 καὶ
676 397 769 443 πῶς,
800 395 920 432 ἄκουε·
940 393 1018 432 Ἵνα
1039 393 1087 444 μὴ
1114 395 1156 444 τῇ

147 458 329 509 ἁδρότητι,
350 457 452 509 φησὶ,
482 456 589 508 ταύτῃ
613 459 654 507 τῇ
684 455 932 506 διακονουμένῃ
959 456 1013 506 ὑφ’
1033 456 1133 504 ἡμῶν
1149 468 1156 476 ·

146 517 241 555 οὐδὲν
257 517 323 568 γὰρ
343 517 493 555 ἔὸλαπτε
514 517 552 554 τὸ
575 516 636 564 τὴν
656 515 816 554 ὑπόνοιαν
834 515 970 558 ἐξελεῖν.
988 513 1102 552 ‘'O-:av
1123 513 1158 551 δὲ

148 579 193 621 εἷς
211 577 373 623 τοιαύτην
399 577 606 628 ἐμπέσωμεν
638 575 805 627 ἀνάγκην,
830 575 919 613 ὥστε
947 574 1082 626 μεγάλα
1101 589 1160 624 γε·

147 638 262 676 νέσθαι
280 637 374 675 κακὰ
400 637 455 675 διὰ
475 638 514 676 τὸ
533 636 649 688 ἑτέρου
667 636 870 682 σκάνδαλον,
887 638 1160 687 καταφρονῶμεν

147 698 288 736 ἐκείνου.
308 699 461 740 Ἐκεῖνος
484 697 544 747 μὲν
567 696 634 748 γὰρ
654 698 763 748 ἑαυτῷ
780 694 888 739 αἴτιος
901 723 911 740 ,
926 698 1027 744 ἡμεῖς
1047 694 1082 732 δὲ
1100 696 1160 732 οὐκ

148 758 199 795 ἔτι
217 757 396 796 ὑπεύθυνοι
408 774 415 781 ·
436 760 473 795 οὐ
489 758 556 810 γὰρ
570 759 648 802 ἐνῆν
664 757 827 798 &magog
841 756 943 792 αὐτοῦ
963 754 1158 806 φείσασθαι.

150 817 492 865 Ἐσκανδαλίσθησαν
521 817 662 864 πολλοὶ,
690 816 743 855 ὅτι
771 818 818 858 εἷς
851 815 927 866 ἱερὰ
959 813 1160 852 κατέκειντό

149 893 237 921 τινες
265 877 401 923 πιστοὶ,
433 876 574 924 (ἐπειδὴ
609 878 671 914 οὐκ
700 875 768 913 ἔδει
799 877 1042 912 κατακεῖσθαι·
1071 873 1160 911 ἀλλὰ

149 954 279 981 κακως·
297 939 438 989 οὐδεμία
457 938 524 990 γὰρ
550 937 618 976 ἀπὸ
641 952 760 974 τουτου
779 934 905 986 βλάὸη.
923 932 1159 972 Εσκανδαλί-

149 999 265 1046 ζοντο,
293 999 343 1036 ὅτι
373 998 470 1044 ἤσθιε
496 996 583 1047 μετὰ
609 998 676 1034 τῶν
703 997 843 1033 ἐθνικῶν
864 997 881 1032 ὁ
901 993 1055 1043 Πέτρος·
1085 994 1160 1030 ἀλλ’

149 1059 275 1100 ἐκεῖνος
303 1058 364 1108 μὲν
394 1057 572 1109 ἐφείσατο,
599 1056 699 1098 αὐτὸς
729 1054 763 1092 δὲ
788 1056 848 1091 οὐκ
876 1053 939 1091 ἔτι.
970 1054 1161 1104 Πανταχου

149 1117 315 1169 προσήκει
330 1121 423 1168 ἡμᾶς
442 1123 511 1159 τοῖς
536 1120 594 1154 τοῦ
615 1118 706 1154 Θεοῦ
732 1115 848 1165 νόμοις
866 1115 1162 1151 κατακολουθοῦν-

148 1193 229 1225 τας,
267 1177 397 1223 πολλὴν
442 1176 592 1223 σπουδὴν
626 1179 822 1224 ποιεῖσθαι,
855 1174 944 1212 ὥστε
990 1173 1162 1224 μηδεμίαν

149 1236 308 1288 ἀφορμὴν
327 1237 492 1289 παρέχειν
514 1236 726 1284 σκανδάλου,
747 1235 801 1273 ἵνα
828 1235 887 1274 καὶ
913 1234 1009 1272 αὐτοι
1028 1233 1164 1272 ἀνεύθυ·

148 1312 198 1335 νοι
212 1300 317 1347 ὠμεν,
331 1297 390 1335 καὶ
406 1313 469 1342 της
487 1296 584 1348 παρὰ
600 1311 659 1334 του
674 1298 765 1335 Θεοῦ
787 1293 1047 1348 φιλανθρωπίας
1064 1293 1165 1337 ἀξιω-

149 1361 275 1408 θῶμεν,
289 1358 409 1410 χάριτι
422 1358 480 1396 καὶ
495 1357 736 1411 φιλανθρωπίᾳ
750 1373 809 1395 του
827 1358 1038 1407 Μονογενοῧς
1051 1357 1166 1402 αὐτου,

153 1420 227 1468 μεθ’
254 1421 291 1456 οὗ
312 1435 362 1456 τι)
381 1418 516 1469 Πατρὶ,
543 1418 616 1469 ἅμα
651 1420 700 1470 τῶ
734 1417 821 1469 ἁγίῳ
850 1415 1032 1466 Πνεύματι
1063 1414 1168 1461 δόξα,

151 1479 295 1531 κράτος,
317 1478 423 1530 τιμὴ,
445 1484 501 1517 νῦν
522 1479 582 1518 καὶ
602 1479 675 1527 ἀεὶ,
700 1494 759 1516 και
785 1480 831 1522 εἷς
858 1493 936 1520 τους
956 1479 1080 1520 αἰῶνας
1099 1491 1168 1514 των

153 1537 299 1577 αἰώνων.
314 1539 433 1590 Ἀμήν.

196 1667 209 1680 <²
225 1660 322 1696 ἐπειδὴ
338 1656 430 1690 deest
444 1658 478 1691 in
492 1655 574 1690 aliis.

521 1890 699 1929 OMIAIA
729 1888 797 1940 μς.

154 2007 243 2051 Eine
279 2011 314 2050 δὲ
352 2015 369 2051 ὁ
399 2013 556 2055 Παῦλοςς
593 2011 661 2063 ἐγώ
693 2013 765 2062 εἶμι
803 2010 980 2061 ἄνθρωπος
1010 2009 1173 2052 Ἰουδαῖος

206 2071 364 2123 Ταρσεὺς
389 2076 450 2119 τῆς
469 2072 630 2116 Κιλικίας
645 2102 653 2118 ,
677 2073 739 2110 οὐκ
761 2071 896 2121 ἀσήμου
917 2070 1049 2113 πόλεως
1067 2069 1172 2107 πολί-

207 2148 288 2179 της·
310 2133 432 2182 δέομαι
451 2133 488 2171 δέ
505 2149 565 2171 σου
581 2161 591 2180 ,
615 2131 796 2184 ἐπίτρεψόν
819 2147 877 2181 μοι
906 2132 1057 2176 λαλῆσαι
1089 2131 1173 2180 πρὸς

206 2195 262 2232 τὸν
274 2194 371 2232 λαόν.
392 2193 665 2245 Ἐπιτρέψαντος
685 2193 720 2231 δὲ
735 2195 836 2230 αὐτοῦ
852 2222 860 2237 ,
879 2193 1048 2235 ὃΠαῧλος
1065 2191 1173 2235 ἑστὼς

209 2255 265 2292 ἐπὶ
287 2257 353 2291 τῶν
375 2254 586 2303 ἀναὸαθμῶν
606 2253 785 2291 κατέσεισε
813 2254 855 2303 τῇ
885 2251 976 2304 χειρὶ
996 2251 1053 2289 τὸν
1077 2251 1171 2289 λαόν.

207 2316 348 2360 Πολλῆς
385 2314 420 2353 δὲ
456 2318 555 2365 σιγῆς
591 2312 776 2365 γενομένης
795 2342 804 2361 ,
844 2310 1091 2364 προσεφώνησε
1129 2314 1172 2362 τῇ

205 2373 363 2429 Ἑὸραίδι
383 2374 571 2428 διαλέκτῳ,
594 2374 716 2426 λέγων.

203 2557 299 2610 εὈρα
328 2557 450 2606 αὐτὸν,
469 2556 550 2596 ὅταν
583 2556 668 2610 πρὸς
695 2555 769 2601 τοὺς
801 2555 865 2600 ἔξω
893 2555 1116 2607 διαλέγηται,
1135 2555 1172 2595 οὗ

152 2617 425 2669 παραιτούμενον
454 2617 512 2655 καὶ
547 2623 617 2661 τοῖς
645 2616 713 2655 ἀπὸ
740 2620 808 2655 τῶν
836 2616 950 2667 νόμων
978 2618 1171 2669 κεχρῆσθαι

153 2679 382 2729 βοηθήμασιν.
405 2678 580 2716 Ἐνταῦθα
607 2678 707 2716 αὐτὸν
731 2678 798 2716 ἀπὸ
815 2680 878 2723 τῆς
896 2678 1028 2721 πόλεως
1056 2677 1171 2729 ἐντρέ-

151 2755 219 2777 πει.
244 2738 346 2776 Οὕτω
365 2738 424 2776 καὶ
443 2738 636 2789 ἔμπροσθεν
653 2738 748 2789 ἔλεγε
762 2754 769 2762 ·
790 2738 972 2790 Τύψαντες
994 2741 1087 2788 ἡμᾶς
1109 2738 1168 2784 δη-

153 2798 256 2850 μοσία
273 2798 522 2849 ἀκατακρίτους
539 2797 753 2850 ἀνθρώπους,
774 2798 968 2849 Ῥωμαίους
988 2798 1167 2850 ὑπάρχον-

151 2875 232 2904 τας,
253 2859 374 2896 {enom
405 2860 451 2901 εἷς
484 2858 653 2910 φυλακην.
674 2858 820 2904 Ἐπειδὴ
843 2857 910 2910 γὰρ
939 2858 1163 2904 ἐπυνθανετο,

152 2919 202 2956 Συ
221 2922 249 2956 εἰ
265 2921 282 2956 ὃ
302 2918 507 2970 Αἰγύπτιος,
520 2918 615 2971 Εγώ
635 2921 706 2970 εἰμι
717 2935 872 2971 ,φησιν,
887 2919 1066 2970 ἄνθρωπος
1081 2919 1168 2956 Ιου-

153 2978 256 3019 δαῖος.
277 2977 398 3020 Οὕτως
426 2977 552 3025 εἰπὼν,
579 2979 700 3021 εὐθέως
728 2979 830 3016 αὐτὸν
851 2977 979 3024 ταύτης
1007 2977 1080 3024 ἀτί,
1083 2992 1169 3029 γαγε

152 3039 212 3081 τῆς
233 3036 391 3087 ὑποψίας.
407 3031 496 3075 Εἶτα
510 3037 566 3075 ἵνα
587 3038 635 3089 μὴ
651 3041 796 3090 νομισθῇ
815 3038 852 3076 τὸ
871 3037 963 3081 ἔθνος
986 3039 1168 3084 Ἰουδαῖος,

151 3098 242 3147 λέγει
261 3096 322 3143 τὴν
342 3097 523 3148 θρησκείαν
537 3114 544 3122 ·
564 3099 623 3137 καὶ
654 3099 721 3150 γὰρ
749 3099 808 3137 καὶ
839 3100 993 3151 ἀλλαχοῦ
1029 3098 1168 3149 ἔννομον

153 3157 270 3194 ἑαυτὸν
296 3158 446 3207 Χριστοῦ
473 3160 581 3196 καλεῖ.
610 3158 658 3197 Τί
678 3159 777 3198 τοῦτό
797 3161 887 3204 ἐστι,
908 3164 922 3180 ³
935 3160 1074 3202 Παῦλος
1091 3158 1170 3210 ψεύ-

1186 1885 1215 1910 55
1220 1885 1232 1909 1

1198 1921 1224 1950 Α

1196 2564 1219 2594 Β

2127 227 2214 289 393

1231 339 1348 368 autem
1364 330 1399 367 in
1415 338 1547 368 tantam
1564 326 1794 365 inciderimus
1804 324 2059 373 necessitatem,
2076 331 2114 360 ut
2128 336 2212 374 pro-

1230 400 1307 443 pter
1326 391 1470 429 alterius
1485 388 1739 428 offendiculum
1760 400 1888 437 magna
1909 384 2071 424 eveniant
2095 383 2209 422 mala:

1231 452 1348 503 ipsum
1359 461 1631 490 contemnamus.
1645 449 1710 487 Ille
1721 448 1867 499 quidem
1882 447 1949 485 sibi
1966 446 2002 484 in
2018 459 2123 483 causa
2138 454 2210 493 θεῖ,

1231 526 1292 551 nos
1307 527 1391 551 vero
1416 513 1490 564 jam
1511 511 1608 549 noxii
1639 524 1709 548 non
1728 523 1851 548 sumus
1867 521 1958 545 :non
1984 506 2101 559 potuit
2116 505 2212 543 enim

1231 573 1305 610 sinc
1318 573 1448 610 damno
1464 572 1517 609 illi
1531 571 1639 623 parci.
1657 570 1766 609 Multi
1787 568 1911 608 offensi
1932 576 2014 605 sunt
2033 597 2042 614 ,
2063 566 2157 617 quod
2173 566 2210 604 in

1230 634 1361 686 templo
1375 633 1544 671 cubarent
1556 631 1842 683 quidamfideles,
1853 629 1955 681 quasi
1972 642 2041 666 non
2063 628 2182 666 liceret
2191 643 2203 678 3

1231 694 1292 732 sed
1305 695 1396 731 male
1414 709 1421 730 ε
1438 694 1529 731 nihil
1547 692 1639 730 enim
1650 692 1735 729 hinc
1753 691 1888 729 damni.
1912 689 2208 739 Offendebantur‚

1231 753 1328 804 quod
1341 768 1421 791 cum
1437 752 1591 790 ethnicis
1611 751 1808 789 comederet
1825 753 1969 800 Petrus,
1981 749 2043 788 sed
2058 749 2118 787 ille
2132 750 2211 788 abs-

1230 814 1350 863 tinuit,
1378 814 1436 851 hic
1461 826 1546 851 vcro
1567 825 1635 849 non
1655 812 1751 849 item.
1765 810 1906 861 Ubique
1923 824 1986 847 nos
2005 809 2104 848 decet
2119 810 2213 861 leges

1232 874 1299 911 Dei
1318 881 1514 923 sequentes,
1536 884 1700 922 magnam
1723 884 1845 907 curam
1868 870 2024 920 habere,
2043 883 2086 908 ne
2104 883 2212 919 quam

1232 933 1438 972 offendiculi
1456 932 1675 970 occasionem
1694 931 1928 983 praebeamus,
1953 940 1990 968 ut
2009 939 2041 968 et
2070 944 2132 968 nos
2158 930 2212 967 in-

1232 994 1331 1031 noxii
1351 993 1474 1041 simus,
1488 1001 1521 1030 et
1539 992 1606 1029 Dei
1619 991 1841 1029 clementiam
1852 1003 2118 1040 consequamur,
2135 1003 2214 1040 gra-

1232 1055 1282 1093 tia
1301 1063 1335 1092 et
1353 1053 1570 1104 benignitate
1593 1051 1778 1103 Unigeniti
1797 1052 1884 1103 ejus,
1901 1050 2047 1101 quicum
2067 1049 2163 1087 Patri
2182 1058 2216 1087 et

1233 1124 1352 1154 sancto
1378 1114 1528 1166 Spiritui
1549 1113 1678 1164 gloria,
1699 1112 1904 1164 imperium,
1924 1111 2051 1160 honor,
2073 1123 2166 1148 nunc
2184 1118 2217 1147 et

1235 1189 1386 1228 semper,
1406 1184 1439 1213 et
1460 1175 1496 1213 in
1514 1174 1641 1212 saecula
1662 1173 1886 1211 sacculorum.
1910 1172 2029 1209 Amen.

1321 249 1476 280 HOMIL.
1514 247 1654 278 XLvu.

1542 1884 1750 1923 HOMILIA
1779 1883 1931 1924 XLVII.

1245 2008 1334 2044 CAP.
1355 2007 1457 2046 XXI.
1484 2021 1520 2046 v.
1545 2008 1607 2045 59.
1630 2008 1742 2046 Dixit
1777 2016 1904 2045 autem
1932 2008 2083 2045 Paulus
2108 2023 2118 2044 .·
2144 2008 2228 2059 Ego

1298 2069 1410 2105 homo
1439 2082 1523 2106 sum
1549 2069 1700 2120 quidem
1735 2069 1894 2107 Judaeus
1923 2082 1947 2105 a
1979 2070 2098 2106 Tarso
2131 2068 2228 2105 Cili-

1297 2132 1379 2176 εἰει),
1404 2143 1480 2167 non
1507 2130 1686 2181 ignobilis
1715 2131 1882 2167 civitatis
1907 2132 2131 2181 civiswogo
2157 2143 2228 2167 au-

1298 2196 1372 2226 tem
1402 2198 1458 2237 te,
1479 2193 1658 2240 permitte
1689 2190 1785 2227 mihi
1817 2190 1923 2241 loqui
1951 2190 2004 2226 ad
2027 2190 2225 2240 populum.

1298 2249 1360 2287 40.
1382 2251 1435 2287 Et
1463 2264 1548 2287 cum
1580 2251 1648 2288 ille
1668 2253 1917 2301 permisisset,
1940 2250 2092 2287 Paulus
2120 2258 2229 2287 stans

1297 2311 1339 2346 in
1351 2311 1551 2361 gradibus,
1567 2314 1709 2348 annuit
1727 2325 1846 2348 manu
1862 2312 1916 2348 ad
1924 2311 2084 2363 plebem,
2097 2319 2133 2348 et
2153 2324 2229 2347 ma-

1295 2383 1372 2422 gno
1388 2371 1676 2423 silentiosaeto,
1688 2371 1913 2423 alloquutus
1929 2380 1984 2410 est
1997 2372 2130 2423 lingua
2149 2373 2226 2408 He-

1300 2432 1417 2483 braea,
1444 2433 1589 2471 dicens.

1302 2555 1317 2591 ’1
1332 2583 1339 2591 .
1361 2552 1456 2594 Vide
1469 2552 1588 2602 illum,
1605 2552 1746 2603 quando
1766 2561 1927 2591 externos
1941 2554 2145 2604 alloquitur,
2157 2567 2225 2592 non

1242 2627 1402 2653 recusare
1431 2613 1538 2652 etiam
1559 2612 1734 2664 legalibus
1765 2613 1816 2650 uti
1845 2612 2070 2664 adjumentis.
2090 2614 2156 2652 Hic
2176 2614 2222 2652 il-

1240 2675 1316 2713 lum
1339 2687 1383 2711 ex
1403 2673 1557 2711 civitatis
1575 2672 1717 2710 nomine
1735 2672 1899 2712 refrenat.
1919 2673 1978 2711 Sic
1997 2682 2031 2711 et
2049 2683 2149 2712 antea
2169 2674 2224 2712 di-

1240 2734 1340 2771 cebat
1356 2749 1363 2769 :
1382 2735 1634 2770 Verberantes
1650 2745 1719 2770 nos
1732 2733 1881 2771 indicta
1901 2746 2033 2780 causa,
2050 2736 2223 2772 homines
2239 2744 2308 2773 Act.
2319 2746 2419 2782 1637.

1243 2797 1448 2839 Βοιηαηος,
1466 2795 1710 2844 conjecerunt
1730 2795 1771 2829 in
1791 2807 1994 2832 carcerem.
2016 2794 2109 2840 Quia
2128 2795 2222 2833 enim

1238 2854 1483 2893 sciscitabatur
1507 2869 1514 2889 :
1539 2854 1595 2891 Tu
1615 2866 1654 2891 es
1673 2854 1879 2904 AEgyptius
1900 2854 1968 2891 ille
1982 2858 1998 2890 Ρ
2015 2856 2100 2906 Ego
2119 2869 2217 2902 sum,

1239 2914 1367 2965 inquit,
1385 2915 1497 2951 homo
1518 2914 1693 2951 Judoeus.
1706 2913 1765 2950 Sic
1783 2913 1965 2964 loquutus,
1982 2914 2085 2952 illum
2102 2917 2220 2953 statim

1238 2990 1258 3014 a
1285 2974 1486 3027 suspicione
1512 2973 1675 3012 abduxit.
1708 2973 1845 3011 Deinde
1882 2987 1926 3011 ne
1959 2983 2145 3026 putaretur
2174 2990 2218 3014 ex

1240 3045 1341 3088 gente
1367 3035 1528 3083 Judaeus,
1548 3034 1642 3071 dixit
1667 3033 1875 3084 religionem
1894 3049 1902 3070 ε
1920 3034 2049 3071 etenim
2078 3043 2111 3073 et
2131 3035 2218 3073 alibi

1239 3111 1275 3135 se
1288 3096 1356 3135 sub
1373 3095 1449 3146 lege
1468 3095 1601 3133 Christi
1619 3093 1705 3131 dicit
1720 3108 1803 3131 esse.
1826 3094 1927 3142 Quid
1942 3093 2010 3131 hoc
2029 3095 2107 3133 est?
2125 3096 2220 3133 Pau-

1240 3158 1341 3195 lusne
1366 3155 1563 3194 mentitur?
1599 3154 1710 3191 Absit.
1731 3154 1830 3200 Quid
1858 3154 1992 3205 igitur?
2012 3169 2080 3194 non
2108 3170 2219 3208 nega-

155 3217 271 3263 δεται,
292 3215 435 3267 Ἄπαγε.
459 3217 506 3256 Τί
527 3212 601 3265 οῧν;
626 3220 688 3256 οὐκ
714 3219 907 3271 ἠρνήσατο,
937 3218 998 3265 Μὴ
1018 3219 1169 3269 γένοιτο·
1193 3220 1217 3251 C
1240 3218 1322 3256 vit?
1342 3217 1445 3255 Absit
1459 3232 1466 3252 :
1479 3215 1624 3255 Judaeus
1638 3214 1731 3252 enim
1745 3223 1818 3252 erat
1832 3223 1864 3252 et
1877 3214 2110 3265 Christianus,
2123 3231 2221 3267 quae-

154 3277 318 3319 Ἰουδαῖος
348 3277 413 3328 γὰρ
439 3272 480 3323 ἦν
499 3278 557 3316 καὶ
574 3279 780 3331 Χριστιανὸς
798 3278 862 3316 ὅσα
882 3279 950 3317 ἔδει
969 3279 1168 3330 φυλάττων,

1242 3290 1393 3328 cumque
1420 3275 1604 3328 oportebat
1629 3288 1772 3313 servans
1790 3290 1797 3311 ι
1815 3275 1896 3325 quia
1913 3283 1946 3313 et
1964 3275 2035 3328 legi
2049 3276 2123 3328 ipse
2140 3290 2221 3315 ma-

201 3407 212 3420 n
231 3397 319 3437 ltoec,
339 3400 455 3433 Παῦλες
470 3399 603 3440 ψεύδεται
616 3410 623 3439 ·,
637 3403 751 3439 ἄπαγε,
770 3397 889 3430 desunt
905 3398 937 3430 iu
954 3395 1153 3439 quibusdam
1168 3395 1359 3430 Codicibus.
