2502 3810
720 236 763 265 ΙΝ
800 234 941 265 EPIST.

69 319 259 366 ὑπόστηθι,
280 317 318 355 τὸ
338 317 372 356 δὲ
392 317 510 370 κέρδος
531 317 699 356 ἀπολέσαι
718 317 923 356 σπούδασον.
942 315 990 354 Τί
1007 313 1086 352 τού-

67 395 134 416 των
152 381 220 416 τῖον
244 378 493 429 ἐπιταγμάτων
513 377 689 430 ὠμότερον
714 378 838 429 γένοιτ’
862 377 921 424 ἄν,
947 376 1088 413 Ἐντεῦ-

69 442 122 476 θεν
139 439 198 476 καὶ
220 438 391 489 βασκανία
411 437 472 484 τὴν
495 437 606 490 ἀρχὴν
634 438 721 489 ἔχει,
756 440 907 476 ἐντεῦθεν
923 436 981 475 καὶ
998 434 1088 472 ἀπό-

66 513 164 546 νοια,
183 501 332 536 ἐντεῦθεν
353 498 413 535 καὶ
429 502 450 544 ἡ
473 498 589 550 μήτηρ
604 501 672 536 τῶν
693 500 809 536 κακῶν
830 501 851 544 ἡ
867 495 1087 549 φιλαργυρία.

68 558 112 597 Ὁ
141 559 208 611 γὰρ
238 560 342 609 ἐσμὸς
370 561 438 596 τῶν
465 561 627 608 οἰκετῶν,
657 558 715 596 καὶ
740 561 770 596 οἱ
798 562 1090 609 χρυσοφοροῦντες

70 618 260 670 βάρὸαροι,
284 619 343 657 καὶ
373 621 404 656 οἱ
423 619 633 672 παράσιτοι,
652 619 711 656 καὶ
733 622 763 656 οἱ
783 618 945 664 κόλακες,
964 615 1024 654 καὶ
1046 615 1090 653 τὰ

65 680 296 732 ἀργυρένδετα
312 680 479 732 ὀχήματα
490 711 499 727 ,
515 681 575 718 καὶ
598 680 642 718 τὰ
658 681 749 718 ἄλλα
769 678 814 717 τὰ
836 678 965 716 τούτων
981 693 1091 715 κατα-

69 740 319 792 γελαστότερα,
357 743 421 792 οὐχ
447 742 570 787 ἠδονῆς
603 741 715 778 ἕνεκεν
742 739 818 778 οὐδὲ
845 739 966 791 χρείας
999 738 1090 780 τινὸς

68 801 223 852 γίνεται,
246 804 321 840 ἀλλ’
342 801 363 848 ἢ
386 802 579 845 κενοδοξίας
608 801 727 852 μόνης.
750 801 842 847 Ναὶ,
862 800 965 852 φησίν
984 814 991 822 ·
1014 800 1090 836 ἀλλ’

70 863 122 900 ὅτι
144 862 204 912 μὲν
223 862 329 900 κακὸν
344 862 439 899 τουτὶ
458 863 497 900 τὸ
515 863 643 909 πάθος,
663 861 768 899 παντί
787 877 852 899 που
873 860 974 907 δῆλόν
995 860 1089 897 ἐστι’·

70 926 144 966 πῶς
163 924 192 960 δ’
215 922 254 960 ἂν
277 923 360 961 αὐτὸ
388 922 632 974 διαφύγοιμεν,
654 925 754 959 τοῦτο
774 923 881 959 εἰπεῖν
901 920 983 971 χρή.
1005 918 1089 956 Μά-

70 985 173 1021 λιστα
197 983 279 1033 μὲν,
308 983 347 1020 ἂν
383 983 507 1034 πείσῃς
538 982 661 1020 σαυτὸν
697 982 831 1026 καλῶς,
856 980 908 1017 ὅτι
935 979 1089 1030 χαλεπὸν

70 1044 165 1080 τουτὶ
184 1045 223 1081 τὸ
242 1043 399 1093 νόσημα,
425 1042 534 1094 ἀρχὴν
564 1042 661 1093 λήψῃ
685 1039 896 1092 διορθώσεως
923 1039 1066 1092 ἀρίστην
1081 1054 1089 1062 ·

71 1104 145 1141 ἐπεὶ
165 1103 222 1140 καὶ
245 1107 262 1140 ὁ
290 1106 398 1140 νοσῶν
418 1102 552 1154 ταχέως
571 1102 772 1147 ἐπιζητήσει
800 1101 858 1138 τὸν
892 1099 1028 1150 ἰατρὸν,
1050 1098 1089 1136 ἂν

68 1168 168 1201 τοῦτο
188 1163 280 1214 μάθῃ
301 1163 370 1215 πρὸ
389 1164 456 1199 τῶν
478 1162 590 1199 ἄλλων
603 1191 612 1207 ,
632 1161 686 1200 ὅτι
701 1167 802 1199 νοσεῖ.
822 1162 866 1199 Εἰ
887 1159 922 1198 δὲ
942 1160 1001 1197 καὶ
1018 1158 1090 1196 ἑτέ·

73 1239 132 1277 ραν
147 1224 318 1269 ἐπιζητεῖς
337 1221 412 1260 ὁδὸν
431 1225 493 1268 τ’ῆς
518 1224 669 1259 ἐντεῦθεν
696 1224 825 1273 φυγῆς,
845 1220 909 1272 ὅρα
928 1220 1013 1272 πρὸς
1032 1220 1089 1258 τὸν

71 1283 162 1322 Θεὸν
189 1284 371 1330 διηνεκῶς,
397 1282 456 1320 καὶ
477 1286 582 1335 ἀρκοῦ
600 1286 643 1334 τῇ
666 1284 749 1334 παρ’
771 1282 873 1319 αὐτοῦ
902 1280 994 1331 δόξῃ.
1016 1280 1089 1319 Κᾶν

70 1343 146 1395 ἴδῃς
165 1343 204 1381 τὸ
223 1343 330 1386 πάθος
349 1343 556 1395 γαργαλίζον
579 1359 616 1380 σε
634 1342 693 1381 καὶ
710 1344 874 1393 διεγεῖρον
894 1344 1001 1379 εἰπεῖν
1021 1347 1092 1384 τοῖς

72 1403 267 1446 συνδούλοις
290 1403 333 1440 τὰ
353 1403 612 1455 κατωρθωμένα
631 1419 706 1450 σοι,
724 1402 951 1454 λογισάμενος
974 1402 1091 1449 πάλιν,

73 1464 125 1502 ὅτι
146 1464 234 1514 μετὰ
253 1463 292 1501 τὸ
313 1466 418 1501 εἰπεῖν
439 1463 534 1501 οὐδὲν
557 1463 687 1515 γίνεται
715 1463 854 1515 κέρδος,
884 1462 1006 1501 σὸέσον
1029 1462 1092 1510 τὴν

74 1525 200 1563 ἄτοπον
224 1524 432 1574 ἐπιθυμίαν,
462 1524 628 1575 καὶπρὸς
658 1523 719 1571 τὴν
751 1524 866 1576 ψυχήν
899 1539 959 1562 σου
992 1524 1090 1561 εἷπέ’

75 1585 148 1622 ἷδου
177 1589 336 1623 τοσούτον
356 1586 472 1627 ὠδῖνες
500 1583 623 1636 χρόνον
646 1587 754 1622 εἰπεῖν
775 1600 834 1622 σου
852 1584 896 1622 τὰ
915 1583 1093 1635 κατορθώ-

77 1662 190 1694 ματα,
216 1646 275 1683 καὶ
303 1661 365 1683 ουκ
397 1645 630 1718 εκαρτέρησας
662 1649 741 1697 σιγῇ
775 1650 979 1697 κατασχεῖν,
1016 1646 1092 1683 ἀλλ’

76 1709 123 1749 εἷς
141 1707 273 1749 πάντας
304 1706 513 1780 ἐξήνεγκας·
532 1705 567 1743 τί
591 1710 647 1744 οὐν
675 1722 726 1745 σοι
754 1706 856 1744 πλέον
877 1723 914 1758 γε
900 1706 1024 1780 ἐγγονεν
1039 1709 1095 1744 ἐν-

75 1770 214 1812 τευθεν,
239 1766 353 1804 Πλέον
379 1765 440 1816 μὲν
460 1765 572 1814 ουδεν,
595 1766 741 1816 ζημία
724 1765 758 1804 οὲ
780 1766 935 1818 ἐσχάτη,
969 1766 1028 1804 καὶ
1056 1783 1096 1805 το

76 1829 225 1864 κενῶσαι
259 1827 397 1864 ἅπαντα
409 1826 452 1864 τὰ
476 1826 565 1877 μετὰ
595 1829 723 1865 πολλοῦ
746 1826 955 1878 συλλεγέντα
977 1827 1094 1865 πόνου.

76 1886 178 1924 Μετὰ
209 1887 243 1924 δὲ
271 1892 370 1926 τοῦτο
398 1889 536 1925 κάκεῖνο
564 1888 743 1936 ἐννόησον,
774 1889 826 1925 ὅτι
861 1887 1093 1940 διεφθαρμένη

75 1950 144 1985 τῶν
165 1949 302 1985 πολλῶν
321 1951 342 1993 ἡ
362 1949 474 1999 ψῆφος
494 1948 553 1985 καὶ
574 1952 595 1995 ἡ
620 1948 732 2000 κρίσις
750 1948 843 1997 ἐστὶ,
873 1948 932 1987 καὶ
954 1950 990 1986 οὗ
1022 1950 1094 1986 διε-

77 2007 255 2059 φθαρμένη
287 2007 406 2058 μόνον,
437 2010 512 2046 ἀλλ’
541 2008 596 2047 ὅτι
623 2009 682 2046 καὶ
710 2008 846 2061 ταχέως
875 2009 1095 2061 μαραίνεται.

78 2070 152 2106 Κᾶν
175 2069 242 2121 γὰρ
269 2069 354 2120 πρὸς
375 2069 466 2121 ὥραν
489 2070 713 2120 θαυμάσωσι,
733 2076 792 2109 τοῦ
824 2074 945 2122 καιροῦ
967 2073 1096 2123 παρελ-

78 2129 207 2173 θόντος,
228 2129 366 2167 πάντων
381 2129 465 2167 εἰσὶν
485 2130 752 2180 ἐπιλελησμένοι
769 2131 827 2168 καὶ
846 2130 903 2168 τὸν
923 2130 1019 2184 παρὰ
1037 2135 1096 2169 τοῦ

77 2190 169 2228 Θεοῦ
186 2206 238 2228 σοι
263 2190 441 2239 δεδομένον
464 2190 629 2242 στέφανον
649 2190 832 2242 ἥρπασαν,
853 2193 911 2230 καὶ
930 2193 987 2230 τὸν
1010 2193 1095 2245 παρ’

77 2252 208 2287 ἑαυτῶν
234 2252 294 2289 οὐκ
322 2250 470 2301 ἴσχυσάν
500 2266 553 2288 σοι
581 2251 802 2303 διατηρῆσαι.
834 2252 958 2290 Καίτοι
980 2253 1038 2291 καὶ
1068 2254 1098 2290 εἷ

76 2304 171 2353 οὗτος
203 2310 324 2360 ἔμενε,
351 2312 483 2356 πολλῆς
511 2310 712 2357 ἀθλιότητος
743 2306 784 2358 ἦν
819 2312 948 2351 ἐκείνου
977 2317 1095 2351 τοῦτον

77 2370 314 2415 ἀλλάξασθαι·
334 2370 416 2409 ὅταν
438 2370 473 2408 δὲ
503 2387 562 2408 και
590 2365 686 2414 οὗτος
710 2372 873 2424 διαρρέῃ,
889 2372 989 2412 ποίαν
1025 2373 1095 2418 ἕξο-

978 232 1037 261 AD
1073 227 1182 258 ROM.

1109 2416 1156 2441 627

1222 228 1376 258 HOMIL.
1417 230 1527 260 XVII.

2048 215 2140 278 (393

1159 310 1305 360 quidem
1323 313 1470 362 sustine,
1488 313 1549 351 sed
1567 313 1706 351 lucrum
1722 313 1867 366 perdere
1886 322 2020 351 curato.
2044 314 2143 360 Quid

1158 372 1215 410 his
1244 374 1429 426 praeecptis
1452 374 1631 412 crudelius
1659 375 1792 413 fuerit?
1818 375 1910 412 Hinc
1932 375 2067 429 invidia
2085 389 2142 413 or-

1161 443 1236 472 tum
1255 434 1381 485 habet,
1401 435 1485 474 hinc
1502 436 1703 487 arrogantia
1715 466 1725 485 ,
1741 436 1826 474 hinc
1844 446 1954 473 mater
1982 435 2144 474 omnium

1159 494 1336 532 malorum
1352 496 1513 534 avaritia.
1534 497 1658 534 Turba
1675 496 1818 547 quidem
1831 497 2061 544 famulorum,
2081 511 2144 533 au—

1159 554 1267 605 rigeri
1281 549 1439 603 barbari,
1458 557 1617 608 parasiti,
1635 556 1848 605 adulatores,
1862 571 1986 595 currus
2001 567 2145 608 argento

1162 615 1362 666 conspicui,
1381 625 1414 653 et
1429 617 1499 654 alia
1517 617 1574 655 his
1592 617 1813 667 ridiculiora,
1830 632 1899 656 non
1918 617 1963 655 ad
1982 619 2145 670 volupta-

1162 683 1333 724 tem,non
1355 676 1401 713 ad
1431 691 1536 714 usum
1554 687 1652 725 sunt,
1683 678 1747 715 sed
1774 677 1820 715 ad
1847 692 1976 717 vanam
1995 678 2144 729 gloriam

1161 744 1312 774 tantum.
1334 737 1451 774 Etiam
1468 766 1476 782 ‚
1499 736 1656 787 inquies;
1690 738 1785 775 hunc
1813 739 1956 788 quidem
1979 740 2146 776 morbum

1161 795 1296 832 malum
1313 810 1397 845 esse,
1418 797 1582 834 omnibus
1600 797 1732 848 liquet;
1751 798 1929 849 quomodo
1956 808 2073 837 autem
2102 801 2146 837 il-

1161 855 1237 892 lum
1253 856 1478 906 effugiemus,
1498 857 1566 894 hoc
1585 856 1777 895 dicendum
1791 867 1854 895 est.
1877 860 2037 898 Maxime
2056 861 2146 897 effu-

1163 915 1248 965 gies,
1269 916 1299 953 si
1315 917 1380 953 tibi
1400 917 1467 968 ipsi
1482 917 1593 968 probe
1615 916 1760 955 suadeas
1780 932 1925 969 gravem
1938 920 2034 957 hunc
2054 935 2147 958 mor-

1162 976 1249 1013 bum
1266 991 1359 1025 esse,
1379 977 1625 1028 optimumque
1643 977 1727 1014 hinc
1757 978 1906 1030 accipies
1931 979 2147 1018 emendatio-

1160 1035 1216 1071 nis
1230 1034 1384 1072 initium.
1410 1036 1503 1072 Nam
1519 1049 1611 1085 aeger
1632 1035 1701 1073 cito
1725 1037 1902 1074 medicum
1923 1038 2098 1087 requiret,
2117 1039 2147 1076 si

1160 1095 1253 1132 illud
1279 1104 1360 1133 ante
1385 1096 1502 1133 omnia
1532 1095 1662 1144 discat,
1684 1097 1780 1147 quod
1807 1106 1962 1148 aegrotet.
1985 1098 2093 1145 Quod
2118 1101 2146 1136 si

1161 1155 1269 1193 aliam
1288 1155 1463 1193 evadendi
1481 1156 1578 1195 viam
1598 1157 1778 1207 requiras,
1795 1157 1841 1194 ad
1865 1159 1981 1195 Deum
2006 1158 2147 1196 assidue

1161 1215 1317 1267 respice,
1338 1215 1435 1253 illius
1453 1215 1521 1253 tibi
1542 1216 1654 1267 gloria
1669 1216 1754 1254 satis
1774 1217 1831 1255 sit.
1849 1211 1889 1256 Si
1913 1218 2035 1256 videas
2050 1219 2147 1256 hunc

1162 1276 1327 1313 morbum
1349 1285 1382 1313 te
1400 1277 1542 1314 allicere
1566 1286 1599 1314 ct
1620 1277 1788 1327 excitare,
1809 1287 1847 1315 ut
1870 1279 2052 1316 conservis
2076 1279 2148 1316 tuis

1161 1337 1329 1389 praeclara
1346 1346 1442 1389 gesta
1461 1347 1521 1376 tua
1541 1352 1680 1376 enarres
1690 1354 1700 1388 3
1724 1348 1838 1376 tecum
1854 1349 2033 1391 reputans,
2052 1341 2148 1391 quod

1163 1398 1192 1435 si
1214 1398 1289 1435 hacc
1313 1398 1468 1449 dixeris,
1500 1399 1592 1436 nihil
1620 1399 1687 1436 tibi
1718 1400 1808 1438 lucri
1837 1415 2061 1438 accessurum
2081 1402 2147 1449 sit,

1163 1461 1348 1512 exstingue
1378 1461 1629 1513 cupiditatem,
1661 1462 1720 1500 (lic
1740 1463 1865 1500 animae
1897 1473 1988 1502 tuae:
2012 1464 2103 1502 Ecce
2127 1479 2147 1502 a

1163 1529 1260 1558 tanto
1291 1530 1449 1572 tempore
1475 1522 1543 1559 hoe
1570 1523 1746 1573 parturis,
1774 1532 1812 1560 ut
1847 1533 1939 1561 recte
1966 1524 2056 1561 sacta
2088 1533 2147 1562 tua

1164 1583 1323 1633 evulges,
1343 1597 1405 1620 nec
1424 1583 1571 1622 valuisti
1593 1584 1733 1623 silentio
1752 1594 1891 1636 tegere,
1909 1585 1969 1623 scd
1983 1586 2149 1623 omnibus

1165 1644 1378 1682 enuntiasti:
1398 1644 1489 1695 quid
1516 1658 1599 1695 ergo
1628 1644 1695 1682 tihi
1714 1645 1869 1697 amplius
1894 1646 1976 1685 inde
2005 1647 2147 1686 evenit?

1165 1705 1267 1742 Nihil
1287 1715 1378 1743 certe
1398 1705 1564 1757 amplius,
1586 1705 1645 1742 sed
1663 1715 1818 1743 extrema
1831 1707 1981 1758 jactura,
2004 1717 2036 1745 et
2053 1707 2150 1759 quod

1166 1766 1297 1814 omnia,
1317 1781 1394 1817 quae
1414 1781 1496 1804 cum
1513 1776 1609 1804 tanto
1626 1767 1747 1805 labore
1763 1768 1965 1820 collegeras,
1989 1784 2150 1807 evacues,

1167 1827 1249 1864 Post
1267 1828 1342 1865 haec
1361 1828 1454 1865 illud
1476 1827 1582 1865 etiam
1600 1828 1730 1879 cogita,
1758 1824 1953 1867 multorum
1974 1830 2153 1868 calculum

1168 1898 1201 1926 ct
1214 1888 1392 1940 judicium
1408 1898 1615 1941 corruptum
1636 1904 1726 1939 esse,
1744 1904 1806 1927 nec
1821 1890 1926 1928 modo
1944 1901 2153 1943 corruptum

1168 1963 1255 1999 esse,
1277 1949 1339 1987 sed
1352 1949 1420 1986 cito
1440 1963 1661 1988 marcescere.
1678 1949 1830 1988 Etiamsi
1849 1951 1942 1988 enim
1960 1951 2005 1988 ad
2028 1951 2153 1989 horam

1168 2010 1343 2048 mirentur
1379 2020 1411 2048 et
1442 2010 1586 2048 laudent
1598 2041 1609 2061 ,
1651 2011 1769 2063 elapso
1804 2011 1959 2062 quodam
1997 2021 2155 2064 tempore

1157 2071 1317 2111 omnium
1335 2071 1612 2122 obliviscuntur,
1636 2081 1669 2110 ct
1684 2072 1785 2110 tibia
1805 2075 1881 2111 Deo
1905 2084 2071 2125 paratam
2095 2090 2153 2113 co-

1168 2149 1290 2173 ronam
1310 2135 1514 2187 abripiunt,
1537 2144 1570 2173 et
1596 2136 1641 2172 ab
1664 2150 1699 2173 se
1719 2146 1878 2187 paratam
1909 2151 1979 2175 non
2008 2147 2154 2189 potuere

1169 2211 1308 2235 servare
1327 2197 1404 2233 tibi.
1422 2198 1652 2246 Quamquam
1670 2196 1700 2234 si
1721 2197 1798 2234 haec
1821 2198 2022 2247 mansisset,
2048 2199 2155 2237 mise-

1168 2272 1250 2295 rum
1280 2257 1387 2297 valde
1414 2267 1487 2295 erat
1516 2257 1617 2294 illam
1652 2271 1733 2294 cum
1762 2257 1829 2295 hac
1856 2259 2153 2297 commutavisse:

1169 2333 1250 2356 cum
1274 2327 1392 2356 autem
1410 2318 1486 2355 haec
1512 2318 1661 2355 effluxei
1664 2318 1689 2355 it
1697 2348 1710 2369 ,
1730 2333 1838 2369 quam
1861 2319 2074 2358 habebimus
2093 2320 2156 2358 de-

1168 2380 1373 2428 fensionem,
1392 2379 1452 2430 qui
1475 2389 1675 2417 manentem
1689 2394 1754 2432 pio
1770 2394 1839 2417 non
1856 2389 2019 2418 manente
2034 2380 2156 2433 plodi-

77 2447 139 2481 μεν
160 2431 368 2483 ἀπολογίαν,
388 2431 475 2483 ὑπὲρ
503 2447 562 2469 του
592 2431 640 2482 μὴ
674 2432 834 2482 μ-’νΟντΟς
863 2450 920 2472 τον
949 2434 1096 2486 μένοντα
1121 2453 1147 2482 Α
1168 2440 1358 2479 deiimus?
1380 2441 1520 2493 quipro
1532 2455 1730 2493 paucorum
1748 2441 1853 2479 laude
1872 2451 1922 2479 tot
1941 2442 2033 2480 bona
2063 2443 2156 2480 ami—

76 2491 311 2543 προδιδόντες,
334 2491 419 2543 ὑπὲρ
438 2495 500 2538 τῆς
518 2495 587 2530 τῶν
608 2492 732 2545 ὀλίγων
754 2494 925 2546 εὐφημίας
943 2512 1097 2534 τοσαυτα

78 2552 288 2595 ἀπολλύντες
306 2552 437 2602 ἀγαθά·
430 2582 439 2599 ,
458 2552 580 2591 [καίτοι
600 2555 628 2591 εἷ
649 2554 708 2591 καὶ
725 2556 848 2593 πολλοι
870 2558 900 2593 οἱ
918 2559 1096 2595 ἐπαινουν-

76 2627 132 2654 τες
153 2616 238 2659 εἶεν,
261 2628 321 2649 και
351 2615 443 2650 ουτοι
470 2628 528 2651 του
547 2614 787 2657 ταλανίζεσθαι
807 2615 914 2663 ἄξιοι,
939 2633 999 2654 και
1019 2617 1097 2655 τότε

79 2688 103 2708 υ
107 2674 230 2719 ’ἄλλοι
251 2671 331 2710 ὅταν
351 2672 489 2716 πλείους
510 2675 540 2711 οἳ
561 2677 660 2711 τοῦτο
678 2690 852 2718 ποιουντες
877 2678 974 2714 ὠσιν.
994 2678 1039 2718 Εἰ
1061 2677 1096 2715 δὲ

78 2733 263 2783 θαυμάζεις
288 2733 326 2771 τὸ
344 2732 542 2785 εἰρημένον,
562 2734 708 2772 ἄκουσον
728 2751 786 2774 του
808 2737 961 2789 Χριστου
988 2741 1097 2775 ταῦτα

77 2794 325 2846 ψηφιζομένου.
356 2794 447 2831 Οὐαὶ
477 2794 544 2848 γὰρ
576 2798 656 2845 ὑμῖν
670 2824 679 2841 ,
711 2797 832 2847 φησὶν,
870 2797 951 2836 ὅταν
983 2800 1097 2841 καλῶς

78 2858 166 2904 ὑμᾶς
187 2855 309 2893 εἴπωσι
325 2854 450 2898 πάντες
475 2858 505 2893 οἱ
522 2855 708 2907 ἅνθρωποι.
729 2857 800 2895 Καὶ
822 2858 917 2908 μάλα
944 2858 1096 2901 εἰκότως.

77 2916 122 2953 Εἰ
147 2915 214 2967 γὰρ
241 2915 389 2962 ἑκάστης
407 2915 532 2967 τέχνης
549 2915 625 2959 τοὺς
656 2917 863 2969 δημιουγοὺς
897 2919 946 2956 δεῖ
982 2922 1096 2965 ζητεῖν

78 2975 215 3026 κριτὰς,
234 2979 308 3020 πῶς
327 2980 388 3023 τῆς
411 2979 537 3028 ἀρετῆς
555 2978 618 3023 τὴν
638 2978 844 3028 δοκιμασίαν
863 2986 933 3023 τοῖς
957 2981 1096 3023 πολλοῖς

79 3035 292 3086 ἐπιτρέπεις,
310 3038 384 3074 ἀλλ’
404 3036 481 3088 οὖχὶ
501 3038 568 3090 πρὸ
583 3039 721 3077 πάντων
740 3039 859 3092 ἐκείνῳ
878 3043 928 3093 τῷ
943 3041 1097 3091 μάλιστα

79 3095 217 3133 πάντων
246 3097 349 3135 εἰδότι
362 3128 371 3144 ,
391 3098 449 3135 καὶ
470 3103 703 3150 συγκροτῆσαι
722 3101 780 3139 καὶ
801 3104 1020 3153 στεφανῶσαι
1041 3103 1096 3139 δυ-

80 3154 239 3206 ναμένῳ,
258 3158 370 3195 Τοῦτο
384 3158 495 3196 τοίνυν
511 3159 550 3197 τὸ
578 3163 673 3211 ῥῆμα
691 3162 921 3214 ἐγγράψωμεν
950 3163 1009 3200 καὶ
1027 3162 1096 3201 τοί·
1134 3173 1142 3184 “

81 3230 156 3266 χοις
175 3215 232 3253 καὶ
262 3215 377 3267 θύραις
403 3216 462 3254 καὶ
488 3219 638 3273 διανοίᾳ,
669 3222 728 3259 καὶ
758 3226 910 3274 συνεχῶς
939 3223 1095 3274 λέγωμεν

81 3276 166 3327 πρὸς
186 3274 342 3323 ἑαυτοὺς,
362 3277 435 3315 οὐαὶ
457 3281 563 3328 ἡμῖν,
586 3280 668 3318 ὅταν
694 3283 809 3327 καλῶς
840 3283 982 3322 εἴπωσιν
1003 3287 1097 3335 ἡμᾶς

83 3342 210 3385 πάντες
239 3345 268 3380 οἱ
289 3342 472 3395 ἄνθρωποι.
492 3344 561 3382 Καὶ
580 3346 648 3398 γὰρ
666 3348 724 3385 καὶ
745 3350 841 3387 αὐτοὶ
872 3352 902 3388 οἱ
922 3350 1097 3402 λέγοντες,

85 3408 102 3422 er
243 3409 257 3422 ‘s
300 3409 319 3426 ρ
333 3409 342 3422 Ι
507 3413 517 3426 ε
637 3413 665 3427 [τι
687 3414 701 3427 r
806 3416 813 3429 ι
910 3418 917 3429 r
1086 3418 1093 3432 ι

85 3424 224 3461 υστερον
239 3411 481 3448 οιαοαλλουσιν
499 3428 545 3454 ως
568 3427 739 3458 κενοοοςον
760 3431 817 3453 και
838 3418 1017 3469 φιλότιμον
1039 3435 1097 3457 και

1168 2502 1341 2542 serimus?
1357 2502 1581 2552 Quamquam
1598 2502 1663 2539 etsi
1683 2502 1787 2539 multi
1803 2502 2007 2541 laudat01es
2024 2513 2152 2553 essent,

1167 2566 1206 2603 hi
1230 2575 1320 2603 certe
1343 2565 1463 2602 miseri
1483 2564 1712 2602 existimandi
1734 2574 1816 2602 sunt
1830 2594 1839 2612 ,
1857 2575 1890 2602 et
1910 2575 1996 2615 tunc
2022 2567 2150 2618 magis,

1169 2640 1250 2662 cum
1264 2626 1381 2676 plures
1396 2624 1596 2662 laudatores
1615 2623 1756 2660 fuerim.
1775 2624 1885 2671 Quod
1899 2625 1928 2661 si
1949 2625 2087 2662 (lictum
2108 2626 2152 2663 il-

1167 2684 1232 2722 lud
1250 2685 1412 2734 miraris,
1430 2683 1517 2721 audi
1534 2683 1716 2720 Christum
1732 2683 1827 2722 hunc
1845 2684 2020 2722 calcuhun
2036 2685 2152 2722 feren-

1169 2754 1262 2782 tem:
1280 2759 1361 2782 nam
1379 2744 1427 2781 ait
1447 2760 1453 2780 :
1479 2745 1543 2781 Voe
1573 2745 1701 2794 vobis,
1732 2745 1890 2795 quando
1921 2747 2014 2781 bene
2041 2748 2152 2783 vobis
2168 2748 2328 2778 Lus-‘326-

1169 2809 1338 2845 dixerint
1369 2819 1499 2844 omnes
1528 2807 1714 2843 homines.
1743 2805 1790 2842 Et
1817 2806 1898 2857 jure
1926 2806 2083 2857 quidem.
2112 2808 2151 2845 Si

1168 2870 1261 2907 enim
1279 2869 1501 2920 singularum
1514 2867 1646 2905 artium
1672 2867 1817 2919 opifices
1831 2868 1970 2919 judices
1995 2883 2152 2919 quaerere

1168 2939 1350 2982 oporteat,
1382 2928 1561 2980 quomodo
1589 2928 1734 2966 virtutis
1763 2928 2008 2980 probationem
2041 2930 2151 2981 vulgo

1168 2990 1370 3039 committis,
1392 3004 1453 3028 nec
1480 2990 1533 3027 illi
1564 3004 1638 3041 prae
1664 2989 1845 3040 omnibus,
1865 2990 1925 3039 qui
1955 2990 2021 3027 hac
2045 2991 2081 3028 in
2114 3005 2152 3028 re

1167 3052 1327 3090 omnium
1347 3051 1582 3104 peritissimus
1605 3059 1672 3098 est,
1697 3059 1730 3087 et
1757 3050 1820 3100 qui
1850 3051 1913 3088 tibi
1936 3051 2101 3103 plausum
2117 3061 2152 3089 et

1167 3129 1333 3153 coronam
1359 3113 1444 3151 clare
1460 3113 1598 3164 potest?
1618 3112 1694 3149 Hoc
1717 3112 1835 3162 itaque
1854 3113 2003 3151 verbum
2024 3113 2150 3151 inscri-

1119 3171 1143 3200 b
1166 3176 1292 3214 bamus
1309 3175 1344 3212 in
1364 3173 1572 3226 parietibus,
1592 3173 1627 3210 in
1645 3172 1780 3224 januis,
1806 3172 1842 3210 in
1870 3183 1999 3222 mente,
2022 3182 2055 3210 et
2076 3174 2151 3211 fre—

1168 3245 1313 3288 quenter
1323 3235 1424 3272 nobis
1437 3235 1720 3286 repetamuszVae
1733 3233 1845 3277 nobis,
1856 3247 1935 3271 cum
1949 3234 2037 3271 bene
2051 3233 2154 3272 dixe-

1169 3298 1240 3335 rint
1250 3296 1294 3334 de
1303 3295 1404 3333 nobis
1415 3308 1534 3332 omnes
1548 3293 1821 3331 homines.Nam
1831 3293 1856 3330 ii
1866 3293 1931 3345 ipsi
1944 3294 2004 3344 qui
2014 3293 2157 3343 dicunt,

1169 3357 1313 3396 demum
1325 3365 1357 3393 tc
1369 3356 1530 3393 incusant
1542 3362 1579 3391 ut
1592 3367 1694 3391 vante
1708 3352 1829 3404 gloriae
1840 3353 2025 3405 cupidum,
2038 3364 2070 3392 et
2081 3355 2153 3392 lau·

1170 3419 1257 3458 dum
1270 3417 1507 3456 humanarum
1521 3417 1761 3455 ama111en1.At
1775 3415 1872 3454 Deus
1883 3428 1952 3454 non
1967 3415 2153 3464 sichabet3
