2502 3810
159 1020 328 1057 ‘Eleemosy-

252 1071 327 1087 com-

140 1071 174 1086 na

142 1102 306 1129 mentiatur.

346 245 436 303 408
792 256 827 284 s.
865 252 1047 283 1011111115
1083 248 1322 279 6111115051.

345 340 539 378 viderimus
564 335 766 387 quempiam
791 334 924 370 lautam
957 344 1113 369 mensam
1142 342 1323 381 apponen-

344 410 429 447 tem,
450 397 647 435 meretrices
665 404 698 432 et
715 393 888 445 parasitos
904 392 1107 440 habentem,
1124 403 1166 427 ne
1179 402 1324 440 magna-

343 461 479 498 nimum
499 458 601 494 illum
619 468 796 503 vocemus,
819 453 881 491 sed
900 452 1094 490 admodum
1125 450 1322 489 sordidum.

343 520 438 559 Vide
454 532 616 569 namque,
637 527 723 568 quot
741 516 876 554 morbis
903 515 1014 553 animi
1041 515 1183 563 serviat,
1215 513 1322 565 gulae,

343 579 506 617 absurdae
525 577 715 629 voluptati,
733 575 930 615 adulationi
948 591 956 612 z
980 575 1041 625 qui
1060 588 1144 612 vero
1176 574 1232 611 1115
1260 572 1324 611 ad-

341 640 456 677 dictus
483 648 546 687 est,
566 647 606 676 ut
633 652 676 676 ne
704 652 815 675 unum
846 636 992 687 quidem
1024 650 1146 673 eorum
1169 636 1325 686 effugere

340 701 463 752 possit,
476 699 653 750 quomodo
673 699 754 749 quis
766 697 1035 749 magnanimum
1053 705 1155 736 vocet
1167 697 1184 734 Ξ)
1200 697 1326 746 Itaque

340 762 444 798 illum
462 769 547 798 tunc
565 759 721 798 maxime
736 758 924 797 sordidum
939 757 1159 806 vocabimus,
1180 756 1323 807 quando

340 823 442 874 plura
464 820 666 858 insumserit
689 836 696 856 :
722 828 853 870 quanto
873 819 975 871 plura
1000 818 1095 856 enim
1121 816 1319 870 profundit,

341 892 436 920 tanto
464 882 578 932 magis
599 880 752 919 ostendit
776 880 947 918 vitiorum
975 879 1121 916 illorum
1155 877 1322 930 tyranni-

341 943 424 982 dem
449 959 456 979 ε
479 942 547 980 11151
574 942 667 979 enim
686 941 739 979 illi
762 940 868 979 valde
883 940 1112 992 imperarent,
1140 953 1210 977 non
1227 945 1323 976 tanta

342 1006 544 1043 insumeret.
562 1007 716 1042 Rursum
740 1003 770 1041 si
792 1001 987 1040 viderimus
1006 1000 1208 1052 quempiam
1232 999 1324 1037 nihil

340 1066 470 1104 horum
502 1065 631 1103 talibus
658 1073 869 1114 erogantem,
889 1061 951 1100 sed
976 1075 1148 1114 pauperes
1179 1073 1324 1112 pascen-

342 1136 428 1174 tem,
451 1139 576 1177 egenos
593 1126 794 1176 juvantem,
822 1137 904 1160 cum
930 1121 1105 1173 frugalem
1131 1120 1200 1158 51111
1224 1129 1324 1172 paret

342 1202 511 1234 mensam,
525 1187 621 1224 hune
640 1185 835 1223 admodum
853 1183 1120 1235 magnanimum
1136 1182 1298 1220 dicamus
1314 1197 1322 1218 ε

340 1248 460 1299 magni
481 1248 614 1299 quippe
632 1255 683 1284 est
702 1245 811 1283 animi
838 1259 937 1282 suam
956 1243 1136 1295 despicere
1149 1242 1319 1293 quietem,

339 1318 372 1347 et
388 1309 540 1345 alienam
560 1320 696 1344 curare.
720 1306 789 1343 Dic
809 1305 904 1343 enim
923 1304 1025 1349 mihi,
1048 1304 1078 1341 si
1100 1317 1206 1353 quem
1219 1302 1325 1340 vide-

340 1384 393 1407 res
405 1379 574 1421 tyrannos
588 1381 706 1405 omnes
719 1365 983 1418 despicientem,
995 1365 1211 1413 illorumque
1221 1363 1320 1414 jussa

338 1430 444 1467 nihili
462 1429 659 1477 facientem,
680 1442 737 1466 eos
756 1436 873 1464 autem
888 1425 949 1476 qui
964 1425 1008 1462 ab
1028 1424 1100 1462 illis
1113 1423 1321 1475 opprimun-

339 1501 397 1528 tur
412 1491 617 1543 eripientem
635 1503 770 1527 :annon
786 1488 854 1525 hoc
872 1500 1041 1538 magnum
1060 1485 1228 1537 putares?
1247 1485 1322 1522 Hoc

338 1552 445 1590 ethic
458 1552 663 1603 cogitemus.
684 1548 804 1587 Animi
819 1548 966 1585 affectus
990 1555 1022 1583 et
1041 1546 1157 1583 morbi
1177 1544 1323 1597 tyranni

339 1621 443 1661 sunt3
459 1611 489 1649 si
508 1612 586 1649 11105
603 1608 883 1661 despexerimus,
899 1605 1020 1656 magni
1033 1606 1165 1642 erimus
1175 1620 1186 1652 3
1208 1605 1237 1641 si
1257 1618 1321 1640 au-

337 1683 408 1710 tem
442 1673 530 1709 alios
559 1671 766 1722 eripiamus,
794 1668 898 1718 longe
930 1667 1112 1717 majores:
1138 1674 1171 1702 et
1197 1664 1323 1702 merito

338 1734 495 1783 quidem.
516 1732 608 1769 Nam
636 1730 699 1780 qui
722 1742 791 1766 non
818 1727 925 1764 modo
945 1726 1014 1764 sibi
1041 1725 1248 1774 sufficiunt,
1263 1724 1324 1763 sed

338 1794 443 1830 etiam
457 1790 715 1843 31115,’1υ1101·65
730 1798 810 1827 sunt
826 1788 909 1837 illis,
922 1787 982 1838 qui
999 1796 1166 1825 neutrum
1178 1786 1323 1824 faciunt.

338 1855 375 1892 Si
387 1869 409 1891 1
412 1868 469 1892 ero
484 1854 562 1904 quis
573 1867 592 1890 a
603 1861 753 1904 tyianno
762 1852 882 1903 jussus
898 1864 942 1887 ex
953 1848 1108 1887 subditis
1120 1848 1232 1886 alium
1244 1862 1269 1886 v
1271 1862 1324 1886 61-

336 1916 448 1963 hcr,et
462 1915 574 1952 alium
593 1913 727 1963 tiabat,
742 1913 852 1950 alium
878 1910 1090 1948 contumelia
1119 1910 1265 1960 afficiat,
1278 1923 1324 1947 an

1362 249 1549 278 ARCHIEP
1558 268 1567 278 .
1607 249 1688 278 COR
1696 250 1941 280 §TANTm‘OP
1950 270 1959 278 .

1394 328 1495 366 θέντα
1520 329 1694 375 πολυτελῆ
1709 359 1718 376 ,
1742 328 1870 380 πόρνας
1889 329 2013 380 ἔχοντα
2032 331 2090 368 καὶ
2109 331 2335 382 παρασίτους,
2359 331 2406 381 μὴ

1395 388 1864 440 μεγαλόψυχον’καλέσωμεν
1882 394 2013 435 τοῦτον,
2030 391 2119 428 ἀλλὰ
2134 391 2264 442 σφόδρα
2283 391 2409 442 μικρό-

1393 451 1517 500 ψυχον.

1396 513 1480 557 Οεσι,
1501 509 1783 562 γαστριμαργίᾳ,
1806 511 1912 561 ἡδονῇ
1932 510 2052 562 ἀτόπῳ
2065 540 2074 557 ,
2095 510 2260 562 κολακεία
2273 526 2280 533 ·
2300 511 2357 548 τὸν
2378 510 2414 549 δὲ

1552 449 1651 500 ζὈρα
1678 449 1746 500 γὰρ
1774 449 1865 493 ὅσοις
1892 449 2044 488 δουλεύει
2066 450 2125 488 καὶ
2144 450 2322 489 ὑπόκειται
2340 451 2410 489 πά-

1394 569 1571 613 τοσούτοις
1593 569 1826 622 κατεχόμενον
1849 569 1908 607 καὶ
1930 569 2017 620 μηδὲ
2045 569 2080 607 ἓν
2109 571 2240 608 τούτων
2270 570 2412 621 δυνάμε-

1394 645 1449 667 νον
1484 632 1661 682 διαςρυγεῖν
1675 661 1684 678 ,
1721 632 1795 674 πῶς
1837 630 1878 668 ἄν
1907 647 1958 674 τις
1997 631 2238 683 μεγαλόψυχον
2269 630 2413 677 καλοίη,

1393 689 1504 729 ςΏστε
1537 691 1637 729 αὐτὸν
1672 690 1749 729 τότε
1780 691 1935 741 μάλιστα
1960 691 2152 741 καλέσομεν
2185 690 2413 743 μικρόψυχον,

1395 752 1476 790 ὅταν
1502 752 1654 804 μάλιστα
1673 752 1844 803 ἀναλίσκῃ
1857 768 1864 775 ·
1897 752 1968 804 ὅσῳ
1989 752 2057 804 γὰρ
2079 752 2118 789 ἂν
2143 752 2305 802 μειζόνως
2326 754 2412 789 ἄνα-

1394 813 1515 865 λίσκῃ,
1536 814 1691 866 τοσούτῳ
1707 815 1805 859 δηλοῖ
1821 813 1884 860 τὴν
1901 813 2088 864 τυραννίδα
2103 815 2170 850 τῶν
2187 816 2307 851 παθῶν
2325 812 2414 851 ἐκεί-

1395 891 1461 912 νων
1478 890 1485 897 ·
1507 877 1535 912 εἷ
1552 875 1619 928 γὰρ
1645 874 1693 925 μὴ
1716 874 1847 927 σφόδρα
1865 876 1967 911 αὐτοῦ
1987 874 2151 925 ἐκράτουν
2165 904 2174 922 ,
2195 876 2255 912 οὐκ
2273 872 2312 912 ἂν
2331 873 2414 925 σφό-

1397 937 1460 987 δρα
1472 935 1642 973 ἀνάλωσε.
1659 935 1774 972 Πάλιν
1789 934 1828 972 ἂν
1839 934 1966 985 ἴδωμέν
1979 951 2057 972 τινα
2069 934 2198 972 τούτων
2215 933 2278 985 μὲν
2293 934 2415 985 μηδενὶ

1398 995 1504 1046 μηδὲν
1526 995 1744 1047 παρέχοντα,
1765 995 1916 1041 πένητας
1936 995 1971 1033 δὲ
1986 995 2154 1048 τρέφοντα
2173 994 2231 1032 καὶ
2250 1002 2320 1037 τοῖς
2340 995 2415 1032 δεο-

1397 1055 1513 1106 μένοις
1548 1059 1796 1108 ἐπικουροῧντα
1812 1086 1822 1104 ,
1861 1056 1963 1094 αὐτὸν
1999 1055 2035 1093 δὲ
2075 1055 2251 1108 τράπεζαν
2292 1055 2415 1106 ἔχοντα

1396 1119 1534 1165 εὐτελῆ,
1558 1121 1679 1154 τοῦτον
1711 1116 1842 1168 σφόδρα
1870 1119 2033 1155 καλῶμεν
2061 1116 2323 1168 μεγαλόψυχον·
2347 1131 2414 1165 με·

1395 1178 1504 1229 γάλης
1536 1177 1603 1228 γὰρ
1628 1177 1734 1220 ὄντως
1758 1180 1891 1229 ψυχῆς,
1911 1181 1973 1223 τῆς
1998 1176 2060 1227 μὲν
2083 1176 2212 1220 οἰκείας
2233 1192 2415 1228 καταφρο-·

1393 1245 1463 1276 νεῖν
1479 1237 1719 1285 ἀναπαύσεως,
1736 1241 1797 1284 τῆς
1819 1238 1853 1276 δὲ
1877 1237 1932 1275 ἑτέ
1938 1254 2002 1291 ρων
2020 1238 2221 1289 φροντίζειν.
2242 1237 2331 1275 Εἰπὲ
2347 1236 2417 1288 γάρ

1395 1315 1453 1349 μοι
1471 1329 1480 1347 ,
1500 1299 1532 1337 εἴ
1550 1315 1626 1336 τινα
1643 1298 1728 1341 ἴδοις
1741 1329 1751 1346 ,
1771 1301 1839 1336 τῶν
1860 1298 1925 1348 μὲν
1938 1298 2114 1375 τυράννων
2132 1302 2416 1350 καταφρονοῦντα

1393 1359 1545 1407 πάντων,
1561 1375 1619 1397 και
1638 1359 1713 1397 οὐδὲ
1716 1376 1732 1397 ν
1751 1359 1942 1411 ἡγούμενον
1963 1359 2006 1397 τὰ
2021 1358 2161 1396 εκείνων
2179 1358 2418 1408 ἐπιταγματα,

1392 1437 1469 1464 τους
1501 1420 1536 1458 ’δὲ
1564 1423 1614 1457 υπ
1659 1436 1713 1457 εκε
1720 1420 1798 1457 ίνων
1831 1419 2122 1473 τυραννουμένους
2152 1418 2334 1462 ἐξέλκοντα
2356 1433 2416 1455 και

1393 1497 1470 1523 τους
1491 1497 1608 1523 κακως
1640 1497 1858 1532 πασχοντας·
1890 1485 1957 1532 ἀρα
1990 1496 2050 1518 ουκ
2070 1480 2109 1517 ἂν
2130 1479 2245 1530 ςμεγα
2265 1479 2419 1529 ηγήσαιο

1393 1557 1513 1589 τουτο,
1546 1543 1659 1579 Τουτο
1691 1541 1732 1586 δὴ
1765 1542 1942 1578 κάνταῦθα
1967 1540 2199 1591 λογιζώμεθα.
2241 1539 2417 1590 Τύραννός

1394 1604 1466 1639 ἐστι
1486 1600 1530 1638 τὰ
1553 1601 1648 1646 πάθη
1664 1616 1671 1623 ·
1695 1600 1753 1638 ἐὰν
1773 1595 1830 1637 οὖν
1853 1601 2173 1652 καταφρονήσωμεν
2195 1601 2305 1637 αὐτῶν
2322 1631 2332 1647 ,
2353 1615 2418 1650 με-

1393 1661 1494 1712 γάλοι
1511 1660 1678 1711 ἐσόμεθα·
1701 1660 1740 1698 ἂν
1762 1660 1796 1699 Ρὲ
1815 1661 1875 1699 καὶ
1897 1660 2030 1713 ἑτέρους
2050 1660 2286 1711 ἐξελκύσωμεν
2299 1690 2309 1707 ,
2328 1661 2418 1698 πολ-

1393 1723 1444 1773 λῶ
1466 1720 1618 1771 μείζους·
1649 1720 1801 1764 εἰκότως.
1838 1723 1885 1759 Οἱ
1904 1721 1973 1775 γὰρ
1989 1724 2054 1774 οὐχ
2073 1724 2207 1765 ἑαυτοῖς
2232 1723 2417 1774 ἀρκοῦν-τες

1395 1783 1523 1832 μόνον,
1557 1782 1647 1820 ἀλλὰ
1677 1783 1736 1820 καὶ
1763 1781 1891 1835 ἑτέροις
1908 1811 1917 1829 ,
1951 1783 2087 1833 μείζους
2119 1786 2188 1820 τῶν
2226 1783 2418 1835 μηδέτερον

1394 1843 1595 1882 ποιούντων.
1630 1842 1690 1882 Ἂν
1716 1843 1752 1881 δὲ
1778 1843 2048 1894 ἐπιταττόμενός
2081 1860 2134 1888 τις
2162 1844 2229 1882 ὑπὸ
2249 1843 2417 1896 τυράννου

1394 1920 1451 1942 τον
1480 1903 1541 1954 μὲν
1562 1920 1630 1941 των
1655 1903 1817 1951 ὑπηκόων
1837 1904 1949 1956 τύπτῃ
1964 1935 1973 1951 ,
1992 1920 2050 1941 τον
2070 1904 2104 1942 δὲ
2125 1905 2231 1955 ἕλκῃ,
2251 1904 2353 1942 ἀλλον
2379 1903 2417 1943 δὲ

337 1978 404 2015 1106
426 1976 646 2028 magnanimi
665 1989 738 2012 esse
763 1973 951 2012 dicamus?
970 1940 1271 2023 Haudquaquam,
1291 1981 1324 2009 et
1337 1996 1384 2023 354
1394 1965 1532 2017 ὑορίζῃ,
1558 1970 1626 2017 ἀρα
1646 1981 1746 2004 Ἴἑουτο
1767 1965 2062 2037 μεγαλοψυχίας
2048 1969 2218 2016 ερουμεν;
2238 1967 2324 2003 Οὐ
2307 1967 2414 2010 οητα

338 2050 434 2078 tanto
444 2054 575 2088 minus,
588 2047 720 2089 quanto
732 2038 844 2090 maj01
854 2035 1041 2074 illefuerit.
1052 2036 1105 2072 Ita
1116 2049 1171 2073 res
1186 2035 1222 2072 in
1235 2049 1324 2087 prae-
1349 2034 1374 2062 Λ
1395 2042 1454 2064 και
1472 2026 1626 2064 τοσούτω
1652 2025 1779 2073 πλέον,
1804 2025 1876 2064 ὅσω
1900 2025 1940 2062 ἂν
1964 2025 2073 2077 μέγας
2091 2042 2126 2077 ῃ·
2162 2024 2266 2063 Ου’(ῡ
2281 2041 2341 2063 και
2361 2028 2415 2077 ἐφ’

339 2104 426 2143 senti
448 2113 527 2141 est·
548 2117 641 2140 nunc
655 2102 747 2139 enim
766 2099 979 2153 proponitur
1002 2099 1120 2137 anima
1136 2098 1267 2136 nobilis
1291 2107 1325 2136 et

338 2166 448 2202 libera
456 2180 465 2213 ;
476 2165 567 2201 lianc
580 2162 862 2215 prodigusjussit
876 2161 1012 2212 percuti
1024 2175 1045 2197 a
1055 2160 1176 2212 pravis
1189 2159 1327 2197 affecti-¹

339 2226 429 2262 bus:
452 2238 578 2261 eumne
601 2224 661 2273 qui
690 2222 846 2273 seipsum
875 2221 1037 2272 percutit,
1054 2220 1324 2270 magnanimum

339 2286 524 2324 dicemus?
550 2286 795 2334 Nequaquam.
823 2283 920 2332 Ergo
948 2282 1141 2328 discamus,
1165 2280 1253 2330 quid
1280 2281 1325 2318 sit

342 2345 625 2397 magnanimitas,
645 2344 735 2394 quid
762 2342 1017 2395 prodigalitas,
1045 2341 1133 2391 quid
1162 2355 1324 2378 mansue-

342 2407 441 2455 tudo,
456 2406 543 2457 quid
558 2405 718 2456 ignavia,
736 2403 822 2455 quid
835 2402 977 2440 dicendi
991 2402 1147 2450 libertas,
1162 2400 1248 2451 quid
1262 2415 1323 2438 au-

343 2469 444 2506 dacia
466 2484 473 2503 :
495 2476 535 2504 ut
561 2467 637 2503 haec
665 2466 756 2503 inter
784 2479 819 2502 se
850 2463 1118 2513 distinguentes,
1147 2461 1322 2513 possimus

343 2529 495 2566 Domino
514 2528 689 2579 placentes
707 2534 913 2577 praesentem
926 2523 1038 2562 vitam
1061 2522 1268 2573 transigere,
1291 2531 1324 2560 et

343 2591 462 2626 futura
481 2587 644 2638 consequi
675 2587 780 2634 bona,
800 2585 913 2637 gratia
939 2593 971 2622 et
988 2583 1206 2634 benignitate
1231 2583 1323 2621 Uni-

344 2650 454 2702 geniti
476 2651 565 2701 ejus,
591 2648 737 2699 quicum
751 2646 850 2684 Pau-i
876 2655 908 2684 et
927 2644 1078 2697 Spiritui
1107 2653 1226 2682 sancto
1249 2645 1324 2695 glo-

345 2711 413 2760 ria,
435 2710 642 2763 imperium,
660 2709 788 2758 honor,
807 2721 899 2746 nunc
922 2716 956 2744 et
983 2720 1132 2758 semper,
1156 2715 1189 2743 et
1209 2705 1244 2743 in
1261 2720 1322 2744 sae-

345 2772 424 2809 cula
439 2772 662 2810 saeculorum.
681 2772 802 2809 Amen.

388 2976 400 2989 ⁰
426 2967 436 3007 [
456 2965 554 2998 Savil.
569 2970 665 3009 μέγαν
684 2971 804 3008 ἡγήσαιο
821 2972 935 3005 *rotato-q
958 2965 994 2997 B.
1013 2970 1093 3006 μέγα
1118 2969 1223 3006 ἥγησαι
1238 2966 1343 3001 κῦτος

349 3021 385 3052 Α.
408 3025 486 3062 μέγα
504 3023 607 3053 τοῦτον
632 3021 702 3052 εἶναι
719 3026 790 3064 φῆς,
808 3018 846 3052 C.
866 3021 926 3055 ἄρα
952 3021 1002 3051 οὐκ
1027 3022 1061 3049 τὶν
1086 3022 1198 3058 γένοιτο
1222 3016 1349 3057 tvvm]

1394 2089 1515 2136 ἡμων·
1539 2102 1596 2124 νυν
1629 2103 1690 2137 μεν
1714 2086 1782 2139 γὰρ
1808 2086 1992 2139 πρόκειται
2019 2089 2041 2132 ἡ
2073 2086 2169 2138 ψυχὴ
2199 2086 2339 2137 εὐγενής
2365 2102 2418 2129 τις

1395 2151 1481 2186 οὐσα
1513 2164 1571 2185 και
1591 2147 1773 2199 ἐλευθέρα·
1803 2147 1914 2185 *mk
1903 2164 1957 2194 ην
1976 2146 2012 2185 δέ
2031 2150 2048 2184 ὁ
2070 2147 2204 2190 ἄσωτος
2224 2146 2418 2184 τυπτεσΘαι

1395 2210 1574 2248 ἐκέλευσεν
1599 2210 1666 2248 ὑπὸ
1685 2213 1754 2247 τῶν
1770 2211 1890 2247 παθῶν
1905 2225 1913 2231 ·
1934 2209 1991 2246 τὸν
2008 2202 2064 2246 οἶν
2085 2209 2207 2247 ἑαυτὸν
2225 2207 2414 2255 τύπτοντα,

2279 2271 2416 2307 Οὐκοῦν

1396 2331 1561 2380 μάθωμεν
1600 2330 1652 2372 τίς
1685 2329 1747 2380 μὲν
1780 2333 1801 2375 ἡ
1838 2329 2100 2381 μεγαλοψυχία,
2128 2330 2180 2371 τίς
2203 2329 2238 2367 δὲ
2267 2333 2288 2374 ἦ
2322 2331 2417 2367 ἀσω-

1395 2274 1513 2309 τοῧτον
1555 2271 1796 2322 μεγαλόψυχον
1829 2270 2011 2321 φήσομεν;
2048 2271 2235 2319 Οὐδαμῶς.

1395 2391 1464 2438 τίοι,
1479 2391 1530 2434 τίς
1544 2393 1566 2436 ἦ
1583 2390 1763 2441 οἰκονομία
1778 2390 1837 2428 καὶ
1851 2390 1903 2434 τίς
1918 2394 1939 2436 ἡ
1959 2389 2179 2442 μικρολογία,
2198 2389 2250 2432 τίς
2268 2393 2289 2436 ἡ
2308 2389 2416 2428 ἐπιεί-

1395 2467 1473 2489 κεια
1493 2453 1552 2490 καὶ
1582 2451 1770 2503 ἀνανδρία,
1801 2451 1852 2496 τίς
1871 2451 2050 2504 παρρησία
2069 2451 2128 2489 καὶ
2151 2451 2202 2495 τίς
2224 2452 2416 2503 ορασύτης’

1395 2512 1451 2550 ἵνα
1470 2516 1581 2550 ταῦτα
1605 2512 1666 2549 ἀπ’
1692 2512 1854 2558 ἀλλήλων
1883 2512 2072 2559 διελόντες,
2103 2513 2304 2564 δυνηθωμεν
2338 2515 2417 2550 εὔα-

1397 2573 1525 2625 ρέστως
1554 2575 1604 2624 τῷ
1635 2573 1756 2625 Κυρίῳ
1782 2574 1868 2611 τὸν
1857 2573 2013 2625 παρόντα
2038 2573 2150 2623 βίον
2134 2589 2237 2625 οιαγα
2239 2580 2330 2626 γεῖν,
2356 2589 2417 2611 και

1395 2637 1464 2671 τῶν
1485 2634 1681 2684 μελλόντων
1702 2636 1858 2685 ἐπιτυχε
1850 2649 1877 2671 ιν
1894 2635 1914 2670 ἀ
1917 2636 2056 2684 γαθων,
2074 2633 2194 2685 χάριτι
2213 2650 2273 2671 και
2290 2637 2350 2687 φιλ
2352 2652 2416 2672 αν-

1397 2694 1532 2747 θρωπία
1547 2699 1606 2733 τοῦ
1626 2697 1839 2746 Μονογενοῦς
1861 2696 1977 2741 αὐτοῦ,
1995 2696 2069 2744 μεθ’
2086 2688 2123 2732 05
2141 2697 2192 2745 τῷ
2207 2695 2324 2746 Πατρὶ
2340 2695 2415 2744 ἅμα

1349 2763 1372 2792 Β
1397 2757 1445 2805 τῷ
1463 2754 1550 2807 ἁγίῳ
1574 2754 1779 2805 Πνεύματι,
1799 2754 1892 2802 δόξα,
1917 2754 2054 2806 κράτος,
2073 2753 2172 2803 τιμὴ,
2189 2758 2244 2792 νῦν
2265 2754 2324 2792 καὶ
2348 2755 2415 2802 ἀεὶ,

1398 2816 1457 2854 καὶ
1480 2818 1527 2860 εἷς
1546 2819 1624 2860 τούς
1644 2819 1771 2860 αἰῶνας
1786 2819 1853 2854 τῶν
1875 2815 2024 2853 αἰώνων.
2044 2813 2164 2862 Ἀμήν.

1455 2962 1468 2978 ⁸
1482 2962 1493 3004 [
1506 2965 1616 3000 ταύτην
1633 2962 1667 2993 Β.
1682 2961 1718 2993 C·
1737 2961 1776 2992 D·
1796 2968 1828 2992 et
1844 2958 1944 2992 Saxil.
1964 2962 2057 3003 ταύτῃ
2071 2957 2189 2991 Montf.
2208 2968 2225 2990 e
2238 2956 2418 2999 Comme1.J
