2502 3810
227 3176 345 3203 Justitia

161 3215 222 3241 'sitm
250 3216 341 3242 radix.

380 281 468 340 572
837 292 874 320 s.
914 290 1097 320 JOANMS
1133 290 1371 319 cnarsos‘r.

377 377 487 423 sistit;
504 383 543 410 ut
563 387 642 410 cum
659 372 723 409 tibi
742 371 875 408 dixerit
890 370 1049 418 Judaeus,
1070 370 1260 418 Quomodo
1286 384 1356 408 uno

377 435 518 473 Christo
540 441 632 470 recte
645 440 823 483 operante,
845 431 941 469 orbis
956 432 1105 469 salutem
1119 440 1170 469 est
1182 431 1355 482 adeptus?

375 496 488 547 possis
521 493 589 544 ipsi
622 493 739 530 dicere
768 508 776 530 :
807 492 996 538 Quomodo
1027 507 1098 530 uno
1131 492 1356 530 inobediente

374 555 513 592 Adamo
525 583 537 603 7
562 552 658 590 orbis
680 551 932 590 condemnatus
954 553 1033 589 est?
1050 566 1262 603 quamquam
1285 566 1355 590 non

374 629 439 667 par
464 614 510 651 sit
533 622 717 665 peccatum
737 613 872 664 gratiae,
893 626 956 650 nee
979 627 1045 664 par
1071 613 1116 650 sit
1139 627 1234 650 mors
1254 612 1356 661 vitae7

375 689 438 712 nec
457 674 621 712 diabolus
646 675 734 723 Deo7
757 673 817 710 sed
842 673 1055 711 immensum
1082 673 1127 711 sit
1146 674 1352 711 discrimen.

376 737 467 773 Cum
485 735 596 785 igitur
614 744 647 772 et
667 749 711 772 ex
727 743 855 771 natura
871 734 934 782 rei,
948 743 982 771 et
1003 749 1022 771 a
1039 748 1112 772 rem
1132 734 1357 786 suscipientis

374 805 557 848 potestate,
574 804 606 833 et
621 795 666 832 ab
679 795 757 847 ipso
773 794 900 833 decoro
919 798 1007 843 (Deo
1021 795 1154 848 quippe
1168 796 1280 833 multo
1296 795 1357 833 de-

1412 289 1618 320 AnCfflEP.
1657 291 1738 320 COR
1747 291 1823 321 STA
1832 293 1993 322 NTffiop
2002 311 2010 321 -

1427 371 1572 423 δυνηθῇς
1598 374 1693 424 αὐτῷ
1712 373 1823 424 λέγειν
1842 402 1851 419 ,
1870 376 1968 423 πῶς,
1993 374 2064 416 ἑνὸς
2083 371 2366 424 παρακούσαντος
2382 374 2441 410 τοῦ

1426 430 1558 482 Ἀδὰμ,
1589 436 1611 478 ἡ
1642 432 1826 483 οἰκουμένη
1858 433 2070 485 κατεκρίθη;
2097 432 2211 470 καίτοι
2230 448 2269 483 γε
2287 434 2350 469 οὐκ
2370 431 2444 469 ἴσον

1426 491 1582 542 ἁμαρτία
1601 491 1661 529 καὶ
1679 492 1781 545 χάρις
1798 521 1808 539 ,
1837 493 1898 529 οὐκ
1914 491 1987 529 ἴσον
2015 491 2158 535 θάνατος
2182 490 2240 528 καὶ
2261 489 2330 536 ζωὴ
2344 520 2353 537 ,
2383 491 2446 527 οὔκ

1426 550 1499 588 ἴσον
1516 551 1673 595 διάὸολος
1690 553 1749 589 καὶ
1764 552 1873 600 Θεὸς,
1891 550 1968 589 ἀλλ’
1984 551 2124 604 ἄπειρον
2142 552 2180 589 τὸ
2198 551 2314 602 μέσον.
2327 549 2444 588 ‘'Ora-2

1426 604 1483 648 οὖν
1500 611 1559 649 καὶ
1579 612 1648 650 ἀπὸ
1665 615 1726 659 τῆς
1744 618 1804 650 τοῦ
1819 612 2023 664 πράγματος
2040 612 2173 663 φύσεως
2186 641 2198 661 ,
2218 612 2277 649 καὶ
2295 610 2364 649 ἀπὸ
2381 612 2444 655 της

1426 677 1485 710 τοῦ
1497 672 1718 723 μετελθόντος
1735 674 1925 724 δυνάμεως,
1945 673 2005 711 καὶ
2022 675 2082 711 ἀπ’
2099 675 2203 710 αὐτοῦ
2216 676 2275 710 τοῦ
2289 671 2443 725 πρέπον-

1426 748 1482 775 τος
1496 733 1597 780 (πολὺ
1610 733 1676 786 γὰρ
1691 736 1740 784 τῷ
1749 735 1831 786 Θεῷ
1841 737 1942 772 τοῦτο
1954 732 2251 785 πρεπωδέστερον,
2259 732 2298 771 τὸ
2309 731 2445 779 σώζειν,

1427 793 1496 838 ἢτὸ
1505 794 1687 843 κολάζειν),
1699 797 1872 841 ἓνταῧθαὴ
1880 794 2036 846 ὑπεροχὴ
2045 794 2153 832 καὶτὰ
2163 794 2360 845 νικητήρια,
2368 792 2445 830 τίνα

376 857 511 895 centius
540 866 590 894 est
615 870 767 904 servare,
787 870 893 906 quan]
913 856 1055 908 punire)
1077 872 1085 893 :
1111 870 1191 894 cum
1217 870 1261 894 ex
1287 856 1355 905 his,
1368 885 1412 908 521
1429 854 1566 907 ἂνὲχοις
1577 856 1678 906 λόγον
1692 858 1737 899 εἷς
1751 856 1928 904 ἀπιστίαν,
1940 856 2016 894 εἶπέ
2028 871 2087 906 μοι
2094 855 2197 903 ,υΟτι
2213 855 2273 906 μὲν
2284 848 2342 894 οῧν
2355 853 2446 893 κατὰ

375 917 538 968 inquam,
571 916 776 968 praestantia
804 925 838 954 et
866 916 1014 954 victoria
1039 916 1211 968 pariatur,
1232 931 1356 967 quam,

375 992 509 1027 quaeso,
525 976 787 1014 incredulitatis
802 977 975 1014 rationem
993 976 1149 1017 habeas?
1166 977 1274 1023 Quod
1288 977 1356 1029 igi-

375 1047 432 1075 tur
451 1038 487 1075 id
512 1037 610 1088 quod
633 1037 766 1074 factum
786 1046 836 1074 est
865 1037 1001 1074 ratione
1028 1037 1173 1085 nitatur,
1204 1038 1358 1076 ostendit

375 1098 494 1136 dicens
512 1114 519 1134 :
541 1099 601 1136 15.
622 1098 698 1136 Sed
716 1111 794 1135 non
813 1100 911 1135 sicut
931 1098 1128 1147 delictum7
1152 1100 1208 1136 ita
1234 1107 1271 1136 et
1291 1100 1357 1136 do-

377 1173 482 1200 num,
500 1159 540 1197 Si
559 1161 661 1196 enim
680 1161 792 1196 unius
809 1159 949 1195 delicto
964 1159 1076 1195 multi
1095 1162 1236 1196 mortui
1250 1169 1355 1208 sunt,

374 1221 495 1258 multo
518 1222 641 1271 magis
669 1222 801 1271 gratia
827 1220 902 1256 Dei
929 1228 964 1256 et
995 1221 1140 1257 donum
1169 1222 1210 1257 in
1227 1224 1358 1272 gratia

374 1283 486 1318 unius
506 1282 675 1318 hominis
693 1281 788 1318 Jesu
813 1281 960 1318 Christi
973 1282 1014 1316 in
1029 1281 1160 1331 plures
1183 1283 1358 1318 abunda-

374 1344 438 1379 vit.
453 1341 498 1379 Id
515 1350 577 1389 est,
589 1341 617 1378 si
633 1349 819 1392 peceatum
836 1349 973 1377 tantum
988 1340 1116 1387 valuit,
1134 1349 1238 1391 atque
1252 1341 1357 1379 unius

369 1401 524 1438 hominis
554 1409 760 1452 peccatum3
794 1400 918 1451 gratia,
947 1400 1019 1437 imo
1044 1401 1111 1438 Dei
1137 1402 1264 1451 gratia,
1294 1415 1358 1438 nec

370 1461 477 1499 modo
517 1460 653 1509 Patris,
694 1459 756 1498 sed
791 1460 898 1497 etiam
937 1460 1043 1509 Filii,
1076 1460 1258 1510 quomodo
1286 1475 1356 1498 non

369 1523 478 1574 longe
505 1521 711 1574 superabit?
733 1521 800 1558 hoc
823 1521 916 1558 enim
943 1521 1057 1558 multo
1083 1521 1196 1571 magis
1226 1521 1356 1558 rationi

367 1597 574 1622 consonum.
596 1583 758 1621 Alterum
784 1581 878 1618 enim
894 1595 958 1632 pro
975 1581 1084 1618 altero
1106 1595 1227 1632 poenas
1246 1582 1352 1631 dare,

367 1658 434 1681 non
456 1657 595 1694 aequum
622 1641 787 1690 videtur7·
813 1641 966 1678 alterum
993 1654 1078 1678 vero
1105 1651 1248 1693 propter
1266 1643 1353 1680 alte-

366 1719 447 1742 rum
472 1704 619 1751 serrari,
644 1702 681 1739 id
704 1710 795 1740 certe
814 1701 928 1752 magis
953 1701 1123 1739 decorum
1142 1712 1174 1740 et
1200 1716 1349 1741 consen-

365 1774 519 1802 taneum.
558 1763 597 1802 Si
642 1776 725 1814 ergo
758 1761 851 1800 illud
864 1792 874 1811 7
910 1761 1024 1799 multo
1058 1762 1170 1813 magis
1200 1763 1268 1801 hoc
1297 1765 1352 1801 fa-

364 1838 460 1866 ctum
476 1837 537 1866 est.

417 1892 454 1926 Q.
479 1887 587 1936 Quod
605 1901 688 1939 ergo
707 1887 746 1924 id
760 1887 928 1924 decorum
940 1896 972 1924 et
992 1901 1187 1938 congruens
1204 1888 1249 1926 sit
1262 1918 1274 1939 7
1294 1889 1349 1927 his

363 1950 424 1987 ille
443 1949 614 2001 probax‘it
634 1964 641 1984 :
673 1948 736 1986 illo
756 1948 851 1986 enim
868 1957 1154 1997 commonstrato,
1167 1949 1235 1988 hoe
1252 1960 1349 2002 post-

364 2025 402 2048 ea
422 2010 524 2048 facile
553 2008 807 2047 admittebatur
830 2008 949 2060 :quod
969 2023 1053 2047 vero
1073 2010 1178 2047 etiam
1192 2025 1348 2050 necessa-

363 2071 458 2108 rium
482 2101 492 2119 7
531 2084 577 2107 ex
626 2069 856 2119 sequentibus
889 2068 1032 2120 probat.
1076 2070 1265 2115 Quomodo
1310 2072 1348 2111 id

363 2131 520 2182 probat?
552 2132 614 2168 16.
650 2131 740 2167 Non
778 2132 877 2167 sicut
917 2143 987 2180 per
1019 2144 1138 2167 unum
1178 2146 1348 2182 peccan-

364 2200 438 2228 tem
458 2221 468 2236 ,
493 2194 549 2228 ita
581 2199 616 2227 ec
651 2191 816 2236 donum,
860 2189 1001 2240 inquit:
1031 2205 1123 2228 nam
1151 2194 1348 2244 judicium

363 2252 517 2302 quidem
552 2265 599 2287 ex
639 2264 714 2287 uno
754 2253 795 2286 in
831 2251 1189 2288 condemnationem
1209 2269 1226 2299 ;
1258 2268 1343 2305 gra-

363 2314 419 2347 tia
448 2320 578 2348 antem
609 2324 655 2346 ex
681 2309 813 2347 multis
846 2310 997 2347 delictis
1028 2312 1069 2346 in
1091 2313 1344 2363 ,izfstificatio-

363 2386 461 2409 nem.
489 2370 632 2420 Ecquid
662 2370 730 2407 hoc
764 2369 832 2406 sibi
868 2369 946 2406 vult
964 2370 981 2405 Ρ
1015 2370 1125 2417 Quod
1158 2382 1344 2422 peccatum

361 2441 509 2470 mortem
528 2440 562 2468 et
579 2429 842 2468 damnationem
865 2429 1032 2467 inducere
1058 2432 1213 2482 potuerit
1226 2447 1237 2480 ;
1263 2447 1343 2484 gra-

360 2492 409 2529 tia
422 2505 504 2530 vero
524 2505 591 2528 non
605 2490 696 2527 illud
713 2489 821 2526 modo
842 2498 1024 2541 peccatum
1048 2490 1235 2528 abstulerit
1249 2521 1260 2540 7
1281 2492 1343 2530 sed

360 2552 429 2589 alia
451 2566 591 2602 quoque
608 2550 737 2599 omnia,
757 2564 836 2600 quae
852 2559 930 2601 post
952 2549 1046 2588 illud
1067 2550 1220 2589 admissa
1249 2562 1342 2592 sunt.

361 2614 415 2650 Ne
433 2613 527 2650 enim
541 2611 653 2661 illud,
675 2615 794 2656 sicut,
815 2619 848 2648 et
863 2610 980 2661 illud,
1002 2614 1081 2658 ita,
1102 2626 1223 2663 parem
1239 2613 1343 2650 indu-

361 2682 476 2711 cerent
492 2673 667 2710 bonorum
684 2681 717 2709 et
734 2671 909 2709 malorum
929 2685 1150 2721 mensuram3
1171 2687 1258 2712 neve
1276 2689 1344 2726 pu-

360 2744 464 2781 tares,
483 2733 608 2773 audita
627 2732 756 2770 Adami
773 2746 872 2779 voce,
890 2732 1001 2784 ipsius
1017 2732 1206 2771 dumtaxat
1223 2748 1343 2786 pecca-

359 2804 436 2832 tum
447 2795 643 2832 abstersum
653 2807 726 2831 esse
733 2823 743 2842 7
761 2792 849 2830 dicit
865 2792 924 2829 ille
939 2792 1070 2830 delicta
1089 2793 1201 2831 multa
1219 2795 1341 2833 subla-

360 2863 394 2892 ta
408 2855 528 2893 fuisse.
547 2853 737 2892 [ndenam
756 2853 823 2890 hoc
847 2852 959 2903 liquet
978 2853 996 2890 Ρ
1021 2853 1114 2898 Quia
1142 2864 1221 2906 post
1238 2854 1343 2893 innu-

359 2930 455 2953 mera
472 2916 533 2952 illa
552 2923 715 2966 peccata,
740 2928 818 2964 quae
839 2921 918 2964 post
940 2913 1032 2951 illud
1045 2913 1080 2951 in
1098 2914 1265 2965 paradiso
1281 2915 1343 2953 ad-

359 2976 509 3013 missum
532 2983 680 3025 sequuta
701 2983 802 3021 sunt,
824 2973 859 3010 in
875 2973 1166 3025 justificationem
1199 2989 1252 3013 res
1281 2976 1343 3014 de-

360 3036 467 3073 ducta
484 3045 546 3073 est.
563 3034 770 3072 [hiantem
794 3042 844 3070 est
864 3033 1003 3085 justitia
1021 3063 1032 3083 7
1055 3033 1105 3070 ibi
1125 3034 1198 3073 vita
1213 3045 1245 3073 et
1261 3036 1343 3074 infi-

360 3098 433 3135 nita
460 3098 554 3135 bona
568 3095 763 3133 necessario
796 3103 1072 3145 consequuntur;
1088 3095 1181 3133 sicut
1204 3097 1264 3134 ubi
1292 3108 1343 3136 est

359 3168 543 3209 peccatum
559 3188 567 3204 7
588 3157 638 3193 ibi
654 3170 748 3193 mors
758 3169 898 3206 quoque
908 3164 971 3193 est.
988 3155 1131 3194 Justitia
1152 3156 1246 3194 enim
1261 3158 1341 3209 plus

359 3227 407 3255 cst
442 3231 547 3268 quam
574 3217 666 3265 vita,
702 3215 988 3265 quandoquidem
1025 3215 1129 3254 radix
1160 3217 1243 3255 vitae
1277 3228 1338 3256 est.

402 3372 414 3384 ³
438 3362 491 3393 Sic
508 3360 609 3391 Savil.
629 3368 660 3391 et
692 3360 766 3391 Mss.
794 3367 891 3391 recte.
916 3358 1028 3390 Morel.
1059 3371 1231 3402 perperam
1255 3364 1286 3393 0>
1303 3366 1359 3403 γὰρ

359 3418 473 3445 emus-2.
494 3411 582 3443 Infra
601 3411 697 3451 illud,
718 3421 777 3449 πῶς
794 3414 841 3444 οὖν
864 3417 949 3445 τοῦτο
976 3419 1209 3452 κατασκευάζεις
1229 3413 1260 3444 in
1281 3412 1356 3445 MSS.

1380 922 1405 950 Α
1427 915 1527 966 λόγον
1544 916 1583 954 τὸ
1598 916 1838 968 γεγενημένον,
1861 915 1986 960 ἔδειξεν
2003 915 2109 954 εἰπών
2123 932 2131 939 ·
2148 916 2241 954 Ἀλλ’
2256 918 2320 968 οὐχ
2337 918 2384 958 ὡς
2404 916 2445 953 τὸ

1427 977 1655 1028 παράπτωμα
1669 1008 1678 1025 ,
1698 976 1788 1014 οὕτω
1819 977 1879 1015 καὶ
1908 977 1947 1015 τὸ
1969 977 2143 1029 χάρισμα.
2175 978 2220 1015 Εἰ
2235 976 2303 1028 γὰρ
2321 979 2370 1028 τῷ
2384 979 2444 1013 τοῦ

1427 1037 1500 1080 ἑνὸς
1518 1037 1782 1090 παραπτώματι
1797 1042 1828 1076 οἱ
1842 1037 1965 1076 πολλοὶ
1980 1037 2162 1083 ἀπέθανον,
2177 1039 2296 1089 πολλῷ
2312 1037 2444 1087 μᾶλλον

1427 1103 1448 1145 ἡ
1478 1097 1579 1150 χάρις
1607 1102 1665 1135 τοῦ
1688 1100 1779 1136 Θεοῦ
1800 1098 1859 1136 καὶ
1883 1102 1905 1146 ἡ
1921 1098 2034 1151 δωρεὰ
2052 1101 2084 1136 ἓν
2103 1098 2223 1150 χάριτι
2238 1101 2280 1149 τῇ
2297 1101 2356 1135 τοῦ
2372 1096 2445 1138 ἑνὸς

1429 1159 1610 1210 ἀνθρώπου
1630 1159 1746 1206 Ἰησοῦ
1774 1160 1947 1210 Χριστοῦ,
1964 1161 2010 1202 εἷς
2030 1158 2108 1202 τοὺς
2134 1158 2281 1202 πολλοὺς
2301 1158 2442 1210 ἐπερίσ-

1428 1236 1559 1258 σευσεν.
1595 1219 1644 1258 “O
1674 1220 1741 1273 γὰρ
1755 1220 1866 1271 λέγει,
1886 1219 2035 1257 τοιοῦτόν
2057 1222 2147 1258 ἐστιν
2164 1235 2170 1242 ·
2202 1221 2231 1256 εἷ
2249 1223 2270 1266 ἦ
2288 1218 2443 1270 ἁμαρτία

1427 1283 1586 1318 τοσοῦτον
1603 1279 1726 1332 ἴσχυσε
1742 1310 1751 1327 ,
1768 1280 1828 1318 καὶ
1848 1278 2028 1330 ἀνθρώπου
2046 1279 2201 1331 ἁμαρτία
2217 1280 2288 1322 ἑνός
2300 1296 2307 1303 ·
2327 1280 2441 1331 χάρις,

1427 1340 1486 1377 καὶ
1500 1342 1590 1378 Θεοῧ
1607 1340 1726 1392 χάρις,
1744 1339 1802 1377 καὶ
1819 1341 1856 1378 οὗ
1874 1339 2015 1392 Πατρὸς
2032 1338 2147 1389 μόνου,
2165 1338 2255 1377 ἀλλὰ
2271 1339 2330 1377 καὶ
2346 1340 2444 1384 Υἱοῢ,

1427 1403 1501 1443 πῶς
1527 1402 1564 1438 οὐ
1585 1400 1766 1451 περιέσται
1786 1400 1973 1449 μειζόνως,
2003 1400 2123 1450 πολλῷ
2144 1399 2211 1450 γὰρ
2231 1403 2332 1437 τοῦτο
2350 1401 2444 1437 εὐλο-

1426 1460 1592 1513 γώτερον.
1623 1461 1676 1498 Τὸ
1707 1459 1769 1510 μὲν
1797 1459 1865 1511 γὰρ
1893 1459 2007 1511 ἕτερον
2030 1460 2073 1496 δι’
2090 1460 2203 1511 ἕτερον
2225 1459 2444 1505 κολάζεσθαι,

1426 1523 1463 1559 οὐ
1482 1520 1613 1571 σφόδρα
1643 1522 1736 1557 δοκεῖ
1762 1519 1863 1570 λόγον
1890 1518 1981 1571 ἔχειν
1995 1535 2002 1542 ·
2027 1519 2066 1557 τὸ
2083 1519 2117 1557 δὲ
2134 1519 2247 1571 ἕτερον
2270 1520 2313 1556 δι’
2330 1520 2444 1572 ἕτερον

1427 1581 1594 1626 σώζεσθαι
1610 1611 1619 1629 ,
1638 1580 1697 1619 καὶ
1711 1580 1995 1633 πρεπωδέστερον
2020 1583 2150 1630 μᾶλλον
2170 1581 2229 1619 καὶ
2248 1580 2443 1632 εὐλογώτε-

1377 1651 1399 1680 Β
1427 1658 1494 1695 ρον.
1526 1644 1570 1680 Εἰ
1589 1642 1700 1680 τοίνυν
1719 1644 1827 1679 ἐκεῖνο
1845 1641 1962 1691 γέγονε
1976 1671 1985 1689 ,
2005 1643 2124 1694 πολλῷ
2144 1643 2272 1692 μᾶλλον
2288 1646 2402 1681 τοῦτο.

1482 1892 1566 1931 ζὈτι
1591 1892 1651 1942 μὲν
1671 1888 1727 1931 οῧν
1757 1893 1846 1937 εἰκὸς
1865 1893 1923 1930 καὶ
1942 1893 2078 1944 εὔλογον
2091 1923 2101 1941 ,
2117 1895 2156 1931 ἐκ
2170 1893 2298 1932 τούτων
2317 1893 2442 1938 ἔδειξε·

1421 1952 1506 1989 ὃκαὶ
1536 1951 1602 2004 γὰρ
1635 1953 1767 1991 ἐκείνου
1795 1953 2153 2001 κατασκευασθέντος,
2186 1954 2441 2007 εὖπαράδεκτον

1421 2017 1520 2052 τοῦτο
1539 2013 1660 2051 λοιπὸν
1677 2013 1819 2064 ἔμελλεν
1840 2007 1926 2051 εἶναι
1945 2029 1952 2036 ·
1975 2013 2028 2052 ὅτι
2044 2013 2080 2051 δὲ
2102 2014 2161 2052 καὶ
2180 2016 2382 2065 ἀναγκαῖον,
2401 2016 2441 2052 ἐκ

1418 2076 1487 2111 τῶν
1507 2073 1584 2120 ἑξῆς
1599 2073 1860 2117 κατασκευάζει.
1878 2075 1961 2117 Πῶς
1977 2068 2032 2112 οἶν
2051 2077 2152 2112 τοῦτο
2168 2074 2441 2122 κατασκευάζεις

1419 2134 1498 2184 Οὗχ
1516 2135 1562 2176 ὡς
1583 2134 1626 2170 δι’
1648 2133 1719 2177 ἑνὸς
1738 2134 2002 2185 ἁμαρτήσαντος
2018 2133 2057 2171 τὸ
2084 2133 2232 2185 δώρημα
2246 2164 2255 2182 ,
2273 2134 2358 2186 φησί
2373 2149 2381 2157 ·
2401 2135 2442 2172 τὸ

1421 2192 1481 2243 μὲν
1497 2193 1564 2244 γὰρ
1585 2193 1695 2245 κρίμα
1715 2194 1748 2238 ἐξ
1768 2193 1903 2243 ἑνὸς-εἷς
1922 2193 2124 2246 κατάκριμα
2141 2209 2149 2217 ·
2163 2194 2254 2233 τὸδὲ
2279 2195 2441 2248 χάρισμα

1419 2256 1457 2291 ἐκ
1471 2256 1608 2292 πολλῶν
1623 2255 1920 2306 παραπτωμάτων
1936 2257 1982 2298 εἷς
2001 2254 2192 2305 δικαίωμα.
2211 2255 2283 2293 Καὶ
2304 2255 2336 2293 τί
2352 2255 2440 2293 ποτέ

1418 2315 1491 2351 ἐστι
1510 2317 1610 2352 τοῦτο
1633 2314 1672 2351 τὸ
1700 2315 1908 2365 λεγόμενον,
1933 2315 2018 2353 “On
2038 2315 2096 2352 τὸν
2122 2315 2184 2364 μὲν
2212 2315 2357 2353 θάνατον
2379 2315 2439 2353 καὶ

1417 2373 1456 2410 τὸ
1478 2374 1680 2426 κατάκριμα
1697 2374 1836 2425 ἴσχυσεν
1856 2374 2010 2426 ἁμαρτία
2031 2375 2095 2424 μία
2115 2377 2318 2425 εἰσενεγκεῖν
2332 2391 2339 2398 ·
2357 2380 2379 2423 ἡ
2399 2376 2434 2413 δὲ

1416 2434 1517 2486 χάρις
1544 2434 1581 2472 οὔ
1610 2434 1672 2480 τὴν
1701 2434 1782 2484 μίαν
1808 2434 1942 2480 ἐκείνην
1973 2434 2146 2486 ἁμαρτίαν
2177 2437 2291 2474 ἀνεῖλε
2321 2436 2437 2487 μόνον,

1367 2508 1390 2538 C
1418 2493 1507 2532 ἀὶλὰ
1538 2494 1597 2531 καὶ
1625 2494 1687 2536 τὰς
1716 2494 1793 2544 μετ’
1815 2494 1947 2541 ἐκείνην
1969 2496 2244 2539 ἐπεισελθούσας.
2263 2496 2342 2535 Ἵνα
2369 2496 2437 2550 γὰρ

1417 2555 1467 2601 τὸ,
1487 2557 1552 2601 ὡς,
1574 2555 1632 2592 καὶ
1652 2556 1703 2603 τὸ,
1714 2555 1825 2601 ρῦτω,
1846 2555 2034 2605 τιθέμενον,
2055 2556 2103 2606 μὴ
2120 2556 2192 2596 ἴσον
2220 2557 2342 2610 εἰσάγῃ
2369 2559 2436 2608 με’-

1417 2632 1495 2669 τρον
1513 2618 1580 2654 τῶν
1602 2618 1738 2667 ἀγαθῶν
1753 2617 1838 2668 πρὸς
1857 2616 1899 2654 τὰ
1914 2616 2019 2662 κακὰ,
2042 2616 2128 2667 μηδὲ
2143 2617 2287 2669 νομίσῃς
2303 2618 2437 2657 ἀκούων

1417 2678 1474 2715 τὸν
1495 2677 1625 2728 Ἀδὰμ,
1654 2677 1785 2724 ἐκείνην
1807 2679 1999 2729 ἀνῃρῆσθαι
2031 2679 2138 2728 μόνην
2158 2678 2221 2725 τὴν
2242 2679 2436 2732 ἁμαρτίαν,

1417 2738 1457 2784 ἣν
1474 2740 1599 2781 ἐκεῖνος
1621 2738 1817 2790 εἰσήνεγκε,
1836 2737 1930 2789 λέγει
1955 2737 2008 2776 ὅτι
2027 2740 2165 2777 πολλῶν
2191 2741 2436 2792 παραπτωμά-

1417 2815 1484 2835 των
1506 2801 1528 2844 ἡ
1548 2798 1721 2850 ἀναίρεσις
1735 2798 1865 2849 γέγονε.
1887 2798 1999 2836 Πόθεν
2019 2799 2143 2846 δῆλον,
2159 2798 2246 2838 “Ort
2267 2800 2355 2850 μετὰ
2373 2800 2435 2843 τὰς

1417 2857 1578 2909 ἀπείρους
1596 2858 1768 2911 ἁμαρτίας
1786 2858 1848 2902 τὰς
1869 2860 1942 2909 μετ’
1963 2858 2096 2906 ἐκείνην
2114 2859 2177 2906 τὴν
2197 2862 2231 2898 ἐν
2252 2863 2300 2912 τῷ
2320 2877 2435 2913 παρα-

1415 2917 1517 2969 δείσῳ
1543 2920 1590 2961 εἷς
1618 2918 1792 2968 δικαίωμα
1812 2919 1851 2957 τὸ
1880 2925 2027 2971 πρᾶγμα
2047 2919 2158 2965 ἐξέὸη.
2179 2919 2294 2958 εὈπου
2315 2920 2351 2959 δὲ
2380 2921 2432 2957 δι-

1414 2978 1579 3025 καιοσύνη
1592 3008 1602 3024 ,
1627 2978 1660 3022 ἐξ
1687 2979 1838 3030 ἀνάγκης
1864 2980 1924 3017 καὶ
1943 2979 2013 3026 ζωὴ
2036 2980 2176 3024 πάντως
2197 2980 2341 3027 ἕπεται,
2373 2982 2434 3018 καὶ

1413 3038 1457 3077 τὰ
1479 3038 1587 3090 μυρία
1608 3038 1731 3088 ἀγαθὰ,
1750 3039 1868 3091 ὥσπερ
1885 3031 1940 3077 οἶν
1954 3070 1963 3088 ,
1985 3039 2068 3078 ὅπου
2089 3040 2256 3092 ἁμαρτία,
2277 3041 2430 3084 θάνατος.

1414 3099 1527 3137 Πλέον
1547 3098 1613 3150 γὰρ
1639 3102 1700 3145 τῆς
1727 3101 1816 3145 ζωῆς
1841 3103 1863 3146 ἧ
1885 3100 2104 3148 δικαιοσύνη,
2131 3101 2250 3148 ἐπειδὴ
2273 3101 2333 3139 καὶ
2355 3102 2429 3153 ῥίζα

1366 3169 1389 3197 D
1414 3160 1487 3199 ἐστὶ
1506 3162 1607 3206 ζωῆς.
1623 3159 1708 3198 “Oti
1731 3160 1791 3210 μὲν
1812 3155 1868 3198 οὖν
1889 3161 2030 3200 πλείονα
2052 3164 2211 3208 εἰσῆκται
2228 3162 2273 3200 τὰ
2303 3163 2431 3213 ἀγαθὰ,

1414 3220 1472 3258 καὶ
1492 3222 1552 3258 οὐκ
1571 3219 1686 3266 ἐκείνη
1706 3220 1875 3270 ἀνῄρηται
1897 3224 1917 3267 ᾗ
1942 3221 2096 3273 ἁμαρτία
2115 3221 2237 3273 μόνον,
2261 3223 2350 3261 ἀλλὰ
2370 3224 2430 3261 καὶ

1426 3360 1580 3392 omnihus
1598 3359 1747 3395 liabetur.
1769 3361 1868 3394 Saxil.
1895 3361 1935 3393 ad
1959 3362 2138 3405 marginem
2159 3362 2262 3404 posuit
2278 3387 2286 3402 7
2305 3360 2361 3393 sed
2385 3361 2427 3391 ad

1426 3413 1538 3443 seriem
1554 3413 1707 3454 pertinet.
