2466 3805
650 238 693 267 IN
727 239 842 267 ACTA
881 237 1228 267 APOSTOLORUM.

66 321 184 362 ἁπλῶς
212 318 316 357 πάλιν
350 319 407 356 τὸν
438 318 539 368 λόγον
563 317 821 369 ἀναλαμὸάνει,
849 319 925 356 Οὐκ
956 318 1082 356 ἔδωκεν

65 382 177 432 αὐτῷ,
196 379 292 432 φησί.
314 379 384 418 Καὶ
405 379 637 430 ἐπηγγείλατο
661 378 720 416 καὶ
749 381 800 432 τῷ
828 378 1005 431 σπέρματι
1024 380 1085 416 αὗ-

63 443 122 478 τοῧ
151 441 226 491 μετ’
265 439 378 486 αὐτὸν,
406 442 468 478 οὐκ
502 440 596 483 ὄντος
627 440 720 491 αὐτῷ
745 438 880 477 τέκνου.
903 439 1017 478 Πάλιν
1046 439 1085 476 τὸ

65 502 206 540 δυνατὸν
224 506 237 522 ⁰
252 503 406 540 ἐντεῦθεν
426 500 671 539 δείκνυταιτοῦ
689 502 781 539 Θεοῦ
801 500 860 538 καὶ
880 500 918 538 τὸ
938 500 971 544 ἐξ
993 503 1085 550 ἀμη-

63 561 182 614 χάνων
199 562 316 600 πάντα
333 568 460 601 ποιεῖν.
482 562 553 600 Τὸν
573 561 640 613 γὰρ
660 563 695 598 ἓν
719 560 866 613 Περσίδι
887 560 947 598 καὶ
965 564 1084 598 τοσοῦ-

63 639 120 661 τον
137 622 315 675 ἀπέχοντα
327 653 338 672 ,
354 628 473 661 τοῦτον
502 623 608 674 ἔφησε
629 621 746 675 κύριον
769 625 830 668 τῆς
844 620 1086 666 Παλαιστίνης

64 683 234 730 ποιήσειν.
257 683 348 721 Ἀλλ’
372 684 498 733 ἴδωμεν
525 682 653 720 ἄνωθεν
688 681 732 719 τὰ
761 681 938 733 εἰρημένα.
961 680 1087 718 Ἀτενί-

66 759 187 787 σαντες
218 745 264 786 εἷς
299 744 415 791 αὐτὸν,
450 742 566 795 φησὶν,
597 736 683 780 εἶδον
715 742 754 780 τὸ
776 741 961 792 πρόσωπον
985 742 1087 778 αὐτοῦ

65 803 148 841 ὡσεὶ
167 803 354 855 πρόσωπον
369 803 529 855 ἀγγέλου.
553 801 665 839 Πόθεν
686 804 707 847 ἡ
726 801 829 852 χάρις
851 803 899 851 τῷ
919 799 1086 850 Στεφάνῳ

66 863 225 911 ἐπήνθει,
260 859 314 916 ἀρ’
337 865 398 902 οὐκ
430 863 498 900 ἀπὸ
525 866 586 908 τῆς
614 861 782 907 πίστεως
817 859 973 905 Εὔδηλον
1009 857 1084 896 ὅτι·

67 926 286 978 ἐμαρτύρησε
311 925 378 977 γὰρ
400 926 493 976 αὐτῷ
517 923 608 970 ἅνω,
628 921 681 959 ὅτι
705 921 841 972 πλήρης
861 919 1009 962 πίστεως
1028 914 1083 966 ἦν.

66 985 169 1024 ''Eo-n
199 986 233 1023 δὲ
263 986 366 1038 χάριν
397 985 488 1036 ἔχειν
511 983 569 1021 καὶ
594 985 655 1020 οὐκ
680 983 715 1018 ἐν
738 981 873 1018 ἷάσεσι·
905 980 957 1017 διὸ
980 980 1039 1017 καὶ
1066 982 1084 1017 ὁ

68 1047 278 1094 ἀπόστολος,
298 1040 348 1100 ἐνῼ
369 1045 431 1096 μὲν
457 1045 558 1096 χάρις
592 1042 739 1088 δίδοται,
761 1041 879 1093 φησὶν,
913 1039 1084 1090 ἰαμάτων,

67 1108 162 1159 ἄλλῳ
179 1107 212 1144 δὲ
228 1107 326 1157 λόγος
345 1105 477 1157 σοφίας.
494 1104 668 1141 Ἐνταῦθα
686 1101 723 1140 δέ
743 1117 801 1152 μοι
827 1103 918 1139 δοκεῖ
933 1100 992 1138 καὶ
1008 1100 1084 1138 ἐπί-

65 1183 166 1219 χαριν
188 1167 287 1204 αὐτὸν
318 1160 404 1203 εἶναι
436 1164 646 1202 αἰνίττεσθαι
674 1165 723 1214 τῷ
749 1162 877 1214 λέγειν,
910 1156 1012 1200 Εἶδον
1043 1161 1082 1199 τὸ

64 1227 248 1278 πρόσωπον
266 1228 370 1264 αὐτοῦ
387 1226 470 1262 ὡσεὶ
489 1224 676 1276 πρόσωπον
692 1224 839 1276 ἀγγέλου
852 1239 860 1246 ·
875 1223 892 1261 ὃ
908 1223 966 1261 καὶ
986 1225 1082 1275 Βαρ-

64 1286 171 1329 νάὸας
208 1292 447 1339 μαρτυρεῖται.
473 1284 581 1323 εὈθεν
614 1283 692 1328 τοὺς
729 1283 927 1327 ἀπλάστους
959 1299 996 1321 τε
1024 1285 1084 1322 καὶ

64 1347 430 1401 ἀπονήρουςμάλιστα
459 1345 587 1398 αἴσμεν
607 1345 886 1397 θαυμαζομένους
899 1376 908 1393 ,
926 1345 985 1383 καὶ
1008 1345 1084 1384 τού-

62 1426 140 1453 τους
170 1410 300 1460 μᾶλλον
336 1408 543 1462 ἐπιχάριτας
562 1408 672 1452 ὄντας.
696 1408 787 1446 Τότε
823 1407 995 1446 ὑπέὸαλον
1025 1407 1084 1445 άν-

64 1471 146 1522 δρας
173 1470 354 1520 λέγοντας,
374 1469 428 1508 ὅτι
457 1469 658 1521 ἀκηκόαμεν
681 1470 784 1506 αὐτοῦ
810 1469 998 1511 λαλοῦντος
1024 1469 1085 1523 ῥή-

64 1546 158 1580 ματα
187 1529 389 1582 βλάσφημα.
411 1529 496 1568 Ἐπὶ
527 1529 589 1580 μὲν
616 1533 684 1568 τῶν
713 1529 916 1568 ἀποστόλων
945 1530 1084 1581 ἔλεγον,

62 1590 116 1628 δ’τι
136 1590 197 1638 τὴν
217 1590 405 1629 ἀνάστασιν
427 1590 679 1642 κατήγγελλον,
701 1590 760 1629 καὶ
786 1590 838 1628 ὅτι
857 1589 964 1635 πολὺς
983 1591 1085 1643 ὄχλος

62 1651 199 1703 ἐπέρρει
212 1667 218 1673 ·
232 1653 380 1689 ἐνταῦθα
397 1651 450 1700 δὲ,
466 1651 518 1690 ὅτι
531 1650 851 1703 ἓθεραπεύοντο.“Ω
869 1654 930 1697 τῆς
946 1651 1062 1695 ἀνοίας
1076 1667 1083 1675 ·

66 1712 154 1763 ὑπὲρ
178 1706 226 1749 ὧν
248 1713 466 1764 εὐχαριστεῖν
497 1712 585 1757 ἔδει,
610 1711 695 1764 ὑπὲρ
714 1711 842 1750 τούτων
870 1710 1084 1763 ἐμέμφοντο,

61 1772 120 1810 καὶ
144 1772 222 1816 τοὺς
242 1773 299 1811 διὰ
320 1776 387 1811 τῶν
406 1773 514 1825 ἔργων
532 1778 744 1825 κρατοῦντας
759 1771 979 1824 προσεδόκων
1000 1788 1085 1825 κρα-

60 1834 176 1881 τήσειν
206 1834 262 1872 διὰ
288 1837 359 1872 τῶν
387 1834 500 1887 λόγων
530 1834 636 1888 (ὅπερ
663 1834 722 1872 καὶ
753 1834 812 1872 ἐπὶ
843 1837 902 1871 τοῦ
932 1835 1084 1886 Χριστοῦ

61 1894 237 1943 ἐποίουν),
255 1895 314 1933 καὶ
342 1895 396 1934 ἀεὶ
424 1898 471 1940 εἷς
489 1895 610 1947 λόγους
630 1894 751 1938 αὑτοὺς
782 1893 978 1933 ἓνέὸαλλον.
1009 1894 1084 1946 Ἁρ-

59 1955 171 1994 πάσαι
199 1956 265 2008 γὰρ
291 1955 412 2000 αὐτοὺς
443 1958 562 2000 ἁπλῶς
590 1956 803 2008 ᾐσχύνοντο,
826 1955 920 1994 οὐδὲν
949 1955 1085 2008 ἔχοντες

60 2018 230 2067 ἐγκαλεῖν.
263 2017 334 2055 Καὶ
366 2018 450 2071 ὅρα,
476 2022 551 2062 πῶς
591 2017 667 2056 οὐδὲ
701 2017 798 2054 αὐτοὶ
831 2019 862 2055 οἱ
889 2017 1083 2060 δικάζοντες

61 2081 310 2130 μαρτυροῦσιν·
340 2078 562 2130 ἧλέγχθησαν
585 2078 652 2130 γὰρ
675 2078 716 2116 ἄν
731 2094 739 2101 ·
763 2077 841 2116 ἀλλ’
867 2078 986 2121 ἁπλῶς
1013 2077 1082 2116 ἑτέ-

62 2154 138 2189 ρους
161 2142 384 2188 μισθοῦνται,
399 2138 456 2176 ῗνα
475 2138 522 2189 μὴ
546 2138 623 2190 δόξῃ
653 2138 816 2192 ἐπηρείας
839 2132 978 2176 εἶναιτὸ
995 2144 1083 2190 πρᾶ-

60 2215 146 2249 γμα.
163 2198 215 2236 Τὸ
232 2199 314 2236 αὐτὸ
332 2199 469 2250 γεγονὸς
495 2199 562 2236 ἴδοι
588 2215 638 2242 τις
663 2198 702 2236 ἂν
723 2199 781 2236 καὶ
810 2197 868 2235 ἐπὶ
899 2201 959 2235 τοῦ
992 2199 1082 2250 Χρι-

60 2262 152 2296 στοῦ.
176 2252 278 2300 Εἶδες
298 2263 358 2295 τοῦ
384 2257 606 2309 κηρύγματος
635 2257 697 2304 τὴν
728 2256 887 2306 δύναμιν,
914 2255 974 2294 καὶ
1007 2259 1082 2300 πῶς

59 2317 136 2369 οὐχὶ
176 2317 437 2369 μαστιζομένων
476 2317 593 2369 μόνον,
629 2316 719 2355 ἀλλὰ
751 2317 810 2354 καὶ
845 2316 1080 2368 λιθαζομένων

59 2384 199 2432 κρατεῖ,
230 2377 305 2416 οὐδὲ
340 2380 388 2421 εἷς
419 2377 641 2430 δικαστήριον
673 2377 864 2430 ἀγομένων,
897 2377 988 2416 ἀλλὰ
1020 2378 1080 2416 καὶ

58 2438 296 2490 ἐλαυνομένων
315 2439 531 2488 8πάντοθεν,
552 2439 732 2478 Ἐντεῦθεν
758 2439 817 2477 καὶ
839 2441 1080 2492 ψευδομαρτυ-

59 2499 206 2551 ρούντων
244 2501 371 2548 αὐτῶν,
392 2503 430 2539 οὗ
458 2500 560 2550 μόνον
585 2503 647 2539 οὔκ
681 2500 860 2552 ἐκράτουν,
895 2502 971 2539 ἀλλ’
1003 2500 1079 2539 οὐδὲ

59 2564 262 2608 ἀντιστῆναι
282 2561 420 2614 ἴσχυον,
435 2562 549 2600 καίτοι
568 2561 698 2615 σφόδρα
719 2561 942 2614 ἀναίσχυντοι
963 2561 1077 2606 ὄντες·

59 2622 168 2666 οὕτως
196 2621 316 2665 αὐτοὺς
342 2622 434 2661 κατὰ
462 2623 587 2676 κράτος
616 2617 708 2668 εἷλε,
731 2623 790 2662 καὶ
822 2627 933 2661 ταῦτα
964 2623 1078 2661 πολλὰ

58 2684 275 2737 πράττοντας
298 2683 451 2722 ἀπίθανα
471 2687 539 2733 (ὡς
571 2685 630 2723 καὶ
659 2684 716 2723 ε’πὶ
745 2690 805 2724 τοῦ
830 2686 1027 2738 Χριστοῦ),
1047 2685 1079 2723 οἳ

58 2745 117 2783 καὶ
135 2745 252 2783 πάντα
270 2745 355 2796 πρὸς
375 2744 521 2783 θάνατον
538 2745 708 2797 ἔπραττον
724 2745 782 2784 τὸν
803 2748 906 2784 αὐτοῦ
918 2774 927 2791 ,
951 2747 996 2789 ὡς
1006 2747 1078 2784 λοι-

57 2806 121 2844 πὸν
148 2807 250 2853 δῆλον
269 2805 429 2858 γενέσθαι
450 2812 570 2854 πᾶσιν,
588 2806 640 2845 ὅτι
661 2808 723 2845 οὐκ
754 2801 795 2853 ἦν
827 2806 1025 2859 ἀνθρωπίνη
1055 2809 1076 2853 ἦ

58 2867 154 2920 μάχη
170 2897 180 2915 ,
201 2867 291 2905 ἀλλὰ
306 2869 402 2905 >Θεοῧ
421 2867 506 2920 πρὸς
528 2867 739 2919 ἀνθρώπους.
756 2867 889 2906 Σκόπει
911 2866 946 2906 δὲ
968 2868 1027 2906 καὶ
1045 2867 1079 2906 τί

55 2943 158 2980 φασιν
179 2931 210 2966 οἱ
239 2927 424 2972 συστάντες
452 2928 730 2982 ψευδομάρτυρες
751 2928 818 2967 ὑπὸ
841 2931 909 2967 τῶν
932 2932 1079 2981 φονικῶς

55 2989 351 3041 συναρπασάντων
383 2989 488 3027 αὐτὸν
510 2991 558 3032 εἷς
579 2989 618 3027 τὸ
645 2989 832 3042 συνέδριον.
860 2989 1076 3040 Ἀκηκόαμεν

56 3056 158 3094 αὐτοῦ
187 3057 372 3099 λαλοῦντος
394 3056 537 3110 ῥήματα
569 3055 760 3109 βλάσφημα
783 3058 830 3101 εἷς
855 3058 989 3104 Μωσῆν
1018 3057 1078 3095 καὶ

55 3121 112 3159 τὸν
139 3120 241 3161 Θεόν.
257 3114 307 3160 ΨΩ.
337 3122 580 3174 ἀναίσχυντοι·
610 3123 806 3175 πράγματα
831 3129 962 3161 ποιεῖτε
986 3122 1075 3173 βλά-

59 3204 180 3240 σφημα
200 3190 247 3232 εἷς
268 3189 324 3227 τὸν
348 3190 451 3237 Θεὸν,
474 3190 533 3228 καὶ
555 3192 592 3229 οὐ
613 3190 819 3244 φροντίζετε·
838 3192 896 3229 καὶ
919 3189 1076 3233 Μωσέως

101 3319 113 3329 ¹*
131 3306 219 3339 Alius
237 3313 367 3343 ἐντεῦθεν
383 3314 557 3355 ἐμφαίνεται
575 3316 625 3345 τοῦ
642 3317 719 3345 θεοῦ.

101 3359 112 3377 ¹¹
131 3357 224 3390 Idem
242 3365 324 3402 ἴσμεν
340 3368 524 3404 σωζομένους
539 3368 587 3396 καὶ
603 3366 732 3400 τούτους.

101 3420 113 3432 ³
132 3411 221 3443 Unus
245 3417 405 3454 πάντοθενῆ
423 3419 469 3446 καὶ
489 3423 546 3447 τῶν
567 3419 679 3459 ἐχθρῶν
703 3416 934 3458 μαρτυρούντων
956 3417 1061 3451 abrah,

1270 235 1423 266 HOMlL.
1461 235 1540 265 XV.

2046 224 2124 280 141

1151 331 1346 355 sermonem
1374 315 1574 354 resumere?
1593 316 1684 354 Non
1702 315 1807 354 dedit
1827 314 1903 362 illi,
1922 315 2049 366 inquit.
2080 317 2134 354 Et

1149 381 1326 430 promisit
1341 380 1478 417 semini
1497 380 1578 431 ejus
1602 385 1688 429 post
1708 378 1834 423 illum,
1853 391 1939 415 cum
1969 391 2046 414 non
2063 377 2134 416 ka-

1154 439 1411 491 beretfilium.
1436 439 1527 476 Hinc
1542 452 1686 476 rursum
1704 436 1902 475 ostenditur
1921 438 1989 476 Dei
2006 446 2132 490 poten-

1152 500 1216 549 tia,
1247 498 1344 550 quod
1372 513 1412 537 ea
1440 499 1546 537 faciat
1574 513 1654 549 quae
1685 497 1922 552 impossibilia
1949 498 2131 538 videntur.

1153 560 1246 599 Eum
1266 561 1373 609 enim,
1385 561 1446 611 qui
1464 561 1500 598 in
1513 560 1658 599 Perside
1672 570 1758 611 erat,
1777 569 1874 599 tanto
1891 561 2006 613 spatio
2021 574 2136 599 remo-

1153 629 1245 670 tum,
1269 621 1362 658 dixit
1380 635 1416 659 se
1434 621 1620 659 dominum
1639 621 1835 659 Palaestinae
1850 622 2040 659 facturum.
2063 621 2137 661 Sed

1153 681 1248 718 dicta
1259 682 1420 733 superius
1432 685 1844 734 repetamuantzcentes
1851 686 1891 721 in
1901 697 1999 734 eum,
2007 683 2136 734 inquit,

1154 743 1495 794 videruntfaciem
1518 745 1599 794 ejus
1618 751 1815 794 tamquam
1823 745 1975 795 faciem
1993 745 2135 796 angeli.

1153 803 1258 840 Unde
1276 803 1312 840 in
1326 803 1507 854 Stephano
1525 803 1637 853 gratia
1657 804 1832 841 florebat?
1849 819 1964 843 nonne
1978 820 2022 843 ex
2040 806 2136 845 fide?

1107 868 1132 896 D
1153 862 1195 900 Id
1209 872 1301 901 certe
1312 864 1430 915 palam
1442 873 1493 901 est
1500 879 1511 913 5
1525 877 1608 901 nam
1625 878 1731 915 supra
1743 865 1787 902 de
1800 865 1863 903 illo
1875 865 1982 911 dixit,
1990 867 2136 919 plenum

1153 923 1223 960 fide
1239 923 1357 961 fuisse.
1374 925 1492 961 Potest
1508 932 1626 960 autem
1634 924 1758 961 haberi
1774 925 1899 975 gratia,
1914 939 1993 975 quae
2010 940 2079 964 non
2093 927 2139 964 sit

1154 984 1395 1022 curationum:
1407 983 1486 1021 ideo
1497 985 1546 1022 ait
1554 985 1751 1036 apostolus:
1766 985 1856 1022 Alii
1867 986 1997 1035 datur,
2011 986 2138 1037 inquit,
2156 1005 2181 1025 1.
2203 998 2273 1027 Cor.
2291 1006 2336 1027 12.

1152 1048 1282 1097 gratia
1310 1049 1567 1092 curationum,
1594 1046 1666 1083 alii
1683 1059 1806 1083 sermo
1827 1048 2040 1098 sapientioe.
2071 1048 2140 1086 Hie
2153 1049 2182 1079 9·

1153 1115 1271 1143 autem
1287 1107 1432 1145 videtur
1449 1107 1539 1144 mihi
1560 1107 1663 1144 illum
1682 1106 1789 1144 valde
1810 1106 2005 1157 gratiosum
2033 1107 2141 1147 fuisse

1153 1167 1389 1218 subindicari,
1416 1182 1498 1206 cum
1528 1168 1674 1218 dicitur,
1693 1169 2039 1220 Videruntfaciem
2059 1172 2140 1221 ejus

1154 1231 1513 1283 tamquamfaciem
1529 1230 1659 1283 angeli
1665 1246 1680 1276 ,·
1695 1228 1790 1280 quod
1806 1229 1912 1266 etiam
1921 1228 1966 1267 de
1977 1230 2142 1270 Barnaha

1152 1288 1290 1328 dictum
1317 1291 1394 1328 fuit.
1422 1291 1528 1330 Unde
1559 1291 1691 1329 scimus
1722 1291 1901 1343 simplices
1923 1299 1956 1328 et
1976 1290 2142 1330 innocen-

1154 1360 1204 1389 tes
1218 1350 1255 1388 in
1265 1351 1392 1404 primis
1409 1351 1444 1389 in
1461 1351 1699 1390 admiratione
1718 1366 1804 1402 esse,
1823 1352 2048 1403 maximeque
2061 1366 2141 1404 gra-

1155 1412 1275 1450 tiosos.
1299 1414 1332 1450 T
1331 1427 1405 1451 une
1416 1416 1690 1451 summiserunt
1702 1416 1809 1451 viros
1823 1416 1891 1465 qui
1903 1414 2086 1461 dicerent,
2101 1428 2142 1453 se

1155 1475 1349 1513 audivisse
1364 1475 1475 1512 illum
1491 1476 1681 1512 dicentem
1696 1477 1818 1512 verba
1830 1475 2069 1526 blasphema.
2086 1477 2139 1514 De

1106 1543 1130 1573 E
1154 1535 1322 1587 apostolis
1334 1535 1477 1586 quidem
1484 1536 1660 1584 dicebant,
1671 1535 1766 1587 quod
1777 1535 2067 1573 resurrectionem
2077 1551 2139 1575 an-

1154 1597 1368 1648 nuntiarent,
1381 1597 1520 1649 etquod
1537 1598 1650 1635 multa
1666 1598 1770 1636 turba
1785 1598 2055 1647 conflueret3hic.
2074 1613 2138 1636 au-

1152 1667 1224 1696 tem
1243 1657 1338 1709 quod
1357 1668 1574 1697 sanarentur.
1596 1661 1627 1698 O
1648 1658 1888 1711 insipientiam
1905 1659 1913 1698 l
1933 1661 1986 1697 De
2006 1659 2138 1710 quibus

1154 1719 1338 1772 oportebat
1351 1719 1484 1771 gratias
1500 1733 1613 1771 agere,
1625 1719 1669 1758 de
1685 1720 1729 1757 iis
1741 1719 2018 1772 redarguebant3
2035 1729 2068 1758 et
2081 1734 2138 1758 eos

1154 1780 1215 1830 qui
1227 1780 1394 1831 operibus
1409 1781 1634 1832 superabant,
1642 1795 1679 1818 se
1688 1780 1806 1818 verbis
1821 1789 2001 1832 superatm
2008 1795 2046 1818 os
2065 1794 2139 1819 esse

1153 1842 1341 1893 sperabant
1351 1841 1459 1892 (quoii
1473 1841 1577 1879 etiam
1593 1855 1675 1892 erga
1690 1841 1872 1879 Christum
1884 1841 2086 1893 faciebant),-
2106 1851 2140 1881 et

1153 1916 1291 1954 semper
1318 1902 1356 1940 in
1385 1901 1494 1941 verba
1525 1916 1598 1940 sese
1628 1902 1890 1941 convertebant.
1925 1902 2011 1940 Illos
2042 1903 2138 1940 enim

1152 1972 1281 2001 temere
1294 1977 1415 2015 rapere
1426 1963 1690 2011 erubescebant,
1699 1963 1791 2001 nihil
1801 1963 1969 2001 habentes
1984 1978 2053 2014 quo
2065 1964 2135 2001 cri—

1093 2052 1140 2076 122
1154 2024 1437 2062 minarentur.Et
1449 2024 1542 2074 vide,
1551 2023 1727 2075 quomodo
1739 2038 1809 2062 non
1816 2023 1954 2076 judices
1966 2024 2033 2076 ipsi
2043 2025 2136 2063 testi-

1105 2089 1129 2118 Α
1154 2086 1326 2135 ficentur3
1342 2100 1425 2123 nam
1447 2085 1617 2123 confutati
1633 2086 1802 2135 fuissent3
1819 2084 1882 2122 sed
1901 2085 1989 2123 alios
2005 2085 2137 2123 frustra

1152 2146 1312 2184 mercede
1322 2146 1537 2195 conducunt,
1549 2156 1642 2184 utne
1652 2146 1831 2185 videretur
1842 2160 1897 2183 res
1917 2160 1989 2184 esse
2002 2146 2137 2184 violen-

1151 2207 1278 2245 ta.Hoc
1289 2208 1408 2260 ipsum
1417 2207 1522 2245 etiam
1534 2207 1676 2245 Christo
1690 2206 1879 2257 contigisse
1892 2207 2139 2248 videas.Vidi-

1150 2268 1232 2307 stin'
1243 2269 1318 2308 vim
1328 2268 1605 2321 praedicationis,
1614 2277 1646 2306 et
1654 2267 1834 2319 quomodo
1852 2268 1971 2319 vigeat
1981 2282 2049 2306 non
2061 2283 2139 2307 mo—

1152 2330 1199 2369 do
1210 2345 1293 2369 cum
1311 2345 1488 2384 praecones
1503 2331 1742 2382 flagellantur,
1754 2329 1816 2368 sed
1830 2330 1937 2368 etiam
1953 2344 2035 2368 cum
2047 2330 2138 2382 lapi-

1151 2391 1292 2441 dantur,
1303 2406 1384 2430 cum
1393 2391 1440 2430 ad
1450 2391 1609 2429 tribunal
1620 2400 1785 2442 aguntur,
1797 2405 1879 2429 cum
1892 2390 2048 2442 undique
2066 2392 2140 2444 pel-

1152 2454 1299 2493 luntur?
1317 2453 1410 2492 Hinc
1433 2454 1506 2492 illis
1526 2454 1614 2491 falsa
1637 2453 1924 2501 testificantibus,
1941 2467 2011 2491 non
2033 2453 2139 2492 modo

1152 2529 1221 2553 non
1236 2516 1461 2568 superabant,
1469 2515 1531 2553 sed
1543 2529 1606 2553 nec
1620 2514 1789 2552 obsistere
1803 2514 2049 2563 valebant‚etsi
2062 2514 2140 2553 val-

1151 2577 1197 2615 de
1209 2577 1431 2629 impudentes
1447 2585 1577 2614 essent:
1593 2576 1645 2614 sic
1664 2575 1745 2612 illos
1757 2575 1895 2613 fortiter
1908 2574 2054 2625 devicit,
2075 2576 2140 2614 etsi

1150 2640 1262 2677 multa
1274 2637 1540 2689 incongruentia
1552 2637 1704 2674 facerent
1716 2639 1770 2684 (ut
1780 2645 1812 2673 et
1829 2649 1910 2686 erga
1925 2636 2137 2687 Christum),

1151 2715 1231 2739 cum
1245 2700 1362 2738 omnia
1373 2700 1527 2737 facerent
1537 2698 1690 2736 utillum
1701 2706 1815 2735 morte
1828 2697 2021 2748 afficerent,
2036 2698 2085 2735 ita
2099 2708 2140 2737 ut

1151 2761 1297 2800 demum
1315 2761 1436 2813 palam
1457 2768 1545 2798 esset
1558 2758 1741 2807 omnibus,
1760 2772 1830 2795 non
1853 2757 2048 2796 humanam
2066 2773 2140 2797 esse

1151 2836 1322 2875 pugnam,
1337 2821 1400 2860 sed
1415 2820 1483 2860 Dei
1502 2829 1622 2858 contra
1635 2819 1807 2857 homines.
1823 2818 2004 2870 Perpende
2020 2829 2139 2858 autem

1104 2885 1127 2915 Β
1153 2883 1243 2934 quid
1270 2882 1402 2921 faciant
1431 2882 1486 2920 illi
1514 2880 1669 2933 appositi
1696 2879 1779 2917 falsi
1802 2887 1909 2917 -testes
1937 2879 1982 2917 ah
2001 2879 2060 2927 iis,
2078 2880 2141 2931 qui

1151 2944 1378 2996 sanguinario
1395 2942 1513 2982 animo
1534 2943 1639 2980 illum
1657 2941 1693 2979 in
1715 2940 1907 2979 concilium
1932 2951 2136 2992 rapuerant.

1151 3006 1389 3044 Audivimus
1413 3005 1524 3043 illum
1556 3004 1746 3041 dicentem
1764 3003 1886 3039 verba
1913 3001 2139 3053 blasphema

1151 3075 1288 3105 contra
1305 3068 1485 3115 Moysem
1501 3078 1547 3102 ac
1562 3065 1702 3102 Deum.
1718 3063 1750 3100 Ο
1768 3061 1989 3113 impudentes
2002 3059 2011 3099 !
2021 3063 2138 3114 Opera

1151 3137 1273 3167 contra
1291 3129 1411 3165 Deum
1427 3125 1635 3178 blasphema
1655 3123 1785 3173 facitis,
1802 3131 1835 3160 et
1853 3136 1922 3160 non
1938 3122 2090 3172 curati53
2105 3133 2139 3161 et

1150 3190 1195 3228 de
1213 3190 1340 3242 Moyse
1355 3187 1499 3228 solliciti
1516 3200 1588 3225 esse
1603 3184 1807 3223 simulatis?
1820 3183 1907 3222 Ideo
1925 3184 2138 3236 proponitur

1130 3316 1162 3345 οὐ
1178 3318 1267 3354 μόνον
1284 3316 1436 3352 ἡττῶντο,
1455 3313 1522 3343 ἀλλ’
1541 3311 1614 3342 οὐδέ,
1635 3305 1697 3351 [1).
1717 3309 1890 3352 ’δικαστήρια
1912 3317 1972 3349 pro
2000 3309 2136 3346 δικαστή-

1130 3356 1220 3399 μοι]
