2502 3810
747 262 786 290 IN
827 260 967 290 EPIST.

101 346 233 382 λεῖσθαι
261 345 344 395 παρ’
368 343 505 395 ἑτέρου,
527 344 601 380 ἀλλ’
626 343 725 385 αὐτὸς
749 341 901 387 ἐπιπήδα
927 341 1038 391 τούτῳ
1061 340 1120 377 καὶ

100 405 295 457 κατάρχου·
320 404 409 441 οὕτω
428 403 496 456 γὰρ
515 403 573 442 καὶ
593 405 654 449 τῇς
679 401 806 441 ἐκείνου
835 401 951 454 φιλίας
978 401 1036 439 τὸν
1064 417 1120 451 μι-

101 465 179 503 σθὸν
198 464 382 516 καρπώσῃ.

90 619 105 634 2

152 645 273 684 Εἰπὼν
295 646 406 684 τοίνυν
425 645 487 693 τὴν
510 646 640 692 αἰτίαν,
663 647 705 683 δι’
739 645 781 691 ἣν
807 644 989 696 ὀφείλομεν
1012 641 1120 688 ἀλλή-

101 708 180 750 λους
199 708 320 758 φιλεῖν,
340 707 434 757 λέγει
463 707 523 745 καὶ
541 711 615 751 πῶς
635 707 674 744 ἂν
699 706 832 757 γένοιτο
851 705 894 742 τὰ
922 707 984 749 τῇς
1005 702 1119 755 φιλίας

101 767 268 814 ἀκίνητα·
292 767 342 805 διὸ
364 768 423 806 καὶ
447 768 588 818 ἐποίγει’
608 770 663 818 Ἰῇ
691 771 775 818 τιμῇ
808 764 978 811 ἀλλήλους
1006 779 1117 815 προη-

101 827 274 878 γούμενοι.
292 827 396 867 Οὕτω
416 829 482 880 γὰρ
503 829 598 880 φιλία
627 828 687 866 καὶ
702 827 855 879 γίνεται,
875 826 934 863 καὶ
955 824 1118 875 γινομένη

860 903 898 923 το
916 885 1120 929 σπουδάζειν

104 888 210 938 μένει.
228 889 297 927 Καὶ
319 890 413 928 οὐδὲν
434 889 651 941 οὕτωφίλους
667 894 777 935 ποιεῖ,
798 890 844 928 ὡς

102 954 144 1002 τῇ
165 953 251 1002 τιμῇ
277 958 373 1003 νικᾷν
395 951 450 989 τὸν
473 952 631 997 πλησίον.
657 952 709 989 Οὐ
726 949 868 1003 odia*
837 967 871 987 03
895 949 1009 998 μόνον,
1030 947 1121 985 ἀλλὰ

103 1011 161 1048 καὶ
178 1011 262 1061 τιμη
287 1012 451 1061 μείζοειν
437 1015 589 1050 ἐντεύθεν
605 1011 748 1060 γίνεται.
767 1010 824 1048 Τὰ
854 1009 915 1059 μὲν
934 1008 1001 1060 γὰρ
1021 1010 1119 1060 εἰρη-

102 1087 189 1120 μενα
210 1086 374 1125 προτερον
396 1073 464 1110 ἀπο
488 1075 549 1118 τῇς
569 1071 724 1123 ἀγάπης,
740 1075 761 1117 ἦ
782 1070 817 1107 δὲ
834 1069 953 1144 ἀγάπη
975 1068 1044 1106 ἀπὸ
1059 1071 1120 1113 τῇς

100 1136 229 1181 τιυῇς,
261 1132 380 1184 ὥσπερ
404 1137 462 1170 ουν
477 1133 536 1169 καὶ
567 1132 653 1182 τιμὴ
682 1131 750 1169 ἀπὸ
776 1147 837 1176 της
858 1130 1008 1181 ἀγάπης.
1030 1130 1072 1167 li'
1064 1145 1120 1166 ιτα

100 1191 156 1229 ι’να
189 1192 236 1242 μὴ
265 1209 421 1243 τιμωυ.εν
448 1193 563 1243 μόνον,
591 1208 650 1230 και
687 1191 801 1243 ἕτερόν
833 1207 866 1228 τι
898 1190 1003 1229 πλεον
1038 1192 1119 1228 ἐπι-

101 1254 196 1298 ζητεῖ
211 1252 343 1303 λέγων·
361 1255 416 1305 Τῇ
437 1254 569 1305 σπουδῇ
597 1252 644 1303 μὴ
673 1253 824 1304 ὀκνηροί.
861 1252 931 1289 Καὶ
964 1251 1031 1303 γὰρ
1059 1250 1119 1288 καὶ

100 1317 201 1352 τοῦτο
240 1314 379 1366 ἀγάπην
407 1315 539 1362 τίκτει,
567 1314 649 1353 ὅταν

100 1376 314 1427 προστασίας
340 1376 609 1426 ἐπιδειξώμεθα·
632 1376 727 1413 οὐδὲν
747 1375 815 1428 γὰρ
837 1374 943 1418 οὕτως
963 1378 1009 1417 ὡς
1033 1374 1117 1425 τιμὴ

102 1435 406 1488 καὶξπρόνοιαίτὸ
433 1438 608 1488 φιλεῖσθαι
641 1441 744 1474 ποιεῖ.
768 1437 821 1473 Οὐ
849 1436 915 1488 γὰρ
948 1439 1048 1488 ἀρκεῖ
1079 1436 1118 1472 τὸ

102 1497 224 1547 φιλεῖν,
254 1497 343 1534 ἀλλὰ
371 1498 421 1535 δεῖ
447 1497 507 1535 καὶ
540 1497 682 1535 τούτου·
705 1498 835 1548 μᾶλλον
868 1497 903 1534 δὲ
933 1497 993 1534 καὶ
1021 1501 1120 1536 τοῦτο

102 1560 141 1595 ἐκ
180 1561 240 1595 τοῦ
280 1559 389 1608 φιλεῖν
419 1558 567 1610 γίνεται,
602 1558 719 1609 ὥσπερ
750 1553 806 1596 οὖν
841 1558 899 1595 καὶ
932 1558 971 1595 τὸ
1008 1560 1118 1609 φιλεῖν

102 1617 172 1655 ἀπὸ
201 1618 321 1656 τούτου
357 1619 594 1669 θερμαίνεται,
616 1618 676 1656 καὶ
706 1618 864 1664 ἀλλήλων
904 1618 976 1655 ἐστὶ
1010 1634 1118 1655 κατα-

101 1679 324 1717 σκευαστικά.
347 1679 416 1716 Καὶ
441 1679 508 1730 γάρ
539 1681 604 1717 εἰσι
634 1678 756 1716 πολλοὶ
775 1678 866 1716 κατὰ
883 1677 1035 1716 διάνοιαν
1056 1677 1118 1728 μὲν

101 1741 297 1791 φιλοῦντες,
327 1739 479 1778 καὶ“οὐκ
508 1739 683 1790 ὀρέγοντες
705 1741 740 1777 δὲ
772 1745 886 1791 χεῖρα.
921 1738 989 1776 Διὰ
1019 1744 1118 1777 τοῦτο

100 1799 266 1837 πάντοθεν
286 1801 481 1850 ὃοῖκοδομεῖ
499 1800 561 1847 τὴν
588 1800 739 1852 ἀγάπην.
758 1800 827 1838 Καὶ
847 1802 919 1843 πῶς
944 1800 983 1837 ἂν
1006 1799 1118 1851 γενοί-

101 1864 188 1910 μεθα
208 1864 250 1912 τῇ
281 1862 412 1911 σπουδῇ
442 1861 490 1912 μὴ
522 1861 679 1913 ὀκνηροί,
700 1863 763 1914 ''sq''
782 1860 954 1911 πνεύματι
974 1861 1116 1906 ζεοντες.

99 1921 208 1973 εΟρᾶς
237 1937 311 1964 πως
347 1925 526 1974 πανταγοῦ
559 1922 620 1964 τὰς
643 1922 818 1964 ἐπιτάσεις
845 1924 963 1968 ζητεῖ;
978 1924 1030 1959 Οὐ
1052 1921 1119 1972 γὰρ

100 1986 195 2029 εἰπε,
217 1982 437 2031 μεταδίδοτε,
459 1983 574 2033 μόνον,
604 1982 690 2020 ἀλλὰ
711 1982 800 2033 μετὰ
819 1981 1021 2058 δριψιλείας,
1041 1981 1118 2018 ουδὲ

101 2041 330 2094 προίστασθε,
353 2043 442 2080 ἀλλὰ
474 2059 515 2093 με
503 2043 561 2080 ετὰ
581 2044 752 2090 σπουδῇς,
776 2042 850 2081 οὐδὲ
872 2045 1017 2088 ἐλεεῖτε,
1040 2043 1116 2080 ἀλλ’

100 2104 246 2154 ἱλαρῶς,
262 2103 336 2141 οὐδὲ
352 2110 494 2154 τιμᾶτε,
511 2103 599 2141 ἀλλὰ
614 2107 819 2156 προηγεῖσθε
831 2132 840 2149 ,
858 2102 934 2141 οὐδὲ
946 2105 1117 2153 ἀγαπᾶτε,

102 2165 178 2200 ἀλλ’
198 2165 437 2214 *ἀνυποκρίτως
450 2194 459 2210 ,
493 2164 568 2202 οὐδὲ
594 2163 766 2215 ἀπέχεσθε
790 2167 858 2201 τῶν
879 2166 1008 2210 κακῶν,
1029 2163 1119 2201 ἀλλὰ

101 2230 250 2274 μισεῖτε,
272 2224 349 2263 οὐδὲ
376 2225 493 2276 ἔχεσθε
515 2227 584 2262 τῶν
621 2227 771 2275 ἀγαθῶν,
804 2224 894 2262 ἀλλὰ
926 2226 1115 2270 κολλᾶσθε,

99 2284 175 2322 οὐδὲ
199 2286 349 2336 φιλεῖτε,
380 2285 469 2323 ἀλλὰ
494 2285 726 2338 φιλοστόργως
745 2315 754 2332 ,
781 2284 857 2322 οὐδὲ
880 2284 1091 2328 σπουδάζετε
1107 2313 1117 2330 ,

98 2344 188 2382 ἀλλὰ
208 2345 255 2395 μὴ
279 2347 451 2397 ὀκνηρῶς,
472 2345 549 2383 οὐδὲ
568 2346 607 2384 τὸ
629 2350 767 2395 πνεῦμα
787 2345 906 2396 ἔχετε,
931 2345 1020 2383 ἀλλὰ
1045 2344 1117 2388 ζέον

97 2405 137 2444 τὸ
153 2410 309 2457 πνεῦμα,
328 2406 518 2457 τουτέστιν,
541 2406 599 2444 ἵνα
617 2400 678 2452 ἦτε
707 2405 828 2458 θερμοὶ
847 2406 906 2443 καὶ
933 2406 1118 2459 διεγηγερ-

99 2465 206 2515 μένοι.
227 2466 313 2505 Ἐὰν
335 2466 411 2519 ’γὰρ
440 2468 554 2505 ἐκεῖνα
576 2466 660 2518 ἔχῃς
685 2465 730 2504 τὰ
750 2466 1009 2518 προειρημένα,
1039 2468 1117 2505 ἐπι-

97 2526 214 2579 σπάσῃ
232 2528 270 2566 τὸ
283 2534 438 2579 πνεῦμα·
460 2528 518 2566 ἐὰν
536 2529 622 2580 μένῃ
636 2532 737 2566 τοῦτο
751 2528 847 2579 παρὰ
863 2528 935 2575 σοὶ,
956 2528 1016 2566 καὶ
1033 2528 1118 2579 πρὸς

97 2589 211 2626 ἐκεῖνά
246 2605 285 2626 σε
317 2590 499 2627 σπουδαῖον
516 2589 727 2641 ξέργάσεται,
749 2589 807 2625 καὶ
840 2588 956 2625 πάντα
990 2588 1118 2626 εὔκολα

97 2649 166 2687 ἀπὸ
180 2652 238 2687 τοῦ
255 2649 449 2700 πνεύματος
468 2649 525 2687 καὶ
537 2652 598 2694 τῇς
614 2649 752 2700 ἀγάπης
769 2649 884 2695 ἔσται,
903 2648 1116 2700 ἑκατέρωθέν

96 2725 157 2748 σου
172 2711 434 2764 πεπυρωμένου.
456 2713 534 2762 Οὐχ
552 2714 632 2762 ὁρᾷς
650 2709 727 2753 τοὺς
746 2709 889 2761 ταύρους
908 2708 985 2752 τοὺς
1006 2708 1117 2760 φλόγα

43 2793 48 2798 ·
97 2770 154 2808 ἐπὶ
170 2776 229 2809 τοῦ
255 2771 363 2809 νώτου
385 2771 569 2824 φέροντας,
592 2773 665 2813 πῶς
685 2769 790 2807 πᾶσίν
820 2771 905 2806 εἰσιν
929 2768 1115 2820 ἀφόρητοι,

96 2830 201 2869 Οὕτω
219 2832 278 2869 καὶ
303 2831 342 2870 σὺ
361 2835 410 2884 τῷ
431 2830 581 2883 διαέόλῳ
599 2831 770 2883 ἀφόρητος
790 2829 850 2881 ἔσῃ
863 2859 872 2876 ,
893 2828 932 2866 ἂν
950 2829 1115 2880 ἑκατέραν

94 2892 205 2943 >toi-3²03
226 2891 288 2938 τὴν
322 2893 443 2944 φλόγα.
467 2894 529 2944 Τῷ
563 2891 682 2943 Κυρίῳ
715 2890 942 2932 δουλεύοντες.
963 2889 1030 2926 Διὰ
1050 2888 1117 2942 γὰρ

93 2952 222 2990 τούτων
250 2953 412 2991 ἇπάντὼν
437 2952 525 3001 ἔστίῗζ
541 2954 721 2990 δουλεῦσαι
739 2955 788 3003 τῷ
808 2953 902 3003 Θεῷ.
923 2950 1022 2988 υΟσα
1048 2951 1116 3003 γὰρ

95 3012 134 3049 ἂν
154 3013 301 3065 ποιήσῃς
315 3017 360 3057 εἷς
376 3015 434 3052 τὸν
452 3014 610 3065 ἀδελφὸν,
629 3016 675 3056 εἷς
691 3012 748 3050 τὸν
765 3011 946 3057 Δεσπότην
963 3026 1024 3048 σου
1044 3011 1116 3047 δια-

97 3073 206 3110 Εαίνει
219 3090 226 3097 ·
250 3075 308 3112 καὶ
331 3079 377 3119 ὡς
397 3075 495 3118 αὐτὸς
523 3070 559 3113 εὖ
579 3074 779 3122 πεπονθὼς,
799 3073 888 3112 οὕτω
907 3088 961 3110 σοι
977 3073 1034 3110 τὸν
1053 3087 1115 3121 μι-

99 3133 176 3170 σθὸν
195 3134 374 3183 λογιεῖται.
406 3129 504 3178 Εἶδες
529 3138 594 3173 ποῦ
622 3135 662 3173 τὸ
681 3135 842 3186 φρόνημα
870 3133 1116 3183 ἀνήνεγκετοῖῖ

99 3197 208 3230 ταῦτα
227 3194 473 3244 ἐργαζομένου,
493 3189 582 3233 Εἶτα
612 3194 743 3239 δεικνὺς
772 3197 846 3237 πῶς
878 3193 917 3231 ἂν
949 3192 1116 3244 ἀναφθείη

150 3321 162 3335 ’”
180 3321 285 3362 [μετὰ
308 3327 359 3357 τῆς
376 3322 497 3358 σπουδῆς
511 3320 547 3352 Α.
562 3327 595 3351 ct
608 3331 710 3363 marg.
729 3319 846 3362 savit]

151 3382 162 3395 a
188 3370 333 3411 Quidam
351 3371 424 3402 Mss.
441 3376 594 3413 οἰκονομεῖ.
615 3371 731 3412 [Paulo
748 3379 824 3404 ante
842 3373 876 3403 A.
894 3375 1044 3416 ὀρέγοντες
1062 3373 1090 3403 2¹:
1106 3399 1112 3411 ‚

1008 259 1066 287 AD
1101 258 1209 287 ROM.

684 1316 701 1333 *
719 1313 807 1365 μετὰ
837 1317 899 1360 τῇς
928 1315 1033 1363 τιμῇς
1060 1312 1119 1350 καὶ
1161 1361 1165 1364 ¹

1250 259 1405 288 nomn.
1448 259 1540 288 XXI.

2086 243 2176 303 7¹³9

1194 339 1269 377 sine
1288 339 1385 390 dolo,
1420 338 1479 377 sed
1506 352 1574 376 non
1587 338 1762 376 ferventer
1783 336 1907 374 amas?
1935 336 2176 383 Quamobrem

1191 399 1299 448 dixit,
1320 403 1491 438 Invicem
1513 400 1716 451 diligentes
1728 414 1743 443 ,-
1765 398 1801 435 id
1823 407 1873 436 est
1889 413 1896 433 ε
1915 398 2107 436 Ferventcr
2121 397 2175 434 di-

1191 459 1272 510 lige.
1297 461 1350 497 Ne
1375 468 1552 511 exspectes
1573 468 1612 496 ut
1643 458 1805 509 diligaris
1835 458 1880 495 ab
1902 457 2028 508 altero,
2053 457 2112 494 sed
2136 466 2173 495 tu

1192 519 1309 571 potius
1328 520 1374 557 ad
1388 520 1492 558 illum
1508 519 1631 571 prosili
1658 528 1691 556 et
1713 518 1850 570 incipe:
1871 517 1920 555 sie
1939 518 2045 555 etiam
2065 517 2176 569 ipsius

1191 580 1390 618 dilectionis
1409 579 1606 618 mercedem
1619 579 1778 630 recipies.

1244 643 1281 679 5.
1306 642 1396 678 Cum
1411 641 1560 678 dixisset
1572 655 1653 691 ergo
1667 654 1808 677 causam
1824 653 1886 676 cur
1901 639 2072 676 debemus
2088 638 2176 676 alter

1189 701 1341 738 alterum
1365 702 1532 752 diligere,
1561 701 1647 738 dicit
1677 700 1782 737 etiam
1811 714 1880 749 quo
1904 709 2005 750 pacto
2030 699 2176 736 dilectio

1190 772 1308 799 nostra
1332 762 1476 799 immota
1493 770 1630 798 maneat
1656 776 1663 796 ε
1685 759 1762 796 idco
1782 760 1965 810 subjungit
1985 775 1992 795 :
2017 762 2176 797 Honore

1191 826 1356 860 invicem
1379 824 1666 874 prcevenientes.
1686 821 1739 856 Ita
1763 819 1854 856 enim
1887 819 2029 856 dilectio
2054 829 2086 856 et
2113 834 2175 856 na-

1191 883 1323 931 scitur,
1347 892 1380 920 et
1407 891 1525 934 postca
1546 888 1763 932 perseverat.
1784 878 1884 915 Nihil
1906 888 1995 915 certe
2021 880 2069 916 ita
2091 879 2176 916 tacit

1191 943 1377 989 amicos,ut
1389 942 1418 979 si
1430 941 1636 979 studeamus
1655 939 1859 990 proximum
1873 938 2078 976 honorando
2092 939 2176 978 vin-

1146 1004 1169 1033 Β
1191 1017 1278 1039 cere.
1302 1004 1376 1039 Nec
1400 1001 1544 1038 dileetio
1563 1009 1698 1036 tantum
1712 1029 1724 1044 ,
1746 998 1808 1035 sed
1832 998 1936 1035 ctiam
1961 998 2074 1035 honor
2093 998 2176 1035 inde

1191 1064 1305 1115 major
1331 1061 1460 1101 evadit.
1480 1063 1571 1099 Nam
1591 1075 1668 1110 quae
1698 1059 1797 1111 prius
1816 1058 1912 1096 dicta
1940 1067 2023 1095 sunt
2041 1073 2062 1095 a
2082 1058 2175 1096 dile-

1190 1124 1303 1161 ctione
1324 1131 1530 1171 nascuntur,
1554 1121 1699 1159 dilectio
1720 1129 1839 1158 autem
1857 1120 1902 1156 ab
1920 1119 2073 1166 honore,
2090 1127 2128 1156 ut
2144 1128 2178 1156 ct

1189 1185 1303 1222 honor
1321 1199 1342 1222 a.
1368 1183 1568 1221 dilectione.
1591 1181 1730 1220 Deinde
1752 1190 1792 1218 ut
1817 1195 1886 1218 non
1913 1189 2052 1218 tantum
2072 1179 2178 1217 modo

1190 1246 1405 1283 honoremus
1418 1274 1428 1293 ,
1472 1242 1575 1280 aliud
1608 1241 1795 1293 quidpiam
1828 1240 1982 1292 amplius
2022 1240 2176 1291 expetit:

1191 1310 1206 1345 ‘l
1222 1312 1252 1347 1.
1272 1308 1542 1346 Sollicitzcdine
1562 1320 1638 1343 non
1651 1307 1764 1356 pigri.
1781 1305 1872 1342 Nam
1892 1313 1925 1341 et
1938 1304 2005 1341 hoc
2016 1303 2178 1340 dilectio-

1190 1386 1269 1409 nem
1288 1370 1394 1423 parit,
1414 1369 1556 1420 quando
1576 1383 1657 1406 cum
1676 1369 1807 1405 honore
1822 1366 2057 1419 patrocinium
2077 1365 2177 1403 exhi-

1187 1432 1337 1470 bemus:
1357 1432 1448 1468 nihil
1467 1431 1561 1468 enim
1579 1430 1628 1467 ita
1646 1429 1873 1466 dilectionem
1888 1428 1993 1480 palit,
2009 1437 2048 1464 ut
2063 1427 2176 1464 honor

1188 1501 1223 1531 et
1235 1492 1485 1544 patrocinium.
1499 1492 1580 1529 Non
1593 1490 1686 1528 enim
1702 1489 1785 1527 satis
1795 1498 1847 1526 est
1863 1488 2023 1539 diligere,
2034 1487 2091 1525 sed
2110 1487 2177 1524 hoc

1189 1553 1296 1590 etiam
1324 1551 1548 1600 addcndum3
1568 1550 1639 1587 imo
1675 1549 1792 1601 potius
1817 1542 1886 1585 hoc
1913 1562 1958 1585 ex
1985 1547 2177 1585 dilectione

1145 1629 1168 1659 C
1189 1614 1364 1666 gignitui,
1385 1622 1423 1650 ut
1439 1622 1473 1650 et
1492 1581 1636 1650 dilectio
1652 1612 1697 1649 ab
1716 1611 1783 1648 hoc
1800 1610 1860 1648 sos
1864 1619 1955 1659 etur,
1977 1619 2010 1647 et
2029 1619 2178 1660 unaque

1190 1689 1262 1713 sese
1275 1683 1399 1711 mutuo
1415 1673 1738 1710 confirmant.Nam
1755 1671 1859 1708 multi
1876 1639 1958 1708 suni
1977 1670 2038 1720 qui
2058 1669 2177 1707 animo

1190 1736 1336 1786 quidem
1351 1743 1490 1781 amant,
1508 1723 1571 1771 nec
1588 1747 1733 1770 manum
1751 1731 1953 1784 porrigunt.
1975 1731 2058 1769 Ideo
2072 1730 2178 1768 undi-

1189 1811 1258 1847 que
1272 1795 1497 1834 dilectionem
1516 1794 1657 1832 excitat.
1671 1793 1720 1830 Et
1737 1791 1913 1843 quomodo
1927 1792 2059 1830 erimus
2074 1791 2176 1829 solli—

1189 1857 1344 1894 citudine
1360 1870 1429 1893 non
1443 1855 1539 1908 pigri
1550 1855 1717 1906 PSpiritzc
1732 1852 2074 1905 ferveiztes.Viden'
2094 1867 2179 1902 quo-

1189 1917 1294 1956 modo
1314 1917 1447 1967 ubique
1465 1915 1727 1954 vehementiam
1744 1914 1928 1965 requirat?
1948 1915 2069 1964 Neque
2083 1913 2179 1952 enim

1188 1978 1296 2028 dixit,
1313 1979 1417 2025 Date,
1437 1986 1596 2025 tantum3
1615 1974 1676 2014 sed
1688 1974 1844 2024 addidit,
1860 1974 2045 2025 Largiter3
2064 1989 2176 2024 neque

1190 2038 1465 2077 patrocinamini
1490 2037 1627 2087 solum,
1659 2035 1720 2074 scd
1746 2045 1780 2074 et
1805 2049 1887 2073 cum
1914 2034 2176 2083 sollicitudine;

1190 2114 1303 2150 neque
1325 2098 1548 2137 Miseremini
1576 2106 1740 2146 tantum,
1770 2096 1832 2133 sed
1858 2095 1965 2133 etiam
1996 2095 2180 2143 hilariter;

1190 2176 1303 2212 neque
1324 2161 1500 2198 Honorate
1520 2160 1650 2208 solum,
1672 2158 1784 2199 sedet
1801 2157 2095 2209 patrocinamini3
2118 2170 2182 2193 nec

1193 2222 1345 2273 Diligite
1364 2220 1482 2270 modo,
1495 2219 1557 2257 sed
1573 2219 1647 2257 sine
1666 2218 1913 2266 simulatione3
1936 2231 2049 2267 neque
2066 2217 2182 2254 Absti-

1190 2291 1267 2320 nete
1282 2297 1301 2319 a
1322 2281 1439 2328 malis,
1465 2279 1526 2317 sed
1542 2289 1576 2317 et
1594 2279 1677 2317 odio
1695 2279 1822 2315 habete
1836 2293 1848 2327 5
1871 2291 1983 2328 neque
1997 2277 2184 2315 Adhaerctc

1190 2345 1306 2382 solum
1325 2342 1430 2380 bonis
1443 2373 1452 2388 ‚
1473 2341 1534 2379 sed
1558 2350 1591 2378 et
1623 2338 1919 2391 conglutinemini
1934 2354 1945 2388 5
1968 2353 2080 2389 neque
2100 2348 2183 2376 tan-

1186 2402 1266 2442 tum
1286 2403 1450 2455 Diligite,
1473 2401 1534 2440 sed
1557 2415 1639 2439 cum
1663 2400 1809 2438 amabili
1829 2399 2019 2451 complexu
2032 2415 2044 2449 5
2071 2413 2183 2450 neque

1190 2467 1340 2506 Studete
1356 2496 1367 2516 ,
1398 2464 1461 2503 sed
1480 2464 1588 2502 etiam
1616 2477 1685 2500 non
1717 2462 1843 2514 pigre,
1872 2476 1985 2512 neque
2006 2461 2183 2513 Spiritum

1189 2530 1328 2578 habete,
1349 2528 1412 2566 sed
1430 2527 1597 2579 spiritum
1616 2527 1811 2563 ferventem
1822 2540 1832 2573 ;
1852 2523 1890 2561 id
1903 2533 1965 2572 est,
1986 2533 2023 2561 ut
2041 2524 2119 2561 sitis
2132 2539 2184 2560 ar-

1188 2590 1310 2628 dentes
1329 2599 1362 2627 et
1381 2587 1558 2626 concitati.
1580 2588 1672 2624 Nam
1694 2585 1722 2622 si
1742 2584 1912 2636 praedicta
1942 2585 2005 2621 illa
2026 2585 2157 2622 habeas
2172 2614 2181 2629 ‚

1160 2670 1162 2673 ’
1189 2652 1356 2703 spiritum
1378 2649 1533 2687 attrahes
1550 2664 1557 2684 :
1575 2647 1603 2684 si
1626 2647 1703 2683 haec
1729 2644 1826 2697 apud
1846 2654 1878 2682 te
1895 2654 2121 2693 maneant,te
2136 2644 2182 2681 ad

1188 2712 1250 2748 illa
1280 2710 1478 2748 studiosum
1506 2707 1743 2753 constituent,
1766 2705 1954 2755 omniaque
1970 2704 2036 2742 tibi
2058 2705 2176 2743 facilia

1189 2786 1208 2808 a
1232 2771 1362 2823 spiritu
1383 2778 1415 2806 et
1439 2767 1627 2805 dilectione
1655 2765 1870 2812 reddentur,
1897 2779 1979 2802 cum
2010 2765 2178 2815 utrinque

1188 2831 1352 2868 incensus
1372 2829 1453 2867 eris.
1474 2830 1553 2866 Non
1569 2825 1672 2865 vides
1691 2835 1811 2863 tauros
1825 2826 2008 2862 flammam
2021 2825 2057 2862 in
2074 2825 2180 2863 dorso

1190 2900 1386 2942 gestantes,
1411 2886 1588 2939 quomodo
1611 2886 1683 2923 sint
1713 2885 1878 2923 omnibus
1913 2885 2182 2923 intolerabiles?

1142 2956 1165 2985 E-
1190 2953 1242 2989 Ita
1266 2961 1299 2988 et
1323 2960 1361 2988 tu
1389 2948 1533 2986 diabolo
1557 2945 1790 2984 intolerabilis
1821 2946 1909 2992 eris,
1938 2946 1966 2983 si
1997 2955 2182 2996 utramque

1190 3010 1372 3048 flammam
1388 3006 1579 3058 acceperis.
1600 3007 1769 3042 Domino
1782 3007 2003 3042 servientes.
2026 3005 2094 3041 Pcr
2107 3005 2182 3041 haec

1190 3070 1285 3108 enim
1296 3068 1413 3106 omnia
1427 3069 1502 3105 Deo
1520 3065 1651 3103 servire
1673 3073 1782 3116 potes.
1804 3063 1991 3114 Quidquid
2008 3063 2100 3100 enim
2117 3078 2183 3115 pro

1191 3133 1298 3169 fratre
1326 3129 1461 3177 seceris,
1478 3127 1526 3165 ad
1554 3125 1752 3164 Dominum
1783 3134 1887 3162 tuum
1902 3124 2095 3176 pertransit
2112 3141 2119 3161 :
2149 3134 2182 3163 ct

1191 3190 1290 3242 quasi
1312 3190 1384 3242 ipse
1398 3186 1611 3226 beneficium
1632 3184 1819 3236 acceperit,
1836 3185 2035 3223 mercedem
2052 3185 2115 3223 tibi
2129 3200 2186 3223 rc-

1180 3325 1212 3350 ct.
1228 3327 1325 3360 supra
1344 3318 1583 3359 διαθερμαίνεται
1599 3323 1661 3355 pro
1680 3312 1898 3357 Uipstani-usuc]
