2466 3805
710 220 751 248 IN
789 219 905 248 ACTA
946 216 1294 247 APOSTOLORUM.

116 298 241 341 αὐτοῖς.
266 302 430 352 Καθάπερ
452 303 484 338 ἐν
501 299 592 349 οἰκίᾳ
608 302 760 350 πατρικῆ
781 299 847 336 υἱοὶ
863 298 1024 348 ὁμότιμοι
1044 297 1129 334 πάν-

115 373 189 405 τες,
204 359 291 397 οὕτω
310 361 481 400 διέκειντο.
503 361 579 397 Οὐκ
607 359 655 396 ἔνι
684 359 750 410 γὰρ
777 361 899 406 εἰπεῖν,
918 358 971 396 ὅτι
991 358 1129 410 ἔτρεφον

116 417 176 467 μὲν
192 419 269 463 τοὺς
289 421 410 464 ἄλλους
424 438 430 445 ·
446 423 492 462 ὡς
512 418 546 462 ἐξ
569 418 663 456 ἰδίων
682 418 716 456 δὲ
736 419 937 471 τρέφοντες,
956 418 1044 457 οὕτω
1064 418 1125 456 διέ-

114 493 237 517 κειντο.
254 481 359 519 Ἀλλὰ
378 483 413 518 τὸ
433 479 631 529 θαυμαστὸν
650 479 749 516 τοῦτό
778 481 885 527 ἐστιν,
914 479 970 517 ὅτι
1001 480 1131 516 ἑαυτῶν

115 539 371 587 ἀποστήσαντες
387 539 432 578 τὰ
448 540 660 592 πράγματα,
682 540 788 583 οὕτως
809 540 961 592 ἔτρεφον,
985 539 1042 577 ἵνα
1060 555 1132 589 μη-

115 599 188 638 κέτι
203 603 249 646 ὡς
272 603 306 648 ἐξ
322 602 427 651 ῗδίων,
443 602 522 640 ἀλλ’
538 604 584 644 ὡς
600 604 639 639 ἐκ
657 605 804 639 ςκοινῶν
819 601 956 653 τρέφειν
973 602 1131 639 δοκῶσιν.

114 659 220 698 ”Οσοι
251 662 286 701 δὲ
318 662 481 713 κτήτορες
508 661 646 714 χωρίων
665 661 686 706 ἢ
707 664 824 700 οἰκιῶν
853 664 1023 713 ὑπῆρχον,
1055 675 1129 697 πω-
1155 674 1177 702 Ε

115 721 248 764 λοῦντες
280 722 398 774 ἔφερον
427 722 489 765 τὰς
509 723 614 773 τιμὰς
641 724 710 759 τῶν
735 721 1042 774 πιπρασκομένων,
1072 720 1131 758 καὶ

114 780 268 819 ἐτίθεσαν
286 783 381 834 παρὰ
405 783 482 825 τοὺς
502 782 610 824 πόδας
633 785 703 818 τῶν
715 777 936 820 ἀποστόλων.
958 780 1133 818 Διεδίδοτο

115 840 149 879 δὲ
172 842 308 894 ἑκάστῳ
323 843 441 881 καθότι
461 843 501 880 ἄν
521 859 572 884 τις
590 842 710 894 χρείαν
731 836 815 892 εἶχε.
841 841 962 887 Πολλὴ
983 844 1004 886 ἡ
1025 840 1132 890 τιμὴ,

116 902 148 938 εἴ
160 918 199 952 γε
218 903 265 952 μὴ
287 905 333 946 εἷς
348 909 487 955 χεῖρας,
508 902 598 940 ἀλλὰ
619 901 716 954 παρὰ
735 901 811 944 τοὺς
834 901 941 943 πόδας
958 902 1026 937 τῶν
1047 902 1132 937 ἀπο·

116 962 246 1001 στόλων
264 964 404 1002 ετίθουν,
422 966 546 1009 Ἰωσῆς
569 962 603 1000 δὲ
620 966 637 1000 ὃ
657 962 854 1008 ἐπικληθεις
868 961 1080 1013 Βαρνάὸας
1068 976 1135 998 υπο

115 1027 183 1061 τῶν
204 1024 454 1070 ἀποστόλων,
434 1041 452 1062 ο
472 1027 545 1061 ἐστι
566 1021 917 1074 μεθερμηνευόμενον,
932 1022 1003 1063 υἱὸς
1022 1035 1134 1072 παρα-

117 1085 282 1131 κλήσεως.
314 1087 368 1122 Οὐ
397 1086 489 1122 δοκεῖ
525 1098 582 1120 μοι
611 1086 708 1125 οὗτος
736 1085 862 1125 ἐκεῖνος
893 1085 980 1120 εἰναι
1003 1084 1020 1118 ὁ
1049 1080 1137 1132 μετὰ

115 1144 288 1182 Ματθίου
310 1147 435 1187 ἐκεῖνος
453 1143 519 1195 γὰρ
539 1159 598 1181 και
617 1143 741 1189 Ἰωσῆς
756 1142 894 1194 ελέγετο
913 1141 972 1179 καὶ
991 1144 1135 1195 Βαρσα-

118 1204 199 1252 ὅᾶς,
233 1203 373 1257 ὕστερον
402 1203 436 1242 δε
467 1203 642 1250 επεκλήθη
675 1203 733 1241 καὶ
768 1203 936 1246 Ἰουστος·
970 1206 1066 1247 οὗτος
1103 1202 1138 1241 δὲ

2160 197 2180 211 μ

1336 215 1496 245 MOMIL.
1536 214 1600 243 XI.
2098 215 2180 242 103

1204 304 1260 333 ter
1291 296 1393 334 illos.
1414 295 1514 334 Sicut
1537 294 1573 332 iu
1594 302 1738 346 paterna
1762 293 1867 331 domo
1888 293 1954 330 lilii
1973 307 2092 331 omues
2108 295 2184 345 pari

1203 365 1284 395 sunt
1312 356 1464 403 honore,
1500 355 1550 393 sic
1579 354 1632 393 illi
1665 353 1782 393 affecti
1812 362 1924 390 erant.
1949 355 2027 391 Non
2059 354 2188 392 licebat

1201 417 1297 455 enim
1318 417 1455 466 dicere,
1477 416 1574 468 quod
1588 416 1676 455 alios
1695 415 1914 463 enutrirent3
1935 428 1975 451 ac
1994 414 2023 451 si
2043 428 2088 452 ex
2116 415 2187 452 suis

1206 477 1286 516 illos
1305 478 1507 525 nutrirent,
1530 478 1580 515 sic
1600 476 1717 515 affecti
1737 484 1847 515 erant.
1868 474 1939 513 Sed
1957 474 2023 512 hoc
2044 483 2095 512 est
2114 476 2187 512 mi—

1203 538 1333 586 rabile,
1354 538 1452 589 quod
1470 538 1575 576 rebus
1595 537 1667 576 suis
1686 536 1863 589 sepositis,
1901 535 1950 574 ita
1968 535 2186 585 nutriebant,

1203 611 1247 635 ne
1282 612 1327 636 ex
1355 599 1427 636 suis
1448 628 1459 648 ,
1489 598 1549 636 sed
1577 612 1621 636 ex
1658 598 1906 636 communibus
1935 598 1981 636 ali
2015 598 2185 637 videren—

1204 667 1270 696 tur.
1291 660 1483 710 Quotquot
1511 668 1640 697 autem
1667 672 1899 710 possessores
1924 673 2105 712 agrorum
2124 659 2192 696 vel

1202 720 1403 757 domorum
1436 729 1570 767 erant,
1608 721 1819 758 vendentes
1849 722 2073 773 asserebant
2107 733 2191 771 pre-

1203 782 1259 816 tia
1290 794 1434 825 eorum,
1468 794 1552 831 quoe
1583 781 1813 817 vendebant.
1836 782 1897 819 55.
1922 783 1975 819 Et
1998 783 2193 832 ponebant

1203 848 1296 878 ante
1324 841 1438 891 pedes
1470 841 1745 891 apostolorum.
1780 842 2043 880 Dividebatur
2064 851 2194 880 autem

1204 901 1385 951 singulis,
1402 909 1516 951 prout
1530 902 1667 952 cuique
1682 914 1775 951 opus
1789 910 1883 938 erat.
1901 903 2054 952 Magnus
2066 902 2192 948 honor,

1204 959 1300 1010 quod
1332 974 1401 998 non
1431 960 1468 997 in
1491 974 1636 1010 manus,
1669 960 1730 998 sed
1751 961 1798 998 ad
1828 961 1934 1012 pedes
1955 962 2192 1013 apostolorum

1206 1030 1386 1072 ponerent.
1403 1022 1467 1059 56.
1487 1022 1634 1073 Joseph
1648 1030 1798 1068 autem,
1822 1024 1889 1074 qui
1903 1025 2196 1073 cognominatus

1180 1132 1183 1135 Ι
1205 1091 1261 1120 est
1278 1084 1486 1120 Barnabas
1505 1085 1553 1120 ab
1577 1084 1785 1134 apostolis,
1809 1085 1914 1135 quod
1937 1092 1993 1122 est
2012 1086 2197 1135 interpre-

1207 1151 1332 1180 tatum
1349 1173 1359 1189 ‚
1375 1143 1492 1196 filias
1513 1144 1802 1181 consolationis.
1834 1144 1914 1182 Non
1945 1144 2088 1183 videtur
2108 1144 2197 1182 mihi

1206 1204 1265 1241 hic
1281 1204 1342 1242 ille
1358 1219 1443 1251 esse,
1458 1205 1522 1255 qui
1536 1219 1619 1242 cum
1633 1205 1787 1243 Matthia
1801 1221 1808 1241 :
1826 1205 1886 1243 ille
1900 1220 2053 1256 namque
2063 1207 2195 1259 Joseph

115 1265 320 1316 Raphieus,
351 1266 420 1307 υἷος
444 1264 651 1317 παρακλησε
654 1281 717 1311 ως,
747 1263 814 1302 ὕπο
840 1281 909 1302 των
937 1263 1139 1302 ἀποστόλων
1155 1293 1185 1318 9,
1207 1266 1408 1303 vocabatur
1440 1266 1635 1316 Barsabas,
1660 1275 1781 1318 postea
1813 1281 1897 1305 vero
1933 1267 2198 1319 cognominatus

115 1326 360 1377 ἐπωνομάσθη.
378 1325 447 1363 Καὶ
463 1327 556 1363 δοκεῖ
572 1342 631 1376 μοι
653 1325 722 1363 ἀπὸ
738 1328 800 1371 τῆς
816 1326 943 1376 ἀρετῆς
962 1324 1140 1376 εἰληφέναι
1163 1330 1187 1359 Α
1207 1335 1258 1363 cst
1278 1327 1403 1366 Justus
1420 1341 1429 1374 3
1448 1326 1508 1364 hic
1527 1341 1611 1365 vero
1643 1327 1844 1377 Barnabas,
1874 1327 1972 1365 filius
1992 1328 2199 1366 consolatio·

115 1387 154 1424 τὸ
173 1387 301 1437 ὄνομα,
334 1389 380 1429 ὡς
399 1386 484 1439 πρὸς
515 1389 615 1423 τοῦτο
645 1385 763 1428 ἱκανὸς
787 1384 835 1424 ὢν
855 1385 913 1422 καὶ
933 1385 1140 1432 ἐπιτήδειος.

119 1446 278 1494 Λευίτης,
295 1447 449 1498 Κύπριος
468 1449 516 1499 τῷ
535 1445 646 1498 γένει,
668 1445 882 1497 ὑπάρχοντος
900 1447 992 1496 αὐτῷ
1014 1448 1118 1496 ἀγροῦ
1130 1475 1141 1492 ,

117 1508 283 1554 πωλήσας
301 1508 424 1560 ἤνεγκε
441 1509 479 1546 τὸ
498 1510 622 1560 χρῆμα
636 1537 646 1555 ,
667 1507 726 1544 καὶ
742 1507 844 1554 ἔθηκε
865 1507 962 1559 παρὰ
980 1506 1058 1550 τοὺς
1077 1506 1141 1545 πό-

119 1569 178 1612 δας
192 1570 260 1606 τῶν
275 1573 290 1588 ³
302 1567 517 1607 ἀποστόλων.

175 1750 351 1789 Ἐνταῦθα
372 1766 430 1802 μοι
450 1751 670 1804 παρατήρει,
687 1754 761 1795 πῶς
780 1751 930 1789 δείκνυσι
954 1768 1010 1790 τον
1040 1752 1143 1803 νόμον

121 1813 297 1861 λυόμενον,
321 1811 381 1850 καὶ
409 1828 482 1855 πως
508 1828 614 1864 φησι,
644 1812 791 1859 Λευίτης
821 1813 881 1859 ὢν,
909 1813 1065 1864 Κύπριος
1087 1817 1140 1860 ἠν.

122 1871 206 1910 ἰΌτι
223 1873 342 1910 λοιπον
369 1888 428 1910 και
457 1888 694 1923 μετοικουντες
719 1873 952 1924 ἐχρημάτιζον
980 1876 1137 1911 Λευῖται.

121 1932 215 1970 Ἀλλ’
236 1933 362 1983 ἴδωμεν
379 1933 507 1970 ἄνωθεν
530 1933 574 1970 τὰ
597 1934 775 1984 εἰρημένα.
794 1933 1037 1978 Ἀπολυθέντες
1052 1964 1061 1980 ,
1080 1950 1143 1986 φη-

122 1994 188 2041 σὶν,
205 1989 307 2040 ἦλθον
322 1994 407 2044 πρὸς
422 1993 500 2037 τοὺς
517 1994 620 2037 ἰδίους
631 2025 639 2041 ,
660 1995 720 2032 καὶ
739 1995 956 2047 ἀπήγγειλαν
975 1995 1041 2034 ὅσα
1056 1996 1141 2047 πρὸς

1043 2055 1140 2108 υΟρα

122 2115 160 2152 τὸ
180 2115 307 2167 ἄτυφον
333 2131 402 2152 των
431 2114 646 2162 ἀποστόλων,
670 2115 728 2152 καὶ
751 2131 814 2162 την
849 2116 1063 2167 φθοσοφίαν.
1087 2118 1139 2154 Οὐ

122 2054 243 2097 αυῗῦυς
260 2070 291 2092 Οι
320 2056 490 2106 ἀρχιερεῖς
510 2054 569 2092 καὶ
593 2070 624 2093 Ob
654 2054 884 2107 πρίσὸυτερῡῑ
911 2049 1018 2093 Εἶπον.

122 2175 355 2224 περιελθόντες
379 2175 584 2226 ἐκόμπασαν
606 2191 665 2212 και
684 2179 792 2223 εἶπον,
805 2192 878 2218 πως
895 2176 1140 2228 ἀπεχρήσαντο

121 2242 190 2280 τοῖς
221 2239 382 2287 ἱερευσιν,
410 2234 487 2273 οὐδὲ
518 2236 808 2287 ἐφιλοτιμησαντο
848 2252 891 2287 τῃ
921 2237 1138 2289 ἀπαγγελίᾳ,

122 2297 197 2333 ἀλλ’
214 2297 333 2339 ἁπλῶς
352 2296 504 2338 ἐλθόντες
517 2326 526 2343 ,
552 2296 640 2347 ἅπερ
659 2295 810 2342 ἤκουσαν
834 2296 930 2348 παρὰ
948 2300 1016 2335 τῶν
1049 2313 1138 2349 πρε-

119 2356 307 2408 σίῗυτέρων,
330 2356 618 2407 ἀπαγγέλλουσιν.
638 2355 818 2395 Ἐντεῦθεν
835 2358 1067 2409 μανθάνομεν,
1088 2359 1139 2398 ὅτι

118 2424 189 2460 τοῖς
206 2423 412 2470 πειρασμοῖς
431 2416 573 2460 ἑαυτοὺς
588 2419 649 2455 οὐκ
665 2417 885 2470 ἐπέῤῥιπτον,
900 2419 990 2457 ἀλλὰ
1008 2422 1139 2470 μᾶλλον

119 2477 270 2521 καὶτοὺς
291 2477 524 2529 ἐπαγομένους
547 2477 712 2528 γενναίως
741 2477 873 2530 ἔφερον.
893 2478 1016 2524 Ἄλλος
1044 2482 1079 2519 δὲ
1107 2482 1142 2519 εἴ

120 2555 171 2583 τις
185 2534 281 2587 ἦν,”
268 2556 348 2583 ισως
364 2556 403 2577 αν
417 2541 460 2589 τῇ
478 2543 536 2577 τοῦ
549 2538 702 2584 πλήθους
715 2540 897 2594 παρρησία
911 2543 1059 2593 θαρρων,
1076 2542 1141 2580 κᾶν

121 2599 264 2652 &epto-3,
283 2599 346 2638 κᾶν
366 2599 474 2651 μυρία
499 2599 686 2651 ἐφθέγξατο
712 2601 874 2654 δυσχερη.
891 2601 981 2641 3Ἀλλ
1014 2605 1080 2656 οὐχ
1111 2607 1141 2643 οἱ

90 2668 96 2674 “
121 2662 300 2713 φθάσοφοι
325 2664 438 2698 οὗτοι·
454 2660 532 2698 ἀλλ’
556 2660 693 2698 ἅπαντα
715 2661 856 2715 ἡμέρως
882 2663 940 2701 καὶ
965 2666 1139 2710 ἐπιεικῶς

120 2725 167 2761 Οἱ
192 2722 227 2759 δὲ
254 2721 483 2767 ἀκούσαντες,
506 2721 611 2773 φησὶ,
643 2724 858 2773 ὃμοθυμαδον
897 2728 985 2778 ἠραν
1027 2727 1143 2778 φωνην

122 2783 206 2836 πρὸς
224 2782 282 2820 τὸν
307 2781 413 2821 Θεόν.
430 2782 474 2820 Ἡ
496 2782 630 2834 κραυγὴ
658 2784 795 2835 γέγονεν
826 2786 895 2824 ἀπὸ
925 2787 1051 2834 ἡδονῆς
1083 2788 1143 2827 καὶ

121 2843 302 2887 διαθέσεως
321 2844 464 2890 πολλῆς.
484 2843 555 2881 Καὶ
573 2844 639 2896 γὰρ
657 2847 692 2882 αἱ
720 2850 879 2884 τοιαῦται
898 2848 1056 2887 ἀνύουσιν
1083 2853 1119 2888 εὖ
1132 2874 1143 2878 -

122 2904 200 2956 χαὶ,
219 2906 254 2942 αἳ
273 2904 475 2956 φιλοσοφίας
494 2904 683 2956 γέμουσαι,
709 2907 744 2943 αἱ
766 2906 846 2958 περὶ
863 2907 1028 2946 τοιούτων
1048 2910 1142 2961 γινό-

126 2980 241 3014 μεναι,
272 2966 306 3002 αῖ
338 2965 435 3017 παρὰ
453 2967 521 3002 τῶν
542 2965 717 3013 τοιούτων,
752 2970 787 3005 αἱ
816 2968 850 3005 ἐν
879 2975 950 3011 τοῖς
979 2970 1143 3015 τοιούτοις

124 3031 252 3077 καιροῖς
266 3056 275 3074 ,
296 3027 332 3063 αἱ
350 3025 440 3064 κατὰ
469 3026 527 3064 τὸν
545 3025 672 3078 τρόπον
692 3030 812 3066 τοῦτον
826 3044 834 3052 ·
851 3031 897 3073 ὡς
926 3029 964 3067 αῗ
982 3046 1022 3081 γε
1038 3031 1143 3071 ἄλλαι

127 3085 306 3133 βδελυκταὶ
332 3087 390 3124 καὶ
411 3086 615 3138 ἀκάθαρτοι.
635 3086 754 3140 ζὈρα,
776 3092 851 3133 πῶς
875 3089 994 3129 ιὀὐδὲν
1020 3108 1141 3144 περιτ-

127 3145 195 3191 τὸν,
215 3144 303 3183 ἀλλὰ
317 3146 397 3198 περὶ
423 3150 486 3193 τ’ῆς
517 3147 694 3199 δυνάμεως
721 3151 824 3188 αὐτοῦ
844 3151 1061 3202 διαλέγονται
1079 3153 1141 3204 μό-

168 3278 178 3290 '³
195 3265 256 3298 Alii
270 3275 370 3302 κοινῶν
384 3273 526 3313 τρέφωσιν
540 3275 613 3305 ὅσοι.

173 3327 178 3339 ³
197 3316 258 3350 Alii
272 3324 454 3354 ἀποστόλων.
472 3329 627 3366 πανταχοῦ
643 3332 813 3368 παρατήρει
829 3334 899 3363 πῶς.

176 3368 191 3390 ¹³
202 3368 261 3400 ΑΙὶὶ
278 3373 356 3403 οῦδὲν
371 3380 511 3415 περιττὸν
528 3388 605 3416 ρησι,
627 3378 708 3408 οὶδὲν
724 3379 854 3421 ’χρειῶδες
866 3402 873 3416 ,
891 3382 939 3411 καὶ
954 3376 1020 3422 (vel
1032 3378 1063 3421 ἡ)
1079 3394 1135 3421 μυ-

1211 1387 1282 1435 nis,
1304 1387 1350 1424 ab
1369 1387 1539 1439 apostolis
1570 1386 1839 1439 cognominatus
1869 1397 1920 1425 est
1949 1403 1956 1423 τ
1989 1388 2201 1439 videturque

1210 1447 1299 1486 mihi
1333 1463 1353 1485 a
1382 1448 1514 1487 virtute
1545 1462 1673 1487 nomen
1703 1448 1898 1500 accepisse,
1920 1463 1961 1486 ac
1991 1449 2020 1487 si
2048 1449 2095 1487 ad
2124 1464 2201 1487 eam

1211 1523 1287 1547 rem
1322 1518 1410 1547 esset
1440 1519 1543 1562 aptus
1574 1518 1608 1547 et
1641 1509 1800 1547 idoneus.
1833 1511 1997 1557 Levites,
2034 1512 2201 1562 Cyprius

1209 1583 1365 1622 genere,
1402 1571 1467 1608 57.
1505 1584 1594 1610 cum
1627 1572 1786 1608 haberet
1819 1584 1956 1622 agrum
1976 1601 1987 1617 ,
2023 1573 2201 1610 vendidit

1210 1644 1295 1668 eum
1310 1661 1322 1677 ,
1344 1639 1380 1669 et
1396 1632 1531 1669 attulit
1542 1633 1705 1683 pretium
1716 1661 1728 1678 ,
1763 1639 1800 1669 et
1833 1634 1960 1682 posuit
1984 1633 2200 1683 antepedes

1212 1693 1488 1745 apostolorum.

1265 1756 1302 1792 5⁵2.
1333 1753 1401 1791 Hic
1422 1753 1512 1791 mihi
1530 1753 1693 1792 observes
1707 1753 1830 1804 velim,
1847 1753 2026 1805 quomodo
2042 1755 2201 1792 ostendat

1212 1814 1364 1851 solutam
1389 1815 1517 1866 legem,
1546 1823 1579 1851 et
1607 1827 1670 1851 cur
1696 1814 1785 1852 dicit
1808 1830 1815 1849 :
1837 1816 2001 1862 Levites,
2033 1816 2200 1867 Cyprius

1211 1888 1364 1925 genere.
1396 1875 1491 1921 Quia
1513 1875 1657 1913 demum
1674 1884 1810 1912 mutata
1827 1875 1961 1926 patria,
1983 1876 2117 1914 Levitae
2134 1891 2198 1915 vo-

1210 1935 1392 1973 cabantur.
1408 1935 1478 1973 Sed
1497 1934 1659 1986 superius
1678 1934 1772 1972 dicta
1791 1943 2002 1986 repetamus.
2016 1937 2193 1983 Dimissi,

1211 1994 1344 2046 inquit,
1365 2004 1555 2033 venerunt
1586 1996 1640 2032 ad
1667 2008 1768 2045 suos,
1796 2004 1833 2033 et
1863 1999 2197 2035 annuntiaverunt

1211 2069 1460 2108 quoeezimque
1473 2057 1527 2094 ad
1541 2069 1604 2094 eos
1619 2058 1813 2108 principes
1826 2057 2072 2095 sacerdotum
2090 2066 2126 2095 et
2137 2072 2194 2096 se-

1212 2119 1337 2154 niores
1357 2118 1554 2155 dixissent.
1577 2116 1675 2155 Vide
1698 2130 1805 2166 quam
1833 2131 1853 2154 a
1873 2117 1966 2154 fastu
1990 2118 2096 2155 alieni
2127 2119 2197 2156 sint

1210 2250 1283 2274 sese
1305 2236 1490 2275 venditant
1516 2251 1579 2276 nec
1605 2236 1748 2285 dicunt,
1777 2251 1846 2288 quo
1875 2247 1977 2289 pacto
2002 2240 2198 2279 sacmdotes

1209 2298 1444 2347 confutarint3
1465 2311 1576 2349 neque
1605 2297 1780 2336 narrando
1809 2313 1939 2338 vanam
1969 2300 2120 2351 gloriam
2141 2316 2198 2339 ca-

1209 2367 1372 2410 ptarunt3
1389 2357 1450 2396 sed
1464 2358 1643 2397 venientes
1659 2372 1716 2407 ea,
1736 2373 1814 2409 quae
1830 2373 1848 2396 a
1866 2359 2062 2398 senioribus
2077 2362 2200 2400 audie-

1209 2427 1301 2467 rant,
1324 2418 1536 2471 simpliciter
1554 2419 1777 2456 denuntiant.
1800 2418 1894 2457 Hinc
1912 2419 2084 2459 discimus
2103 2422 2198 2474 ipsos

1212 2494 1280 2518 non
1300 2494 1372 2518 sese
1393 2481 1430 2518 in
1446 2480 1654 2519 tentationes
1672 2480 1850 2532 injecisse,
1875 2481 1933 2519 sed
1950 2496 2025 2531 eas,
2045 2497 2122 2534 quae
2141 2484 2197 2522 in-

1210 2541 1430 2590 ferebantur,
1459 2541 1596 2579 fortiter
1625 2541 1760 2578 tulisse.
1792 2541 1893 2579 Alius
1922 2556 2019 2592 vero⁷
2036 2544 2198 2594 quisquis

1211 2603 1354 2651 fuisset,
1395 2603 1484 2640 forte
1523 2601 1755 2640 multitudine
1788 2603 1921 2653 fretus,
1965 2606 2196 2644 contumelias

1211 2663 1317 2701 ctiam
1359 2663 1586 2715 protulisset,
1617 2677 1657 2700 ac
1687 2671 1851 2700 sexcenta
1880 2664 2003 2714 gravia
2028 2665 2198 2716 loquutus

1180 2737 1187 2745 ¹
1213 2733 1312 2762 esset.
1335 2726 1379 2761 At
1395 2738 1464 2762 non
1482 2724 1519 2761 hi
1539 2722 1769 2776 philosophi3
1789 2723 1850 2761 sed
1875 2724 1994 2762 omnia
2019 2737 2200 2765 mansuete

1213 2796 1247 2825 et
1263 2787 1427 2839 benigne.
1458 2789 1533 2838 Qui
1556 2801 1644 2825 cum
1668 2787 1884 2837 audissent,
1906 2786 2034 2837 inquit,
2057 2794 2197 2829 unani-

1214 2850 1327 2885 miter
1345 2861 1481 2886 voeem
1504 2848 1730 2886 levaverunt
1748 2848 1802 2884 ad
1819 2848 1959 2885 Deum.
1985 2849 2128 2888 Clamor
2144 2852 2198 2889 fa—

1214 2918 1290 2947 ctus
1306 2918 1356 2947 est
1373 2923 1418 2947 ex
1433 2909 1617 2961 voluptate
1632 2917 1665 2946 et
1676 2921 1805 2959 magno
1826 2909 1966 2946 affectu.
1980 2909 2088 2949 Tales
2100 2927 2203 2951 nam—

1214 2985 1281 3021 que
1303 2985 1422 3023 preces
1441 2978 1605 3022 prosunt,
1625 2983 1701 3021 quae
1721 2969 1946 3021 philosophia
1967 2971 2080 3023 plenae
2098 2983 2201 3023 sunt,

1213 3031 1259 3069 de
1272 3032 1416 3080 talibus,
1436 3046 1455 3069 a
1470 3030 1612 3079 talibus,
1629 3030 1693 3068 tali
1702 3039 1858 3082 tempore
1873 3039 1906 3068 et
1920 3031 2028 3070 modo
2045 3034 2199 3084 emissae3

1214 3092 1304 3130 sicut
1324 3092 1402 3130 aliae
1422 3091 1678 3130 abominabiles
1704 3100 1786 3128 sunt
1805 3099 1837 3128 et
1856 3091 2063 3132 iinmundae.
2085 3095 2202 3145 Vide,

1213 3152 1392 3205 quomodo
1424 3153 1517 3191 nihil
1545 3152 1785 3204 superfluum,
1806 3151 1869 3190 sed
1893 3151 1938 3190 de
1967 3153 2101 3193 virtute
2127 3165 2205 3194 tan-

1200 3279 1298 3317 θὼδες,
1316 3281 1397 3310 ἀλλά
1410 3303 1417 3318 ,

1200 3339 1282 3368 sum,
1300 3328 1367 3359 sed.

1437 3274 1541 3308 Nihil
1556 3275 1766 3317 superfluum,
1787 3272 1875 3307 nihil
1886 3275 1978 3308 anile
1995 3276 2206 3319 velfizbulo-

2267 2139 2405 2183 Apostoli

1210 2176 1386 2227 apostoli,
1409 2184 1443 2213 et
1468 2190 1575 2226 quam
1592 2175 1813 2228 philosophi
1841 2177 1922 2214 Non
1941 2178 2198 2217 cilcumeuntes
2213 2188 2352 2246 ‘tumul-

2213 2229 2225 2246 S
2242 2230 2259 2246 u
2279 2232 2291 2247 ὲ]
2308 2231 2333 2246 lc
2341 2232 2380 2248 !.l!
