2502 3810
358 259 447 319 570
818 263 856 291 s.

354 350 539 405 prcesentia
559 357 590 385 et
610 354 753 397 propter
774 343 914 386 futura;
934 338 1006 374 imo
1029 348 1110 373 vero
1137 342 1170 370 et
1198 332 1233 369 in
1260 331 1332 382 pri-

356 414 437 459 mis,
458 417 600 462 propter
616 407 729 457 ipsam
749 400 880 439 amoris
900 408 1075 436 naturam.
1095 395 1154 434 Sic
1167 394 1262 431 enim
1284 392 1333 428 li-

355 471 558 510 berabimur
573 476 604 504 et
621 481 639 503 a
656 462 837 517 praesentis
855 469 889 497 et
907 475 927 497 a
945 459 1073 495 futurae
1092 455 1174 493 vitae
1199 452 1335 505 suppli-

357 533 432 573 ciis,
449 539 481 567 et
501 540 606 579 regno
622 526 792 562 fruemur.
809 522 984 559 Caeterum
1000 530 1113 566 neque
1134 513 1296 552 liberatio
1317 514 1348 550 a'

357 592 531 640 gehenna,
565 600 676 636 neque
707 583 806 634 regni
836 580 934 618 illius
965 577 1137 630 possessio
1166 587 1337 625 magnum

357 651 541 702 quidpiam
560 657 625 693 est,
649 647 678 684 si
704 651 928 696 comparetur
948 654 1029 677 cum
1062 638 1139 685 illo,
1161 635 1258 686 quod
1279 635 1337 672 di—

359 710 450 747 eturi
463 720 585 746 sumus
606 721 612 741 :
630 704 704 742 illis
722 701 887 740 omnibus
900 698 1014 749 majus
1030 705 1095 741 est,
1110 694 1293 734 Christum
1306 702 1338 730 et

357 778 515 807 amatum
543 775 576 804 et
595 773 787 802 amatorem
808 760 948 798 habere.
972 758 1010 796 Si
1033 757 1126 794 enim
1152 753 1248 806 apud
1273 753 1337 790 ho-

358 833 467 870 mines
486 830 545 867 hic
570 841 668 866 amor
686 835 831 864 mutuus
853 821 950 860 omni
968 819 1153 870 roluptate
1178 815 1340 867 superior

358 902 427 941 ρει,
448 905 530 928 cum
549 888 645 941 apud
662 890 779 925 Deum
795 884 856 921 hic
875 890 1021 919 mutuus
1035 892 1134 916 amor
1147 875 1339 923 concurrit,

359 953 438 1003 quis
453 964 581 994 sermo,
599 962 676 999 quae
690 959 787 984 mens
805 942 917 996 possit
933 940 1036 978 istius
1050 938 1176 976 animae
1192 936 1341 973 felicita-

360 1024 429 1051 tem
449 1009 658 1049 declarare?
680 1006 787 1045 Nulla
810 1004 848 1042 id
867 1010 982 1055 potest
1008 1013 1119 1047 menS,
1147 996 1208 1034 sed
1234 1010 1340 1047 expe-

361 1076 486 1114 rientia
502 1082 653 1111 tantum.
673 1072 724 1109 Ut
746 1081 830 1119 ergo
851 1075 884 1104 et
901 1062 1124 1116 spiritualem
1141 1061 1234 1098 hanc
1251 1058 1343 1096 laeti-

361 1138 461 1185 tiam,
473 1145 505 1172 et
515 1135 655 1171 beatam
665 1130 792 1175 vitam,
801 1137 832 1166 et
842 1127 940 1164 mille
948 1125 1125 1162 bonorum
1136 1121 1343 1158 thesaurum

362 1195 579 1250 experientia
611 1193 830 1237 ediscamus,
861 1187 992 1225 relictis
1023 1183 1213 1229 omnibus,
1247 1181 1343 1217 hunc

362 1272 516 1297 amorem
536 1255 802 1307 amplectamur,
827 1259 860 1287 et
879 1248 923 1286 ad
945 1246 1109 1284 laetitiam
1133 1252 1287 1280 nostram
1311 1249 1344 1278 et

361 1321 406 1358 ad
428 1318 536 1356 amati
560 1316 623 1354 Dei
645 1314 794 1366 gloriam
815 1327 823 1348 :
843 1309 927 1360 quia
952 1307 1018 1359 ipsi
1041 1305 1149 1357 gloria
1179 1313 1211 1341 et
1231 1303 1340 1353 impe-

363 1381 455 1418 rium
485 1392 564 1416 cum
586 1375 778 1426 Unigenito
809 1381 842 1409 et
871 1378 989 1408 sancto
1018 1365 1169 1418 Spiritu,
1198 1376 1291 1401 nunc
1311 1371 1344 1399 et

362 1455 510 1492 semper,
529 1448 561 1476 et
581 1438 616 1475 in
639 1435 766 1476 saecula
783 1432 1006 1471 saeculorum.
1031 1430 1155 1464 Amen.

893 255 1075 288 JOANNJS
1112 251 1350 282 CHRYSOST.

1390 250 1579 280 ARCHtEP
1589 269 1597 278 .
1637 249 1719 278 CON
1727 250 1803 278 STA
1811 250 1911 278 NTffi
1919 249 1972 278 ΟΡ
1982 268 1990 277 .

1409 331 1481 381 βίον
1504 329 1562 367 καὶ
1581 331 1647 366 τῶν
1664 329 1755 367 κατὰ
1775 330 1832 367 τὸν
1851 330 2021 379 μέλλοντα
2043 331 2151 366 αἰῶνα
2171 327 2422 379 κολαστηρίων,

1407 391 1467 428 καὶ
1488 394 1548 436 τῆς
1572 390 1746 440 βασιλείας
1764 389 2044 439 ἀπολαυσόμεθα.
2072 388 2172 434 Πλὴν
2191 387 2267 425 οὔτε
2287 388 2424 438 γεέννης

1408 450 1616 501 ἀπαλλαγὴ,
1637 450 1712 487 οὔτε
1734 449 1909 500 βασιλείας
1929 449 2119 491 ἀπόλαυσις
2134 479 2142 492 ,
2165 447 2254 498 μέγα
2281 463 2314 485 τι
2340 448 2425 499 πρὸς

1408 511 1447 548 τὸ
1464 510 1697 561 λεχθήσεσθαι
1720 509 1860 559 με’λλονῑ
1882 508 2009 546 τούτων
2032 509 2099 561 γὰρ
2125 508 2286 546 ἁπάντων
2311 511 2425 557 μεῖζον

1409 572 1447 609 τὸ
1461 571 1518 608 τὸν
1539 570 1694 621 Χριστὸν
1712 569 1883 622 ἐρώμενον
1903 569 1993 620 ἔχειν
2014 573 2098 618 ὁμοῦ
2113 569 2171 606 καὶ
2196 569 2358 620 ἐραστήν.
2381 570 2425 606 Εἰ

1408 631 1475 683 γὰρ
1503 634 1558 669 ἐπ’
1587 630 1776 683 ἀνθρώπων
1813 635 1913 668 τοῦτο
1947 630 2134 679 συμὸαῖνον
2155 630 2270 675 πάσης
2303 631 2427 675 ἡδονῆς

1408 696 1499 730 ἐστιν
1522 691 1705 743 ἀνώτερον,
1725 691 1805 728 ὅταν
1825 690 1882 728 ἐπὶ
1898 692 1988 728 Θεοῦ
2008 689 2053 726 τὰ
2070 690 2248 742 ἀμφότερα
2263 689 2406 735 {neuim
2418 720 2427 735 ‚

1408 759 1503 795 ποῖος
1524 752 1641 804 λόγος,
1664 751 1747 790 ποία
1769 751 1902 788 διάνοια
1922 752 2147 800 παραστῆσαι
2163 751 2346 797 δυνήσεται
2364 732 2428 796 την

1411 813 1653 864 μακαριότητα
1685 811 1814 857 ταύτης
1838 814 1899 856 τῆς
1925 812 2056 861 ψυχῆς,
2077 811 2153 848 Οὔκ
2175 811 2266 849 ἔστιν
2284 811 2428 862 οὐδεμία

1410 874 1522 921 ἄλλη,
1552 874 1628 910 ἀλλ’
1663 876 1684 919 ἡ
1719 878 1823 922 πεῖρα
1846 871 1947 922 μόνη.
1981 871 2043 909 Ἵν’
2065 867 2121 910 οὖν
2143 871 2197 908 διὰ
2216 875 2278 917 τῆς
2309 871 2431 922 πείρας

1413 933 1576 984 μάθωμεν
1591 933 1653 979 τὴν
1668 932 1907 982 πνευματικὴν
1923 931 2051 979 ταύτην
2071 932 2277 985 εὐφροσύνην
2296 933 2355 969 καὶ
2372 932 2430 971 τὸν

1414 995 1582 1046 μακάριον
1603 994 1674 1045 βίον
1695 994 1754 1032 καὶ
1773 995 1830 1033 τὸν
1852 993 2021 1046 θησαυρὸν
2037 996 2104 1031 τῶν
2127 992 2258 1045 μυρίων
2280 995 2431 1043 ἀγαθῶν,

1413 1057 1527 1094 πάντα
1544 1057 1684 1108 ἀφέντες
1704 1055 1835 1102 ἐκείνης
1850 1055 2013 1106 ἐχώμεθα
2042 1058 2104 1100 τῆς
2130 1054 2288 1106 ἀγάπης,
2305 1054 2364 1092 καὶ
2385 1056 2433 1097 εἷς

1414 1117 1622 1170 εὐφροσύνην
1650 1116 1824 1169 ’ἡμετέραν
1847 1116 1905 1153 καὶ
1939 1118 1986 1158 εἷς
2007 1115 2105 1159 δόξαν
2140 1119 2198 1152 τοῦ
2218 1114 2432 1163 ποθουμένου

1415 1181 1523 1217 Θεοῦ·
1539 1179 1590 1216 ὅτι
1611 1180 1705 1230 αὐτῷ
1720 1180 1740 1222 ἡ
1759 1177 1838 1220 δόξα
1856 1176 1916 1213 καὶ
1936 1177 1975 1214 τὸ
1994 1175 2118 1227 κράτος
2136 1175 2194 1214 σὺν
2211 1178 2259 1228 τῷ
2280 1177 2432 1226 Μονογε-

1415 1245 1464 1278 νεῖ
1478 1240 1536 1276 καὶ
1551 1238 1637 1290 ἁγίῳ
1654 1237 1854 1287 Πνεύματι,
1869 1240 1927 1274 νῦν
1948 1237 2007 1274 καὶ
2023 1237 2094 1284 ἀεὶ,
2106 1236 2164 1274 καὶ
2189 1239 2233 1280 εἷς
2250 1236 2326 1278 τοὺς
2347 1234 2432 1285 σύμ-

1414 1316 1546 1343 παντας
1567 1301 1692 1343 αἰῶνας
1708 1302 1775 1336 τῶν
1804 1298 1948 1336 αἰώνων.
1969 1298 2089 1348 Ἀμήν.

707 1665 914 1705 ΗΟΜΙΙᾸΑ
945 1663 989 1701 X.

365 1802 454 1837 Cn».
471 1799 519 1836 V.
540 1811 577 1834 v.
594 1797 658 1835 42.
689 1795 900 1844 Propterea
916 1791 1014 1827 sicut
1039 1799 1107 1838 per
1136 1798 1255 1823 unum
1281 1784 1346 1820 ho-

419 1863 561 1897 minem
592 1863 793 1908 peccatum
823 1855 862 1889 in
895 1850 1081 1888 mundum
1103 1848 1279 1891 intravit,
1312 1853 1348 1881 et

416 1934 484 1972 per
496 1926 699 1971 peccatum
715 1927 815 1952 mors
829 1929 839 1948 .·
852 1915 907 1950 sic
921 1919 955 1948 et
976 1913 1017 1947 in
1032 1921 1161 1946 omnes
1175 1908 1348 1944 homines

419 1995 520 2020 mors
558 1979 809 2031 pertransiit,
852 1978 893 2012 in
931 1987 1003 2025 quo
1040 1983 1170 2008 omnes
1207 1981 1358 2020 pecca*

421 2050 569 2081 verunt.

423 2168 459 2202 1.
503 2159 816 2209 Quemadmodum
853 2157 979 2209 optimi
1026 2155 1156 2193 medici
1195 2152 1351 2191 radicem

371 2240 506 2277 semper
533 2224 740 2262 morborum
764 2220 962 2272 explorant,
984 2227 1022 2255 et
1053 2216 1097 2254 ad
1118 2217 1235 2267 ipsum
1266 2214 1351 2251 mali

372 2289 503 2324 fontem
515 2298 651 2335 semper
665 2282 812 2321 veniunt
829 2295 836 2315 :
855 2280 905 2316 sic
919 2288 952 2316 et
966 2279 1088 2315 beatus
1102 2276 1248 2315 Paulus.
1262 2277 1354 2313 Cum

373 2347 522 2385 dixisset
543 2345 637 2382 enim
656 2357 717 2380 nos
735 2341 946 2393 justificatos
960 2339 1085 2382 fuisse,
1109 2337 1217 2386 idque
1243 2344 1355 2372 osten-

374 2407 482 2444 disset
501 2420 520 2442 a
545 2402 759 2456 patriarcha,
786 2415 805 2438 a
829 2399 967 2451 Spiritu
986 2407 1020 2435 et
1045 2411 1065 2434 a
1087 2405 1198 2433 morte
1223 2394 1356 2432 Christi

377 2472 502 2516 (neque
528 2465 623 2502 enim
650 2471 810 2500 mortuus
828 2460 971 2505 fuisset,
1001 2456 1070 2495 nisi
1097 2456 1356 2508 juvistificaturus

377 2530 487 2573 esset)
511 2542 519 2562 ι
542 2524 669 2577 probat
693 2523 836 2560 demum
855 2518 1000 2557 aliunde
1018 2532 1071 2567 ea,
1091 2531 1167 2567 quae
1194 2530 1256 2567 per
1280 2515 1358 2553 haec

377 2588 696 2628 demonstraverat,
719 2592 752 2620 et
775 2596 796 2619 a
823 2579 1008 2618 contrariis
1034 2577 1259 2630 propositum
1289 2585 1358 2614 sta-

377 2660 492 2697 tuens,
515 2648 553 2685 id
573 2656 637 2693 est,
663 2660 681 2683 a
705 2652 816 2682 morte
843 2651 875 2680 et
896 2656 916 2678 a
939 2649 1096 2692 peccam,
1124 2640 1252 2689 quaerit
1269 2652 1359 2688 quo-

379 2712 484 2750 modo
496 2719 532 2747 et
550 2708 646 2746 unde
668 2720 762 2744 mors
778 2703 977 2753 intraverit,
1003 2712 1036 2740 et
1055 2716 1123 2752 qua
1143 2702 1278 2738 ratione
1296 2700 1359 2738 do-

379 2774 510 2810 minata
541 2770 658 2808 fuerit.
684 2765 872 2814 Quomodo
904 2778 985 2816 ergo
1013 2762 1160 2800 intravit
1188 2775 1298 2811 mors,
1328 2771 1360 2799 et

380 2834 559 2872 dominata
591 2831 670 2868 est'?
706 2832 772 2867 Per
800 2835 982 2879 peccatum
1010 2824 1127 2862 unius.
1158 2823 1259 2869 Quid
1293 2822 1361 2861 sibi

381 2897 460 2935 vult
473 2894 578 2942 illud,
593 2896 640 2930 1η
649 2906 722 2943 quo
734 2903 864 2928 omnes
873 2895 1129 2940 peccaverunt
1140 2890 1155 2922 Ρ
1166 2885 1234 2923 Illo
1246 2885 1358 2937 lapso,

382 2958 407 2994 ii
423 2957 540 3003 etiam,
560 2954 623 3004 qui
638 2953 681 2990 de
701 2952 798 3002 ligno
815 2963 884 2987 non
901 2947 1136 2995 comederant,
1151 2945 1266 2983 effecti
1281 2955 1362 2983 sunt

383 3034 428 3057 ex
441 3018 502 3055 illo
513 3029 631 3054 omnes
647 3012 825 3051 mortales.
843 3011 906 3048 15.
926 3010 1053 3060 Usque
1063 3009 1116 3045 ad
1131 3008 1250 3058 legem
1261 3009 1363 3044 enlm

382 3088 580 3132 peccatum
596 3085 678 3115 erat
692 3079 734 3112 in
747 3073 890 3111 mundo
906 3088 915 3106 .·
931 3078 1131 3122 peccatum
1146 3077 1274 3105 autem
1287 3083 1365 3106 non

385 3145 611 3192 imputatur,
636 3150 723 3174 cum
751 3147 829 3171 non
851 3140 907 3170 est
932 3131 1005 3168 lex.
1029 3129 1142 3177 Illud,
1162 3131 1289 3180 Usque
1312 3131 1366 3166 ad

387 3204 519 3253 legem,
541 3198 687 3250 quidam
702 3206 841 3247 tempus
855 3191 947 3230 illud
965 3190 1010 3228 ab
1029 3190 1106 3242 ipso
1127 3189 1276 3227 indicari
1296 3205 1365 3241 pu-

387 3273 475 3312 tant,
507 3260 602 3311 quod
636 3268 715 3296 ante
738 3257 851 3307 legem
883 3253 1003 3291 datam
1029 3251 1115 3301 fuit3
1143 3265 1268 3303 nempe
1295 3265 1365 3301 quo

431 3389 445 3404 ⁴·-
470 3382 478 3413 i
494 3378 532 3408 Α.
549 3379 595 3409 διὰ
611 3378 755 3409 vocabum-a
772 3380 801 3404 et
821 3382 896 3404 mox
915 3371 1057 3412 συνιστῇ]

1374 2160 1398 2189 D

1818 1655 1997 1692 OMIAIA
2019 1653 2051 1691 ι’.

1419 1775 1485 1813 Διὰ
1509 1779 1608 1814 τοῦτο
1623 1804 1633 1821 ,
1661 1773 1780 1826 ὥσπερ
1800 1776 1843 1812 δι’
1877 1775 1950 1818 ἑνὸς
1972 1774 2152 1825 ἀνθρώπου
2172 1777 2193 1821 ἡ
2215 1774 2370 1827 ἁμαρτία
2392 1777 2439 1817 εἷς

1473 1836 1529 1874 τὸν
1547 1836 1675 1886 κόσμον
1691 1837 1841 1882 εἰσῆλθε,
1856 1835 1914 1873 καὶ
1930 1835 1986 1873 διὰ
2000 1839 2061 1881 τῆς
2072 1835 2270 1888 ἁμαρτίαςὸ
2283 1835 2438 1878 θάνατος·

1479 1897 1538 1935 καὶ
1563 1896 1670 1940 οὕτως
1689 1898 1735 1939 εἷς
1762 1897 1894 1940 πάντας
1914 1896 2114 1950 ἀνθρώπους
2134 1898 2269 1943 διῆλθεν
2291 1901 2309 1935 ὃ
2328 1897 2438 1934 θάνα-

1473 1974 1528 2001 τος
1542 1988 1551 2005 ,
1572 1960 1623 2010 ἐφ’
1644 1952 1672 2009 ᾧ
1693 1957 1818 2001 πάντες
1834 1958 2004 2010 ἥμαρτον.

1475 2142 1643 2195 Καθάπερ
1660 2144 1690 2181 οἱ
1710 2145 1779 2180 τῶν
1801 2144 1928 2193 ἰατρῶν
1949 2141 2085 2194 ἄριστοι
2102 2141 2165 2188 τὴν
2183 2141 2277 2193 ῥίζαν
2300 2142 2355 2179 ἀεὶ
2379 2158 2442 2181 πο·

1421 2207 1704 2256 λυπραγμονοῧσι
1719 2205 1788 2240 τῶν
1807 2202 2029 2253 νοσημάτων,
2050 2203 2108 2240 καὶ
2125 2203 2179 2240 ἐπ’
2196 2203 2301 2250 αὐτὴν
2322 2203 2441 2255 ἔργον·

1424 2282 1482 2304 ται
1499 2266 1561 2311 τὴν
1581 2265 1696 2315 πηγὴν
1714 2268 1772 2302 τοῦ
1787 2269 1895 2302 κακοῦ
1907 2280 1914 2287 ·
1937 2264 2026 2302 οὕτω
2043 2264 2102 2301 καὶ
2121 2266 2138 2300 ὃ
2159 2264 2328 2314 μακάριος
2345 2249 2442 2301 Παῦ-

1425 2329 1494 2368 λος.
1528 2325 1649 2363 Εἰπὼν
1678 2324 1766 2375 γὰρ,
1795 2323 1847 2361 ὅτι
1875 2323 2142 2372 ἐδικαιώθημεν,
2164 2323 2223 2360 καὶ
2243 2323 2352 2367 δείξας
2375 2324 2444 2361 ἀπὸ

1427 2389 1486 2423 τοῦ
1519 2385 1737 2437 πατριάρχου
1778 2384 1836 2422 καὶ
1873 2385 1941 2422 ἀπὸ
1976 2388 2035 2421 τοῦ
2068 2385 2272 2434 Πνεύματος
2311 2386 2370 2422 καὶ
2406 2387 2444 2422 ἐκ

1427 2451 1485 2484 τοῦ
1521 2448 1703 2483 ἀποθανεῖν
1735 2444 1791 2482 τὸν
1832 2444 1983 2496 Χριστόν
2014 2444 2111 2491 (οὐδὲ
2143 2445 2210 2495 γὰρ
2241 2445 2280 2482 ἂν
2315 2446 2445 2483 ἀπέθα-

1429 2522 1496 2552 νεν,
1533 2508 1561 2543 εἰ
1597 2504 1644 2555 μὴ
1688 2504 1811 2554 ἔμελλε
1855 2505 2048 2553 δικαιοῧν>·
2094 2506 2345 2550 κατασκευάζει
2374 2507 2446 2544 λοι-

1430 2568 1493 2605 πὸν
1534 2565 1592 2603 καὶ
1636 2565 1800 2616 ἑτέρωθεν
1846 2564 1889 2602 τὰ
1929 2570 1942 2585 ⁶
1959 2565 2015 2603 διὰ
2051 2565 2178 2603 τούτων
2218 2567 2445 2618 ἀποδειχθέν-

1430 2645 1491 2675 τα,
1533 2626 1592 2665 καὶ
1637 2626 1706 2664 ἀπὸ
1739 2629 1806 2664 τῶν
1839 2626 1999 2664 ἐναντίων
2043 2626 2204 2670 συνιστὰς
2239 2627 2277 2664 τὸ
2306 2612 2446 2680 προκεί-

1433 2704 1545 2739 μενον,
1575 2686 1766 2733 τουτέστιν,
1793 2686 1861 2724 ἀπὸ
1886 2690 1945 2724 τοῦ
1979 2687 2126 2724 θανάτου
2155 2687 2214 2725 καὶ
2242 2690 2306 2733 τ’ἧς
2329 2689 2447 2739 ἁμαρ-

1432 2749 1507 2791 τίας
1522 2780 1531 2795 ,
1550 2751 1624 2790 πῶς
1643 2747 1702 2785 καὶ
1725 2746 1790 2784 τίνι
1809 2746 1927 2798 τρόπῳ
1949 2749 2067 2794 ζητεῖ,
2090 2747 2148 2784 καὶ
2167 2747 2269 2785 πόθεν
2291 2749 2448 2794 εἰσ-’ἦλθεν

1433 2814 1450 2848 ὁ
1471 2809 1613 2852 θάνατος
1627 2840 1637 2854 ,
1666 2809 1725 2846 καὶ
1757 2812 1830 2850 πῶς
1850 2808 2032 2859 ἐκράτησε.
2070 2809 2152 2850 Πῶς
2178 2802 2236 2845 οὖν
2257 2810 2412 2854 εἰσῆλθεν
2431 2813 2449 2847 ὁ

1434 2870 1594 2915 θάνατος,
1615 2869 1674 2906 καὶ
1695 2868 1885 2919 ἐκράτησε,
1913 2867 1980 2906 Διὰ
2000 2871 2062 2914 τῆς
2083 2868 2257 2920 ἁμαρτίας
2281 2873 2340 2906 τοῦ
2365 2869 2449 2912 ἑνός.

1474 2930 1537 2943 VN!

1434 2933 1481 2969 Τι
1501 2945 1537 2968 οε
1562 2932 1667 2976 ἐστιν,

1698 2929 1778 2980 ’Ezp'
1799 2923 1827 2980 ᾧ
1849 2928 1974 2971 πάντες
1997 2928 2179 2980 ἥμαρτον;
2209 2929 2366 2967 Ἔκείνου
2386 2945 2450 2967 πε-

1435 2991 1551 3033 σόντος
1567 3020 1576 3037 ,
1596 2990 1655 3026 καὶ
1679 2992 1710 3027 οἳ
1733 2989 1779 3039 μὴ
1802 2990 1966 3041 φαγόντες
1982 2989 2051 3026 ἀπὸ
2070 2992 2130 3027 τοῦ
2151 2989 2248 3033 ξύλου
2269 2990 2449 3040 γεγόνασιν

1436 3052 1469 3096 ἐξ
1492 3050 1619 3089 ἐκείνου
1650 3050 1776 3092 πάντες
1800 3050 1928 3096 θνητοὶ.
1958 3049 2060 3102 Ἄχρι
2083 3049 2150 3102 γὰρ
2168 3049 2274 3100 νόμου
2298 3050 2452 3102 ἁμαρτία

1436 3107 1477 3158 ἦν
1498 3113 1532 3149 ἐν
1557 3110 1678 3161 κόσμῳ
1692 3126 1699 3133 ·
1732 3110 1888 3160 ἁμαρτία
1909 3110 1943 3148 δὲ
1963 3112 2026 3148 οὐκ
2044 3112 2257 3160 ἐλλογεῖται,
2280 3110 2327 3160 μὴ
2358 3110 2452 3154 ὄντος

1439 3173 1555 3223 νόμου.
1585 3172 1658 3219 Τὸ,
1676 3169 1777 3222 Ἄχρι
1798 3171 1915 3221 νόμου,
1930 3171 2018 3214 τινὲς
2036 3171 2092 3208 τὸν
2108 3171 2230 3222 χρόνον
2247 3173 2374 3209 ἐκεῖνον
2393 3187 2451 3209 νο·

1440 3241 1591 3291 μίζουσιν
1623 3237 1724 3276 αὐτὸν
1746 3237 1921 3289 εἰρηκέναι
1939 3238 1996 3275 τὸν
2019 3237 2087 3289 πρὸ
2112 3239 2174 3282 τῆς
2192 3241 2250 3275 τοῦ
2269 3236 2374 3287 νόμου
2394 3237 2453 3275 δό-
