2466 3805
657 212 700 241 IN
739 211 854 241 ACTA
890 208 1059 240 APOSTO
1065 209 1151 239 LOR
1159 209 1182 238 U
1189 209 1221 238 M
1230 229 1239 238 .

193 290 213 311 ,ξ

100 295 166 333 ἔδει
182 309 268 332 ειναι
288 295 357 332 ἐκεῖ
373 295 611 344 δαιμονιΝτα,
632 292 664 330 εἴ
676 308 714 344 γε
729 294 836 330 ἱκανι)
855 291 968 344 γρόνῳ
984 295 1026 337 ἠν
1041 296 1116 333 ταῖς

100 356 258 407 μαγείαις
278 356 416 399 ἐξιστων
436 354 573 398 αὐτούς·
591 354 666 392 ἐπεὶ
685 354 720 391 δὲ
738 331 855 391 πολλΧ
830 369 861 390 οι
876 355 906 390 οἱ
928 353 1118 401 δαιμονῶν-

98 433 171 464 τες,
202 417 323 455 πο)λοὶ
354 419 385 455 οἳ
416 416 629 491 παράλυτοι,
658 417 773 454 ἐκεῖνα
802 430 862 452 ουκ
884 413 1028 459 ἀληθεια
1056 428 1113 458 Γ,ν.

97 472 244 521 Οὗτος
226 495 261 516 οε
280 494 357 530 ouyv.
375 477 530 529 σημείοις
553 477 672 527 μόνον,
695 476 783 514 ἀλ)ὰ
802 492 862 513 και
881 474 973 526 λῖόγι)
997 472 1117 516 αὐτους

96 540 271 590 προσήγετ
259 556 311 613 ρ,
334 555 414 590 περι
444 538 620 589 βασιλείας
650 554 709 575 και
735 538 847 588 Χριστ
850 551 887 573 ου
918 533 1116 584 διαλείόμε-

96 614 162 643 νος.
180 599 267 637 ΟΡ
250 600 285 637 οὲ
314 599 449 650 Σίμων,
477 615 580 650 φησι,
600 598 819 650 βαπτισθεις,
838 601 879 643 ἦν
895 610 1114 647 προσκαρτε-

99 664 164 712 ρῶν
188 665 236 713 τῷ
253 661 435 713 Φιλίππῳ.
452 662 504 699 Οὐ
527 660 674 703 πίστεως
693 659 824 705 ἕνεκεν,
852 659 927 695 ἀλλ’
949 656 1038 693 ὥστε
1058 672 1115 707 γε·

97 722 213 759 νέσθαι
244 728 392 765 τοιοῦτος
419 721 699 773 προσεκαρτέρει.
730 721 776 757 Οἱ
810 717 844 756 δὲ
874 717 1113 763 καταέάντες,

97 782 332 832 προσ-ηὔξαντο
346 782 425 834 περὶ
443 784 553 820 αὐτῶν
564 811 573 827 ,
591 781 683 823 ὅπως
692 781 829 818 >aigum
842 780 989 827 Πνεῦμα
1005 777 1113 827 ἅγιον·

95 841 228 879 οὐδέπω
254 842 320 892 γὰρ
342 838 383 889 ἦν
411 845 463 881 ἐπ’
489 841 597 879 οὐδενὶ
625 842 735 878 αὐτῶν
756 836 1008 880 ἐπιπεπτωκός.
1023 836 1114 874 Τότε

94 902 269 940 ἐπετιθουν
290 903 350 946 τὰς
368 909 485 956 χεῖρας
505 905 557 940 ἐπ’
571 900 703 946 αὐτους,
718 916 777 937 και
793 898 986 947 ε’)άμδανον
1002 899 1114 934 Πνευ-

97 976 145 997 υα
166 962 272 1012 ἅγιε-ν.
287 962 395 1014 Ορᾷς
408 962 486 1009 ,ὅτι
516 965 580 1013 οὐ]
604 957 851 1006 ἁπλως,ἀλλὰ
882 959 1014 1002 πολλῆς
1045 956 1113 994 ἔδει

95 1022 288 1072 δυνάμεως,
309 1023 398 1060 ὥστε
415 1024 530 1060 δουναι
552 1023 699 1070 Πνευμα
721 1020 838 1070 ἅμον·
830 1047 839 1064 ,
865 1019 918 1055 Οὐ
936 1017 1002 1069 γάρ
1018 1019 1110 1055 ἐστιν

92 1082 164 1119 ἴσον
187 1083 338 1132 ἀφεσεως
365 1089 503 1134 τυγεῖν,
535 1099 594 1120 και
625 1081 782 1118 >agab
765 1094 905 1128 outha
935 1078 1054 1115 τοιαύτ
1035 1094 1110 1124 την.

385 1143 428 1165 v

91 1142 353 1192 Θεασάμενος
335 1143 369 1181 οὲ
384 1159 517 1193 ..ιυ.ων,
534 1142 586 1179 ότι
607 1141 662 1179 oz&
680 1144 766 1186 τ’ἧς-
755 1140 889 1178 ἐπιθέσε
894 1156 939 1183 ως
953 1155 1020 1176 των
1036 1155 1109 1190 γει-

92 1218 158 1253 ρων
171 1218 238 1240 των
255 1203 456 1241 ἀποστόλων
475 1202 603 1240 δίδοται
618 1218 656 1240 το
670 1203 760 1239 Πν-
730 1206 819 1251 ευμα
833 1201 872 1238 τὸ
884 1200 905 1237 ἁ.
906 1216 979 1250 γιον
982 1216 1109 1253 ,προσ-

90 1262 231 1313 ἤνεγκεν
260 1267 372 1307 αὐτοῖς
395 1264 578 1316 γρήματα.
614 1263 675 1309 Μὴ
704 1262 771 1313 γὰρ
796 1277 873 1304 τους
899 1261 1021 1305 ἄὶὶους
1041 1263 1108 1299 εἶοε

90 1328 169 1361 τοῦτ
172 1339 188 1361 0
207 1338 406 1371 ποιουντας;
428 1325 474 1375 μὴ
495 1324 561 1376 γὰρ
578 1316 779 1370 Φίλιππον,
801 1322 848 1373 μὴ
868 1322 934 1373 γὰρ
954 1322 1106 1373 ενόμιζεν

62 1412 69 1418 .
92 1385 210 1429 αὐτοὺς
241 1388 302 1424 οὐκ
333 1386 456 1425 εἰδέναι
489 1386 561 1437 μεθ’
591 1385 662 1428 οἳάς
691 1385 841 1428 διανοίας
861 1384 1026 1436 προσῄει,
1046 1384 1110 1422 Διὸ

91 1448 205 1489 καλῶς
221 1447 352 1499 Πέτρος
373 1447 430 1485 καὶ
454 1447 583 1500 δωρεὰν
603 1447 703 1485 καλεῖ
730 1446 769 1483 τὸ
792 1453 958 1497 πρᾶγμα,
980 1445 1109 1496 λέγων·

91 1507 143 1544 Τὸ
159 1507 319 1559 ἀργύριόν
340 1524 398 1546 σου
415 1508 472 1547 σὺν
491 1508 544 1546 σοὶ
555 1507 606 1553 εἴη
625 1509 673 1550 εἷς
691 1505 881 1552 ἀπώλειαν,
897 1506 950 1543 ὅτι
965 1505 1028 1553 τὴν
1045 1507 1109 1545 δω-

93 1568 171 1619 ρεὰν
190 1573 248 1608 τοῦ
264 1572 356 1608 Θεοῦ
371 1569 530 1619 ἐνόμισας
550 1569 606 1607 διὰ
619 1567 809 1621 χρημάτων
828 1571 986 1606 κτᾶσθαι.
1003 1567 1111 1620 εΟρξίς

91 1634 268 1682 πανταχοῦ
289 1630 458 1681 καθαροὺς
470 1629 589 1673 αὐτοὺς
602 1629 793 1682 χρημάτων
807 1629 905 1672 ὄντας
919 1644 927 1672 ;
949 1631 1025 1667 Οὐκ
1036 1630 1110 1667 ἔστι

92 1707 143 1729 σοι
159 1708 201 1742 με
207 1709 255 1743 ρις
270 1692 420 1730 οὐῗεκλ
394 1707 482 1744 ιηρος
499 1694 532 1730 ἐν
547 1708 595 1729 τι)
609 1691 700 1743 λόγῳ
718 1691 845 1742 τούτῳ·
861 1693 882 1735 ἡ
902 1689 969 1741 γὰρ
983 1690 1109 1743 καρδία

799 1755 819 1762 ω

92 1767 152 1789 σου
170 1754 231 1790 οὐκ
250 1753 340 1791 ἔστιν
360 1755 503 1791 efflata:
490 1751 633 1790 ενωπιον
653 1756 710 1789 του
729 1754 832 1790 Θεου.
842 1749 981 1787 ‘'QG-3
963 1749 1033 1788 απὸ
1047 1767 1110 1797 της

91 1813 215 1856 κακίας
228 1815 341 1852 πάντα
358 1814 521 1866 επραττε·
542 1829 601 1851 και
619 1813 686 1865 μὴν
702 1814 812 1864 οἶφε)
791 1829 812 1858 τ,
834 1811 902 1848 ἔοει
921 1815 1020 1849 εἶναι.
1037 1813 1110 1848 Με-

90 1875 255 1919 τανόησον
275 1868 343 1912 οἶν.
370 1877 431 1918 Εἷς
448 1874 515 1927 γὰρ
534 1874 640 1927 χολὴν
659 1873 818 1923 πικρίας,
840 1872 900 1910 καὶ
921 1871 1107 1922 σύνδεσμον

92 1937 131 1972 ἀο
119 1936 224 1980 ικίας
244 1940 361 1988 θεωρω
382 1952 419 1974 σε
453 1938 546 1974 ὄντα
562 1938 699 1973 Πολλου
734 1938 840 1984 θυυου
873 1951 916 1972 τα
954 1951 1106 1987 ρηματα.

91 1999 142 2034 Οὐ
163 1998 246 2035 κολ
227 2000 298 2041 αζει
319 2013 354 2035 οε
376 1999 436 2035 αὐτ
439 1997 494 2044 ὸν,
511 1997 566 2035 ἵνα
582 2013 629 2047 μΓ,
646 1997 799 2035 λοιπον
782 1995 944 2073 ανάῑχμης
954 1999 975 2042 ἡ
993 1997 1108 2041 πίστις

90 2073 133 2107 ·Γ,
151 2058 205 2095 ἵνα
228 2075 275 2108 μη
290 2058 367 2096 τὸτ·
357 2066 487 2130 ,ραγυα
503 2058 596 2108 ὠμον
614 2062 702 2095 εἶναι
721 2057 774 2094 8όῖ
761 2073 818 2108 ςῃ,
841 2073 894 2094 ινα
909 2057 986 2095 τὰ
976 2061 1030 2104 ·Γ,’ς
1046 2074 1107 2108 με-

90 2135 184 2156 τανοι
189 2135 226 2162 ας
259 2120 442 2171 εἰσαγάγῃ·
467 2137 488 2165 Γ,
517 2136 576 2157 και
607 2118 658 2156 ὅτι
689 2134 789 2170 ηρκει
809 2119 855 2160 εἰς
874 2118 1053 2169 διόρθωσιν
1068 2120 1107 2157 τὸ

90 2180 240 2230 ἐλέγξαι,
265 2182 304 2219 τὸ
325 2181 368 2219 τὰ
394 2183 428 2218 ἐν
447 2185 488 2231 τῇ
509 2180 634 2232 καρδίᾳ
657 2182 777 2227 εἰπεῖν,
800 2179 838 2216 τὸ
868 2181 996 2217 ἐκεῖνον
1017 2183 1104 2230 ὅμο-

88 2243 254 2291 λογῆσαι,
273 2241 354 2279 *ὅτι
391 2241 493 2279 ἑάλω.
524 2242 586 2292 Τῷ
616 2239 682 2292 γὰρ
720 2242 838 2286 εἰπεῖν,
863 2239 916 2277 ὅτι
946 2240 1103 2287 Δεήθητε

88 2305 183 2351 ὑμεῖς
211 2302 296 2353 ὑπὲρ
324 2304 426 2352 ἐμοῦ,
444 2301 544 2339 τοῦτο’
559 2303 650 2339 ἐστιν
667 2302 913 2351 ὁμολογοῦντος
936 2303 1021 2351 ὁμοῦ
1044 2302 1103 2339 καὶ

314 2362 409 2414 εὈρα
442 2366 516 2407 πῶς
529 2392 538 2408 ,
558 2362 671 2401 καίτοι
691 2362 812 2414 μιαρὸς
830 2362 876 2399 ὧν
889 2393 898 2410 ,
917 2361 1028 2413 ὅμως,
1047 2363 1103 2402 ὅτε

85 2423 238 2475 ’ἠλέγχθη
250 2455 258 2471 ,
275 2424 351 2462 τότε
373 2423 587 2472 ἐπίστευσεν,
605 2423 723 2475 ὥσπερ
742 2423 801 2461 καὶ
818 2423 978 2467 ταπεινὸς
1001 2423 1103 2475 γέγο-

602 2487 754 2537 Θεωρῶν
784 2490 913 2536 σημεῖα
937 2484 1102 2536 γινόμενα

87 2362 285 2407 δεικνύντος.

84 2501 151 2532 νεν,
181 2485 236 2522 ὅτε
261 2485 364 2523 πάλιν
397 2485 565 2538 ἠλέγχθη.

89 2546 133 2559 DV!
274 2551 286 2566 a
298 2547 312 2559 Ν
387 2546 397 2562 Χ
461 2547 469 2561 N
529 2553 550 2561 Ν
592 2548 599 2574 v
612 2548 668 2569 ”rx-'5
784 2548 793 2559 7
924 2549 944 2568 :v
993 2563 1005 2570 ,-
1074 2541 1092 2563 ξ

84 2562 258 2594 εςιστατο,
295 2561 424 2590 οεικνυς
438 2563 477 2585 το
501 2563 568 2585 παν
583 2563 716 2599 γευοος.
746 2549 816 2595 Ου,
832 2549 1039 2598 προσῆλθεν,
1060 2563 1104 2585 ει-

84 2623 164 2651 πεν,
189 2609 279 2655 ἀλλ’,
294 2607 486 2652 Ἔξίστατο.
505 2609 573 2646 Καὶ
593 2607 626 2646 τί
646 2609 772 2655 δήποτε
802 2611 911 2647 ἐκεῖνο
939 2609 1035 2651 εὐθὺς
1064 2610 1101 2647 οὗ

83 2674 195 2715 ποιεῖ;
911 2672 945 2714 ξε
973 2669 1099 2722 τέχνην

83 2723 169 2767 εἶναι
189 2730 228 2768 τὸ
246 2736 392 2784 πρᾶγμα
405 2746 412 2752 ·
441 2730 559 2777 ἐπειδὴ
591 2730 626 2769 δὲ
647 2733 710 2769 οὐκ
739 2731 861 2783 ἴσχυσε
886 2733 1001 2769 λαθεῖν
1022 2731 1100 2776 τοὺς

213 2668 371 2719 Ἔνόμιζε
399 2669 560 2708 δύνασθαι
589 2669 781 2717 λανθάνειν,
809 2669 907 2720 ἐνόμι

81 2791 308 2838 ἀποστόλους,
331 2793 516 2843 προσῆλθε.
550 2793 696 2830 Πολλῶν
730 2792 798 2845 γὰρ
825 2792 975 2844 ἐχόντων
995 2793 1099 2832 πνεύ-

83 2868 176 2901 ματα
217 2852 394 2904 ἀκάθαρτα
409 2882 418 2899 ,
453 2855 587 2904 βοῶντα
629 2856 724 2906 φωνῇ
755 2855 888 2906 μεγάλῃ
919 2853 1099 2907 ἐξήρχετο.

82 2913 194 2951 Τοῦτο
210 2918 268 2952 τοῦ
284 2913 428 2958 ἐξελθεῖν
445 2920 587 2964 σημεῖον
602 2915 760 2968 φανερὸν,
775 2914 819 2952 τὰ
834 2914 869 2952 δὲ
885 2917 954 2952 τῶν
974 2916 1095 2967 μάγων

82 2974 301 3018 ἀπεναντίας·
322 2977 451 3025 μᾶλλον
465 2976 533 3027 γὰρ
553 2977 675 3014 ἐκεῖνοι
692 2975 751 3014 καὶ
766 2975 942 3026 ἐδέσμουν.
963 2976 1096 3014 Πολλοί

79 3050 117 3072 τε
133 3035 408 3088 παραλελυμένοι
426 3037 486 3074 καὶ
503 3037 613 3088 χωλοὶ
632 3037 923 3089 ἐθεραπεύθησαν.
958 3039 1034 3075 Οὐκ
1051 3032 1093 3084 ἦν

79 3096 222 3134 ἐνταῦθα
238 3096 371 3144 ἀπάτη·
390 3101 628 3149 περιπατῆσαι
650 3098 717 3150 γὰρ
737 3098 804 3136 ἔδει
823 3099 882 3136 καὶ
899 3101 1092 3150 ἐνεργῆσαι.

80 3157 268 3209 Προσεῖχον
292 3157 328 3196 δὲ
351 3160 445 3210 αὐτῷ
475 3158 619 3206 πάντες,
644 3158 801 3210 λέγοντες
816 3175 824 3182 ·
847 3153 943 3202 οὗτός
962 3161 1054 3198 ἐστιν
1071 3163 1093 3207 ἡ

79 3216 218 3268 δύναμις
232 3223 290 3257 τοῦ
309 3219 439 3259 1’Θεοῧ.
459 3220 634 3259 Ἐνταῦθα
651 3222 844 3273 πληροῦται
865 3221 904 3259 τὸ
920 3220 1017 3273 παρὰ
1033 3225 1092 3260 τοῦ

114 3331 126 3344 ⁸
145 3329 215 3373 [ὅτε
231 3335 307 3366 ἑάλω
323 3333 380 3375 D.]

123 3395 134 3408 ἢ
151 3385 285 3427 [Verba‚
317 3390 422 3424 δεικνὺς
445 3392 478 3421 τὸ
503 3396 560 3422 πᾶν
584 3391 693 3430 ψεῦῐος,
722 3387 913 3420 addidimus
939 3399 955 3419 e
981 3388 1021 3420 D.
1049 3396 1079 3420 et

1117 1727 1237 1792 1{Sbat
1266 1747 1361 1799 ipsos
1389 1761 1458 1784 non
1481 1760 1581 1784 nosse
1595 1761 1694 1797 ,quo
1727 1747 1789 1784 ille
1806 1747 1924 1784 animo
1953 1748 2165 1787 accederet?

2077 193 2165 241 ,155

1184 289 1404 327 denuntiare.
1425 290 1483 327 Tu
1501 302 1586 327 vero
1602 286 1740 335 mirare,
1761 286 1939 338 quomodo
1956 287 1993 326 in
2007 298 2166 342 tempore

1185 350 1394 388 calamitatis
1405 363 1472 387 non
1484 349 1678 400 negligant,
1695 347 1757 385 sed
1770 348 2012 400 praedicationi
2026 349 2165 388 incum-

1184 410 1293 459 bant;
1314 421 1346 449 et
1371 410 1547 462 quomodo
1560 439 1570 458 ,
1591 409 1684 447 sicut
1702 409 1771 446 sub
1795 411 1921 462 Moyse
1939 425 2002 463 per
2021 425 2164 463 compa-

1183 472 1353 510 rationem
1382 472 1514 509 fiebant
1541 470 1736 508 miracula:
1763 469 1810 508 ita
1843 479 1875 508 et
1907 485 2015 509 nunc.
2041 472 2164 523 Magia

1183 541 1267 581 erat,
1294 542 1326 570 et
1344 542 1460 570 tamen
1482 532 1556 570 haee
1571 531 1670 583 signa
1688 531 1872 569 manifesta
1891 541 1988 570 erant
2007 562 2016 581 ,
2040 547 2163 583 quam-

1279 208 1438 238 HOMJL.
1475 207 1587 238 xvffl
1598 226 1608 237 .

1137 604 1161 632 D
1181 593 1236 630 vis
1251 594 1390 630 nullum
1410 593 1460 630 ibi
1482 601 1657 644 oporteret
1672 606 1744 630 esse
1764 591 2035 642 daemoniacum,
2051 607 2163 644 quan-

1182 652 1373 703 doquidem
1395 668 1415 691 a
1436 654 1549 691 multo
1565 653 1640 704 jam
1659 662 1817 705 tempore
1835 653 1963 704 magiis
1983 653 2164 692 dementa-

1180 712 1242 750 bat
1257 713 1336 751 illos
1355 729 1362 749 τ
1381 714 1465 764 quia
1483 727 1566 751 vero
1582 712 1687 749 multi
1702 722 1799 750 erant
1818 712 2038 762 daemoniaci,
2056 715 2163 753 multi

1181 773 1388 825 paralytici3
1414 773 1475 810 illa
1501 772 1630 811 veritas
1659 787 1727 810 non
1749 783 1860 811 erant.
1883 774 1951 812 Hic
1982 789 2065 813 vero
2091 789 2161 814 non

1181 834 1289 883 signis
1310 833 1430 881 modo,
1451 833 1511 870 sed
1536 833 1645 871 verbo
1670 833 1750 871 illos
1770 833 1958 872 inducebat
1982 835 2026 873 de
2053 850 2163 888 regno

1182 894 1315 931 Christi
1335 894 1493 944 loquens.
1516 895 1560 930 At
1579 893 1717 941 Simon,
1739 893 1869 943 inquit,
1883 895 2081 946 baptizatus
2099 897 2162 935 ad-

1180 954 1335 992 haerebat
1358 954 1540 1006 Philippo.
1567 955 1647 992 Non
1670 954 1756 992 fidei
1785 969 1904 1005 causa,
1924 956 1986 993 sed
2015 967 2054 995 ut
2081 959 2163 996 talis

1179 1016 1254 1067 ipse
1272 1016 1383 1065 fieret,
1402 1016 1616 1053 adhaerebat.
1642 1016 1716 1066 Qui
1741 1030 1827 1053 cum
1848 1020 2048 1056 venissent
2075 1033 2163 1057 ora-

1181 1087 1316 1116 verunt
1331 1091 1401 1129 pro
1431 1080 1536 1129 ipsis,
1562 1085 1604 1114 ut
1622 1079 1837 1128 acciperent
1861 1078 2043 1129 Spiritum
2071 1094 2162 1119 san-

1179 1147 1280 1176 ctum
1311 1154 1321 1174 :
1355 1140 1526 1176 nondum
1555 1140 1657 1175 enim
1686 1140 1727 1174 in
1746 1153 1978 1191 quemquam
2004 1141 2161 1179 illorum

1176 1208 1352 1236 venerat.
1378 1201 1410 1236 T
1411 1213 1486 1236 unc
1505 1200 1754 1250 imponebant
1771 1213 1908 1238 manus
1927 1214 2041 1252 super
2054 1202 2158 1249 illos,

1175 1268 1213 1297 et
1240 1262 1483 1311 accipiebant
1508 1260 1690 1311 Spiritum
1720 1269 1911 1298 sanctum.
1948 1261 2057 1300 Vides
2086 1263 2162 1301 haec

1175 1323 1455 1371 non‘utcnmque
1473 1320 1564 1370 fieri,
1585 1320 1645 1358 sed
1665 1320 1778 1358 multa
1797 1336 1886 1374 opus
1903 1322 2011 1360 suisse
2028 1323 2162 1362 virtute

1175 1381 1223 1419 ad
1252 1381 1410 1419 dandum
1430 1382 1604 1434 Spiritum
1632 1382 1818 1419 sanetum?
1835 1383 1915 1420 Non
1938 1383 2033 1421 enim
2064 1384 2161 1422 idem

1177 1451 1227 1480 est
1247 1442 1488 1480 remissionem
1514 1442 1703 1492 consequi,
1728 1451 1760 1480 et
1778 1442 1885 1480 talem
1910 1444 2069 1495 accipere
2097 1458 2161 1496 po-

1177 1512 1349 1541 testatem.
1371 1504 1513 1540 Videns
1533 1511 1662 1540 autem
1681 1503 1825 1549 Simon,
1837 1505 1941 1556 quod
1957 1519 2026 1556 per
2043 1508 2164 1557 impo-

1175 1568 1352 1603 sitionem
1379 1578 1565 1602 manuum
1588 1565 1849 1616 apostolorum
1870 1566 2029 1603 daretur
2045 1568 2164 1618 Spiri-

1178 1634 1236 1663 tus
1265 1635 1436 1672 sanctus,
1461 1626 1600 1663 obtulit
1629 1628 1720 1677 ipsis
1736 1628 1934 1677 pecunias.
1959 1628 2053 1665 Num
2075 1628 2164 1666 alios

1176 1686 1243 1724 hoc
1264 1687 1428 1724 facientes
1449 1685 1566 1725 vidit?
1588 1699 1674 1723 num
1695 1686 1935 1738 Philippum?
1955 1701 2042 1725 num
2060 1697 2166 1740 puta-

1176 1806 1259 1844 Ideo
1279 1807 1369 1844 bene
1388 1809 1513 1845 Penus
1531 1821 1604 1844 iem
1625 1807 1758 1844 donum
1783 1816 1898 1857 v,ocat
1925 1808 2070 1847 dicens:
2090 1812 2165 1848 Pe-

1176 1871 1293 1905 cunia
1322 1877 1389 1906 tua
1409 1877 1532 1906 tecum
1558 1870 1608 1906 sit
1635 1871 1678 1905 in
1692 1870 1960 1920 perditionem,
1978 1875 2164 1923 quoniam

1175 1932 1407 1967 existimasti
1422 1930 1566 1966 donum
1578 1930 1654 1966 Dei
1676 1932 1851 1981 pecuniis
1864 1933 2160 1983 acquiri.Viden'

1175 1990 1308 2040 ubique
1326 2004 1434 2042 puros
1450 1990 1530 2028 illos
1545 2005 1564 2027 a
1581 1990 1767 2042 pecuniis?
1786 1992 1878 2029 ZVon
1897 2001 1953 2030 est
1974 1995 2045 2030 tibi
2068 2008 2162 2045 pars

1175 2064 1297 2102 neque
1322 2065 1404 2089 sors
1433 2052 1475 2088 in
1501 2065 1675 2089 sermone
1705 2054 1779 2089 isto
1796 2067 1807 2087 :
1829 2066 1895 2090 cor
1921 2056 2022 2090 enim
2052 2063 2160 2092 tuum

1174 2127 1253 2150 non
1272 2122 1328 2151 est
1341 2122 1487 2151 rectum
1507 2128 1637 2151 coram
1650 2115 1748 2151 Deo.
1767 2114 1890 2165 Itaque
1907 2129 1969 2166 per
1984 2116 2160 2155 malitiam

1173 2173 1290 2210 omnia
1321 2173 1498 2210 faciebat:
1520 2173 1617 2223 atqui
1639 2173 1838 2225 simplicem
1866 2189 1938 2212 esse
1964 2177 2158 2227 oportebat.

1172 2236 1448 2272 Poenitentiam
1466 2237 1598 2287 itaque
1617 2249 1699 2287 age.
1716 2236 1874 2288 Infelle
1893 2240 1995 2274 enim
2014 2243 2160 2277 amari-

1173 2297 1334 2343 tudinis,
1355 2305 1391 2334 et
1408 2299 1451 2333 in
1470 2297 1630 2334 vinculo
1647 2299 1866 2348 iniquitatis
1880 2300 1997 2336 video
2014 2309 2050 2338 te
2065 2315 2159 2340 esse.

1171 2357 1311 2407 Magnae
1330 2357 1391 2394 irae
1418 2356 1529 2394 verba
1548 2366 1639 2395 sunt.
1657 2359 1736 2395 Non
1757 2358 1859 2409 punit
1879 2368 1997 2397 autem
2015 2361 2132 2413 ipsum
2149 2392 2160 2412 ,

1170 2426 1209 2454 ut
1237 2431 1281 2454 ne
1299 2417 1464 2469 deinceps
1492 2417 1581 2455 fides
1601 2432 1646 2456 ex
1664 2418 1867 2456 necessitate
1886 2429 1985 2470 esset,
2014 2436 2077 2460 nec
2104 2438 2160 2461 res

1171 2477 1327 2516 crudelis
1346 2492 1419 2515 esse
1434 2477 1615 2516 videretur
1626 2494 1637 2528 3
1661 2488 1770 2529 utque
1789 2480 2034 2530 poenitentiam
2053 2483 2158 2521 indu-

1170 2550 1286 2578 ceret:
1318 2541 1375 2579 vel
1403 2540 1486 2591 quia
1513 2540 1560 2578 ad
1590 2540 1842 2579 correctionem
1870 2543 2070 2582 sufficiebat
2096 2560 2156 2582 ar-

1169 2605 1298 2656 guisse,
1315 2614 1348 2642 et
1364 2619 1442 2655 quae
1456 2604 1492 2641 in
1512 2604 1618 2641 corde
1634 2613 1732 2642 erant
1748 2604 1896 2654 dixisse,
1912 2615 1952 2644 ut
1970 2607 2031 2645 ille
2047 2609 2158 2646 confi—

1169 2675 1299 2704 teretur
1325 2681 1361 2704 se
1388 2674 1531 2717 captum
1554 2680 1637 2704 esse.
1658 2666 1749 2703 Cum
1767 2666 1860 2705 enim
1890 2667 1998 2718 dicit,
2016 2672 2157 2708 Preca-

1168 2731 1266 2765 mini
1284 2741 1356 2766 vos
1379 2741 1450 2779 pro
1476 2741 1549 2775 me,
1567 2727 1607 2764 id
1627 2726 1814 2765 confitetur
1832 2737 1865 2765 ct
1890 2728 2036 2767 indicat.
2058 2731 2156 2770 Vide

1167 2790 1344 2841 quomodo
1364 2788 1528 2840 quamvis
1556 2789 1722 2827 scelestus
1740 2798 1840 2836 esset,
1873 2790 2081 2842 redargutus
2099 2801 2155 2831 ta-

1168 2867 1247 2890 men
1270 2851 1436 2901 credidit,
1457 2860 1495 2888 ut
1511 2860 1543 2889 et
1563 2851 1711 2888 humilis
1725 2851 1838 2889 factus
1851 2861 1914 2902 est,
1932 2854 2072 2903 quando
2090 2855 2155 2893 ite-

1167 2929 1248 2952 rum
1267 2914 1479 2965 redargutus
1497 2922 1561 2951 est.
1583 2914 1724 2951 Videns
1743 2916 1869 2965 signa,
1887 2916 2149 2968 quoefiebant,

1169 2979 1376 3028 obstupuit,
1393 2974 1577 3013 ostendens
1593 2974 1816 3012 mendacium
1833 2974 1955 3023 fuisse,
1972 2977 2152 3028 quidquid

1167 3037 1242 3089 ipse
1260 3038 1421 3076 faciebat.
1437 3038 1516 3075 Non
1533 3036 1641 3084 dixit,
1656 3036 1826 3084 Accessit3
1843 3036 1914 3084 sed,
1933 3039 2149 3091 Obstupuit.

1119 3109 1142 3139 C
1168 3100 1215 3138 Et
1234 3114 1297 3138 cur
1319 3114 1388 3138 non
1417 3100 1486 3138 hoc
1512 3099 1630 3137 statim
1658 3098 1770 3136 facit.O
1798 3099 1950 3137 Putabat
1980 3115 2016 3139 se
2047 3116 2152 3154 posse

1166 3160 1287 3211 latere,
1306 3161 1455 3213 putabat
1472 3169 1583 3198 artem
1600 3173 1673 3197 esse
1690 3158 1785 3209 quod
1805 3159 1933 3198 fiebat:
1950 3161 2012 3212 qui
2031 3172 2149 3201 autem

1167 3237 1237 3261 non
1267 3223 1384 3276 potuit
1409 3221 1585 3274 apostolos
1617 3221 1740 3270 latere,
1770 3222 1927 3261 accessit.
1947 3223 1990 3261 A
2017 3226 2151 3264 multis

1145 3336 1308 3370 Commel.
1327 3335 1496 3378 Expressit
1513 3345 1645 3377 quoque
1661 3335 1845 3377 Erasmus.]

1192 3391 1208 3414 h
1225 3388 1287 3420 Alii
1304 3393 1381 3423 θεοῦ,
1401 3392 1449 3421 καὶ
1466 3391 1641 3429 ἐπληροῦτο.
