2502 3810
802 243 846 273 IN
883 241 1023 272 EPIST.
1062 240 1121 270 AD
1157 239 1266 270 ROM.

155 331 274 381 μισθὸν
289 332 510 380 καταὸαλείν,
525 332 614 370 ἀλλὰ
634 335 676 383 τῇ
699 331 873 383 κενοδοςίᾳ
890 331 949 369 καὶ
968 331 1092 368 σαυτὸν
1110 330 1169 367 καὶ

151 392 194 428 τὰ
220 397 345 431 σαυτοῦ
365 395 480 430 πάντα
499 392 666 436 ἐξέδωκας
681 407 688 415 ·
717 391 859 443 καὶγὰρ
880 393 1008 429 ἐκεῖθεν
1030 391 1168 428 ἅπαντα

151 456 260 490 ταῦτα
285 453 466 505 ἤρτηνται.
487 453 578 491 Οὐδὲ
596 453 663 506 γὰρ
681 452 786 496 ἵππος
813 451 956 503 βελτίων
976 451 1016 488 ἂν
1033 450 1166 502 γε’νοιτο

150 513 234 564 πρὸς
251 513 313 559 τὴν
334 513 460 564 ἀρετὴν
480 516 583 551 αὐτοῦ
599 544 608 559 ,
627 514 684 552 τὸν
705 513 833 563 κόσμον
852 510 1073 564 περιθέμενος
1091 514 1165 548 τοῦ·

149 589 219 620 τον,
232 574 309 611 οὔτε
323 577 339 611 ὁ
354 574 547 624 καθήμενος
565 576 619 611 ἐπ’
640 575 743 611 αὐτοῦ
759 574 937 624 ἄνθρωπος
949 602 958 619 ,
977 571 1054 608 ἀλλ’
1073 570 1164 608 ἔστιν

149 633 204 671 ὅτε
224 634 282 671 καί
302 634 516 686 ἀτιμότερος.
537 634 667 672 Πολλοὶ
689 634 756 685 γὰρ
776 632 916 684 ἀφέντες
936 632 993 669 τὸν
1013 630 1165 681 ὀχούμε-

150 709 217 740 νον,
235 694 318 744 πρὸς
334 695 390 732 τὸν
411 694 540 744 κόσμον
555 698 614 732 τοῦ
630 694 738 732 ἵππου
754 693 918 744 τρέπουσι
937 690 1014 734 τοὺς
1032 692 1163 741 ὀφθαλ-

1305 239 1460 271 HoMn„
1499 241 1561 271 XL
2129 225 2222 289 ὅρα

1239 343 1343 379 eques
1358 328 1593 380 praestantior,
1609 328 1671 367 sed
1690 342 1957 379 nonnumquam
1989 327 2074 366 hinc
2108 330 2222 379 magis

1237 388 1419 440 despectui
1432 389 1594 426 habetur.
1609 388 1718 426 Multi
1733 402 1884 438 namque
1903 388 2011 426 misso
2032 402 2165 426 sessore
2175 388 2222 425 ad

1238 457 1401 486 ornatum
1420 449 1503 499 equi
1520 449 1639 487 oculos
1657 457 1880 496 convertunt,
1897 462 2031 486 necnon
2045 448 2091 486 ad
2105 449 2222 486 famu-

1236 509 1288 546 los
1304 519 1484 560 sequentes
1504 519 1536 547 et
1556 519 1765 562 praeeuntes,
1783 524 1910 561 eosque
1922 510 1984 560 qui
2002 510 2147 547 turbam
2160 509 2222 547 de·

1235 569 1374 620 pellunt
1394 585 1401 605 :
1421 583 1501 607 eum
1518 584 1600 608 vero
1611 569 1672 620 qui
1692 570 1765 607 illis
1781 570 1932 622 stipatur
1949 569 2111 618 oderunt,
2132 579 2165 607 et
2183 579 2222 607 ut

1236 643 1458 668 communem
1485 631 1622 668 hostem
1650 640 1867 668 aversantur.
1903 632 1949 668 At
1968 644 2037 668 non
2054 631 2121 668 hoc
2139 644 2223 668 con-

1235 689 1340 740 tingit
1361 704 1441 727 eum
1458 690 1617 727 animum
1632 704 1801 739 exornas,
1826 690 1889 727 sed
1906 690 2079 736 homines,
2104 690 2222 741 angeli

151 753 252 802 μοὺς,
269 754 328 791 καὶ
346 754 423 797 τοὺς
443 754 630 805 ἑπομένους
651 754 786 796 οἰκέτας
812 753 871 790 καὶ
891 751 968 795 τοὺς
987 765 1163 801 προηγου-
1178 779 1224 805 541
1236 758 1270 786 et
1288 751 1495 800 augelorum
1517 751 1705 797 Dominus,
1727 749 1880 799 denique
1909 764 2029 788 omnes
2040 751 2105 787 tihi
2121 765 2221 788 coro-

151 814 271 863 μένους
290 814 349 851 καὶ
368 814 444 857 τοὺς
467 815 654 856 σοὸοῦντας
670 828 678 836 ·
700 814 758 851 τὸν
784 813 818 851 δὲ
838 812 904 850 ὑπὸ
921 810 1050 848 τούτων
1070 811 1166 861 δορυ-

150 874 357 927 φορούμενον
377 876 435 912 καὶ
453 879 614 926 μισοῦσι,
630 874 688 911 καὶ
705 872 979 923 ἀποστρέφονται
994 874 1039 913 ὡς
1054 870 1164 908 κοινὸν

150 936 282 987 ἐχθρόν.
309 936 399 973 Ἀλλ’
435 938 500 986 οὐχ
531 936 611 972 ὅταν
642 933 705 978 τὴν
738 931 852 983 ψυχὴν
881 933 1035 981 κοσμῇς,
1065 933 1166 966 τοῦτο

150 996 349 1044 συαὸαίνει,
373 995 463 1034 ἀλλὰ
485 995 543 1032 καὶ
560 994 734 1044 ἅνθρωποι
752 991 810 1029 καὶ
828 990 968 1041 ἄγγελοι
984 1005 1043 1026 και
1060 991 1077 1026 ὃ
1095 992 1163 1026 τῶν

148 1055 302 1104 ἀγγέλων
318 1055 496 1100 Δεσπότης
510 1083 519 1099 ,
538 1053 664 1095 πάντες
683 1068 735 1090 σοι
751 1052 808 1089 τὸν
828 1065 994 1101 στεφανον
1011 1048 1079 1086 πλ’
1063 1065 1165 1086 εκου-

147 1129 211 1151 σιν.
232 1113 368 1160 Ἵὶστε,
389 1117 418 1151 εἷ
449 1113 548 1158 δόξης
534 1115 666 1164 ςερᾶς,
692 1111 862 1157 ἀπόστηθι
886 1109 1016 1147 τούτων
1036 1112 1083 1146 ων
1105 1125 1162 1147 νυν

144 1179 270 1220 ποιεῖς,
298 1189 356 1211 και
375 1173 422 1223 μὴ
443 1173 505 1218 τὴν
534 1172 658 1219 οἰκίαν,
681 1172 771 1210 ἀλλὰ
798 1170 860 1217 τὴν
881 1171 955 1220 ψυγ
956 1185 998 1216 ην
1018 1167 1162 1206 καλλώ-

145 1236 242 1281 πιζε,
270 1234 327 1272 ἵνα
345 1233 426 1285 γένῃ
455 1234 614 1285 λαμπρὸς
634 1232 692 1270 καὶ
721 1231 935 1284 περιφανής·
965 1233 1011 1274 ὥς
1037 1234 1094 1267 νῦν
1123 1245 1162 1278 γε

144 1295 239 1333 οὐδέν
257 1311 315 1333 σου
334 1294 458 1346 γένοιτ’
477 1294 516 1331 ἂν
537 1294 774 1346 εὐτελέστερον
789 1292 922 1344 ἐρήμην
943 1292 1080 1342 ἔχοντος
1099 1291 1160 1337 τὴν

142 1355 272 1407 ψυχὴν,
303 1356 362 1394 καὶ
383 1356 422 1394 τὸ
441 1358 502 1401 τῆς
524 1355 633 1398 οἰκίας
652 1353 936 1406 προὲαλλομένου
955 1352 1094 1394 κάλλος.
1117 1354 1162 1391 Εἰ

144 1416 179 1453 δὲ
199 1417 261 1453 οὐκ
286 1415 392 1467 ἀνέχῃ
415 1419 482 1454 τῶν
500 1417 583 1468 παρ’
605 1417 688 1466 ἐμοῦ
716 1414 926 1466 λεγομένων,
956 1414 1103 1451 ἄκουσον
1128 1413 1162 1450 τί

143 1478 210 1513 τῶν
231 1476 352 1519 ἔξιι)θε’ν
386 1492 437 1518 τις
463 1476 625 1523 ἐποίησε,
654 1475 714 1513 καὶ
750 1474 956 1526 αἷσχύνθητι
988 1473 1160 1524 τὴννγοῧν

143 1536 281 1573 ἐκείνων
301 1536 513 1588 φιλοσοφίαν.
533 1536 681 1588 Λέγεται
710 1537 778 1587 γάρ
809 1551 860 1577 τις
880 1534 1018 1572 ἐκείνων
1045 1536 1092 1576 εἷς
1112 1534 1159 1572 οἷ-

141 1597 217 1635 κίαν
234 1598 399 1650 λαμπρὰν
420 1597 593 1646 εἰσελθὼν,
614 1599 732 1648 πολλῷ
755 1596 818 1647 μὲν
837 1596 1157 1646 καταλαμπομένην

141 1658 294 1711 γρυσίιι),
320 1659 477 1710 πολλῳ
459 1675 494 1696 ιε
514 1658 867 1709 *ἀπαστράπτουσαν
893 1673 942 1694 τι)
969 1673 1037 1694 των
1069 1672 1157 1708 μαρ-

143 1735 261 1771 ααρων
282 1719 339 1756 καὶ
360 1721 427 1756 τῶν
448 1718 569 1756 κιόνων
591 1719 736 1764 κάλλει,
761 1717 879 1764 {nsit}
900 1733 959 1755 και
977 1717 1052 1755 τὸ
1034 1718 1157 1769 εδαοος

140 1781 206 1817 εῖοε
232 1795 322 1817 παντ
310 1784 409 1831 αχοῧ
423 1779 582 1826 τάπητας
610 1778 984 1831 ἔχονέστορεσμένους,
1008 1780 1080 1822 ἱὶεἰς
1093 1778 1155 1825 τὴν

139 1841 251 1878 ὄὺινὲ
236 1841 411 1891 εαπτύσαι
435 1855 493 1877 του
525 1856 587 1886 we
608 1840 717 1882 οἰκίας
737 1839 922 1878 δεσπότου·
952 1843 1025 1876 εἶτα
1051 1842 1154 1890 ἐγκα-

137 1900 301 1950 λουμενος
333 1902 452 1948 εἰπεῖν,
475 1899 532 1938 διὰ
550 1901 588 1938 τὸ
609 1901 772 1950 μηοαιωῧ
793 1903 855 1946 τῆς
875 1899 983 1942 οἰκίας
1013 1899 1154 1952 ἑτέρωθι

138 1967 236 2001 τοῦτο
258 1962 380 2006 ἐξεῖναι
412 1966 557 2008 ποι-ἧσαι
572 1990 581 2006 ,
614 1965 660 2004 εἰς
686 1961 748 2007 τὴν
780 1962 857 2013 ὄψιν
894 1963 1155 2012 ἀναγκασθῆναι

138 2023 277 2074 §sipiani
304 2023 365 2068 τὴν
395 2022 536 2061 ἐκείνου.
568 2022 675 2074 εΟρδιις
705 2025 778 2065 πῶς
800 2022 1058 2072 καταγέλαστος
1074 2025 1091 2059 ὃ
1111 2021 1154 2059 τὰ

138 2083 257 2127 ἔξωθεν
275 2083 502 2126 καλλωπίζων
520 2083 613 2130 ἐστὶ,
629 2083 687 2120 καὶ
707 2082 804 2134 παρὰ
823 2089 927 2120 πᾶσιν
944 2082 1154 2135 εὐκαταφρό-

138 2159 236 2190 νητος
253 2149 323 2186 τοῖς
341 2149 416 2182 νοῦν
443 2143 578 2195 ἔχουσι,
598 2144 666 2181 Καὶ
694 2143 789 2193 μάλα
807 2142 958 2185 εἰκότως.
981 2141 1071 2181 Οὐδὲ
1086 2142 1153 2193 γὰρ

137 2206 166 2240 εἰ
184 2203 245 2250 τὴν
265 2204 418 2242 σύνοικόν
434 2220 485 2247 τις
499 2203 594 2256 ἀφεὶς
606 2203 668 2249 τὴν
687 2203 751 2250 σὴν
766 2203 870 2254 ῥάκια
888 2202 904 2223 b
918 2207 1151 2254 περικεῖσθαι,

1190 816 1215 844 Α
1237 823 1318 846 nam
1335 820 1491 847 nectunt.
1512 812 1636 860 Itaque
1657 811 1685 847 si
1698 810 1848 860 gloriam
1879 824 1986 858 amas,
2013 811 2057 848 ab
2085 811 2128 848 iis
2143 825 2220 861 quae

1236 883 1330 907 nunc
1343 870 1428 907 facis
1449 871 1593 919 absiste,
1614 884 1676 907 nec
1695 870 1854 917 domum,
1873 871 1935 908 sed
1953 872 2108 908 animam
2119 886 2222 908 exor-

1236 945 1295 979 na,
1312 941 1352 968 ut
1372 932 1419 969 sis
1440 932 1646 983 splendidus
1665 941 1699 969 et
1728 932 1890 970 illustris.
1910 934 2013 970 Nunc
2039 943 2130 970 certe
2165 934 2221 971 ni-

1233 991 1287 1027 hil
1307 1000 1341 1028 te
1356 992 1465 1030 vilius
1478 992 1596 1037 fuerit,
1616 992 1678 1042 qui
1711 991 1887 1029 desertam
1918 992 2033 1030 habes
2049 993 2218 1042 animam,

1235 1059 1267 1088 et
1287 1051 1413 1089 domus
1434 1052 1739 1104 pulchritudinem
1770 1061 1932 1090 ostentes.
1954 1054 1993 1090 Si
2012 1067 2096 1091 vero
2124 1054 2221 1092 dicta

1233 1125 1310 1149 mea
1330 1126 1398 1150 non
1419 1113 1583 1162 sustines,
1606 1113 1689 1150 audi
1709 1113 1797 1164 quid
1812 1122 2014 1151 exterorum
2042 1114 2221 1167 quispiam

1232 1171 1366 1220 fecerit,
1390 1182 1422 1210 et
1444 1182 1478 1211 te
1497 1173 1628 1225 pudeat
1643 1173 1700 1212 vel
1717 1182 1846 1212 exterae
1866 1174 2112 1226 philosophiae.
2133 1177 2221 1212 Nar-

1232 1241 1332 1270 ratur
1351 1233 1497 1271 illorum
1515 1233 1719 1286 quempiam
1746 1234 1782 1271 in
1811 1234 1960 1271 domum
1995 1234 2221 1285 splendidam

1230 1293 1380 1342 venisse,
1414 1295 1608 1346 fulgentem
1644 1295 1881 1332 marmoribus
1913 1304 1945 1332 et
1974 1294 2221 1333 columnarum

1230 1353 1514 1404 pulchritudine3
1534 1368 1616 1392 cum
1636 1363 1755 1391 autem
1772 1354 2018 1406 pavimentum
2037 1354 2144 1392 etiam
2163 1355 2221 1394 vi-

1231 1412 1340 1451 disset
1357 1414 1536 1465 tapetibus
1553 1423 1715 1463 stratum,
1733 1414 1769 1451 in
1785 1414 1911 1451 faciem
1937 1413 2073 1451 domini
2090 1414 2220 1452 aedium

1230 1475 1435 1526 conspuisse
1453 1491 1460 1511 :
1478 1475 1741 1527 improperante
1764 1485 1883 1512 autem
1898 1474 1961 1512 illo
1979 1475 2218 1527 respondisse,

1230 1535 1312 1586 quia
1325 1536 1362 1573 in
1378 1537 1477 1574 nulla
1496 1537 1566 1574 alia
1576 1536 1705 1574 domus
1716 1545 1816 1588 parte
1829 1535 1867 1573 id
1879 1536 1993 1574 facere
2002 1536 2144 1584 licebat,
2159 1550 2218 1573 co-

1182 1596 1205 1624 B
1229 1605 1348 1634 actum
1373 1611 1408 1635 se
1430 1598 1538 1635 fuisse
1560 1597 1680 1636 vultui
1717 1598 1832 1649 ipsius
1854 1597 1948 1635 hanc
1967 1598 2220 1635 contumeliam

1227 1655 1367 1695 inferre.
1387 1658 1518 1697 Viden'
1537 1672 1644 1709 quam
1673 1657 1850 1695 ridiculus
1877 1658 1924 1695 sit
1942 1658 1984 1708 is,
1997 1659 2059 1708 qui
2072 1668 2219 1696 externa

1228 1729 1340 1765 ornat,
1354 1729 1387 1757 et
1400 1734 1508 1770 quam
1527 1718 1626 1772 apud
1646 1733 1766 1757 omnes
1781 1728 1897 1756 mente
1911 1719 2068 1757 valentes
2085 1719 2217 1771 despe-

1227 1780 1300 1817 ctui
1333 1780 1532 1818 habeatur?
1555 1779 1601 1817 Et
1623 1779 1767 1830 quidem
1797 1779 1880 1830 jure
1915 1778 2054 1816 merito.
2095 1780 2218 1830 Neque

1226 1840 1320 1877 enim
1340 1841 1369 1878 si
1385 1841 1476 1891 quis,
1492 1855 1603 1879 uxore
1620 1850 1683 1878 tua
1701 1841 1737 1877 in
1748 1841 1864 1877 lacero
1875 1848 1907 1877 et
1925 1840 1990 1877 vili
2013 1839 2141 1877 habitu
2161 1854 2217 1877 re-

1224 1901 1324 1952 licta,
1367 1903 1515 1941 ancillas
1552 1902 1740 1955 splendida
1775 1911 1872 1940 veste
1898 1901 2149 1951 circumdaret,
2180 1902 2218 1939 id

1226 1977 1326 2014 aequo
1346 1964 1463 2001 auimo
1478 1965 1599 2011 ferres,
1632 1963 1694 2000 sed
1722 1962 2009 2012 excandesceres,
2028 1962 2134 2013 idque
2155 1978 2217 2015 pro

1227 2038 1364 2062 summa
1378 2024 1590 2062 contumelia
1606 2025 1764 2062 haberes.
1794 2025 1871 2061 Hoc
1895 2033 1928 2061 et
1947 2024 1991 2062 de
2019 2024 2136 2062 anima
2156 2034 2216 2062 tua

1227 2085 1352 2135 cogita.
1385 2085 1476 2122 Cum
1501 2085 1597 2122 enim
1618 2099 1750 2133 muros,
1776 2084 2039 2137 pavimentum,
2063 2085 2217 2136 supelle-

1226 2146 1345 2183 ctilem
1358 2156 1390 2184 et
1406 2147 1543 2197 reliqua
1561 2147 1679 2183 omnia
1694 2160 1852 2194 exornes,
1872 2146 2009 2197 largam
2023 2160 2108 2183 vero
2128 2147 2217 2184 elee—

1225 2220 1412 2258 mosynam
1437 2221 1507 2244 non
1544 2220 1678 2257 eroges,
1717 2220 1780 2244 nee
1809 2207 1917 2243 aliam
1950 2207 2218 2258 philosophiam

134 2264 192 2301 >²²¹²
208 2264 432 2314 ἦ’*ἓ)ἠμένην
453 2258 563 2310 εἶναι,
585 2264 645 2306 τὰς
662 2263 906 2315 θεραπαινίῡας
923 2265 1072 2314 λαμπρᾷ
1091 2278 1153 2300 πε·
1175 2268 1198 2298 C
1223 2280 1400 2317 exerceas,
1416 2268 1508 2305 nihil
1523 2267 1638 2315 aliud,
1666 2281 1776 2317 quam
1802 2266 1841 2304 id
1861 2267 1957 2317 quod
1981 2267 2076 2314 dixi,
2100 2267 2213 2316 facis5

136 2341 185 2377 ριε
171 2324 273 2363 'eale
287 2326 370 2362 στολ
362 2341 391 2376 ιῃ
405 2354 414 2370 ,
428 2341 548 2377 πραως
565 2324 603 2361 ἂν
619 2324 809 2386 ἥνερζας,
802 2323 893 2361 ἄλλα
907 2322 1146 2374 παρωξύνθης,

131 2401 190 2423 και
207 2385 346 2437 ὕὸριν*
330 2401 370 2422 αν
389 2386 427 2423 τὸ
455 2401 602 2437 πραγμα
628 2385 756 2437 ἔφησας
777 2388 864 2422 εἰναι
895 2400 958 2430 την
981 2400 1149 2436 εσχατην.

131 2448 245 2485 Τουτο
264 2446 376 2485 τοίνυν
398 2463 457 2485 και
480 2447 538 2485 ἐπὶ
554 2464 615 2493 της
631 2448 745 2498 ψυχης
762 2445 914 2496 λογίζου.
930 2445 958 2465 ⁰
951 2444 1064 2483 Οταν
1082 2445 1150 2497 γὰρ

130 2507 207 2549 τοὺς
227 2507 288 2557 μὲν
310 2507 444 2559 τοίχους
463 2507 522 2545 καὶ
541 2508 580 2545 τὸ
596 2506 717 2558 ἔδαφος
737 2506 795 2544 καὶ
813 2505 857 2544 τὰ
877 2505 1007 2544 ἔπιπλα
1026 2506 1084 2542 καὶ
1105 2505 1149 2542 τὰ

130 2569 220 2605 ἄλλα
237 2568 350 2606 πάντα
361 2568 581 2618 καλλωπίζῃς
593 2599 601 2615 ,
619 2567 854 2618 ἐλεημοσύνην
873 2567 907 2604 ῗὲ
925 2567 973 2617 μὴ
991 2566 1148 2619 παρέχῃς

130 2630 257 2680 δαψιλῆ
270 2657 278 2672 ,
300 2628 386 2679 μηδὲ
405 2629 466 2675 τὴν
484 2629 590 2675 ἄλλην
609 2632 718 2679 ἀσκῇς
733 2628 948 2680 φιλοσοφίαν,
963 2627 1057 2665 οὐδὲν
1076 2628 1149 2665 ἕτε-

131 2704 185 2740 ρον
201 2689 222 2734 ἢ
237 2693 337 2727 τοῦτο
352 2696 459 2732 ποιεῖς
471 2720 480 2736 ,
497 2690 626 2739 μᾶλλον
645 2688 680 2726 δὲ
697 2690 736 2727 τὸ
755 2690 874 2740 πολλῷ
890 2688 1146 2763 χαλεπώτερον.

129 2751 203 2795 Ἰἢς

127 2826 197 2856 σον,
220 2813 313 2856 τῆς
300 2810 334 2848 δὲ
357 2814 471 2863 ὺυχης
489 2827 548 2849 και
568 2813 630 2856 τῆς
647 2827 773 2862 σαρκος
790 2810 876 2849 πολὺ
902 2826 940 2848 το
962 2811 1145 2862 διάφορον·

226 2767 268 2800 ’ΛΞ
271 2766 287 2786 V
307 2749 374 2803 (ὰρ
394 2749 474 2788 000)
468 2764 515 2796 ιηζ
535 2766 594 2787 καὶ
615 2752 677 2795 τῆς
697 2749 879 2796 ΟΞσπΟίνης
899 2765 993 2786 Ουῡέν
1022 2765 1062 2786 TO
1083 2765 1144 2798 υ-Ξ·

127 2872 195 2908 si?
178 2871 212 2909 οὲ
241 2874 302 2918 τῆς
328 2873 473 2923 σαρκὸς,
492 2873 611 2910 πολλω
633 2874 762 2922 μαλλον
783 2888 844 2917 της
863 2873 978 2941 ψυχης
1006 2887 1065 2908 και
1084 2873 1146 2915 τ’ἦς

1223 2328 1296 2366 imo
1317 2328 1503 2380 quidpiam
1526 2329 1629 2379 longe
1648 2328 1806 2379 gravius.
1825 2329 1919 2365 Nam
1935 2328 2103 2365 ancillam
2126 2328 2218 2365 inter

1226 2399 1259 2427 et
1281 2389 1463 2427 dominam
1491 2389 1633 2428 nullum
1649 2397 1700 2426 est
1717 2388 1920 2438 discrimen,
1948 2389 2041 2426 inter
2060 2388 2217 2426 animam

1224 2465 1306 2490 vero
1325 2459 1359 2488 et
1378 2464 1519 2487 carnem
1536 2463 1662 2500 magna
1678 2459 1728 2486 est
1742 2449 1954 2486 differentia.
1989 2449 2098 2497 Quod
2117 2449 2147 2486 si
2168 2449 2215 2487 ita

1221 2521 1286 2558 est,
1316 2511 1429 2548 multo
1460 2511 1574 2561 magis
1594 2510 1684 2547 inter
1715 2510 1871 2547 animam
1890 2519 1923 2547 et
1942 2510 2105 2560 domum,
2126 2510 2217 2547 inter

1221 2572 1376 2608 animam
1397 2581 1431 2608 et
1445 2571 1576 2608 lectum
1594 2584 1633 2607 ac
1654 2569 1934 2621 suppedaneum.
1959 2570 2038 2615 Qua
2061 2584 2144 2620 ergo
2161 2570 2216 2606 di-

1221 2646 1310 2683 gnus
1330 2633 1531 2670 defensione
1564 2631 1688 2678 fueris,
1725 2631 1787 2681 qui
1816 2631 1891 2669 haec
1925 2631 2042 2668 omnia
2065 2641 2214 2682 argento

1221 2702 1396 2744 contegas,
1417 2693 1517 2729 illam
1537 2705 1622 2729 vero
1642 2691 1801 2741 negligas
1815 2690 1940 2742 pannis
1955 2691 2082 2728 laceris
2107 2705 2209 2743 oper-

1219 2764 1304 2799 tam,
1336 2753 1552 2804 squalidam,
1582 2752 1808 2797 esurientem,
1843 2752 1960 2803 plagis
1987 2753 2165 2800 refertam,
2195 2766 2214 2788 a

1218 2815 1314 2852 mille
1329 2815 1475 2853 canibus
1489 2814 1726 2865 discerptam,
1740 2816 1777 2849 *et
1796 2822 1916 2865 postea
1934 2822 2034 2864 putes
2051 2823 2084 2850 te
2103 2813 2215 2864 gloria

1217 2879 1314 2916 affici
1346 2893 1391 2916 ex
1422 2887 1549 2916 ornatu
1574 2875 1850 2927 circumposito?
1872 2876 1910 2913 id
1944 2876 2040 2926 quod
2066 2890 2213 2913 sumnia:

124 2932 233 2976 ῡῖκίᾱς
247 2963 255 2979 ι
275 2933 333 2971 καὶ
351 2949 412 2978 Τῆς
432 2934 545 2984 ψυγῆς
564 2948 623 2970 και
645 2949 706 2978 ἠς
725 2931 844 2977 κλίνης
861 2948 918 2970 'Mt'-
937 2936 996 2969 ’ῖῦῧ
1013 2935 1108 2969 ὖπῡπ
1111 2946 1144 2968 0·
1167 2942 1192 2970 D
1217 2948 1267 2976 est
1286 2938 1474 2987 amentiae,
1497 2935 1593 2987 quod
1609 2949 1734 2987 nempe
1754 2949 1834 2972 cum
1855 2935 2056 2983 irridearis,
2080 2944 2215 2973 contu-

444 2993 533 3037 ἄξιος
556 2995 620 3031 ἀπι-
612 2993 785 3042 λομῖας
770 3009 810 3030 αν
832 2993 922 3039 εἴης,
949 3008 1059 3030 ταυτα
1080 2991 1142 3041 μὲν

124 2993 208 3031 δίου.
230 2994 340 3036 Ποίας
358 2997 414 3031 οὖν

124 3053 260 3092 ἅπαντα
291 3054 441 3107 ἀργυρίω
462 3056 581 3106 πολ)ῳ
602 3055 753 3106 περιόαλ
745 3057 836 3100 λων,
857 3053 990 3098 εκείνην
1019 3067 1054 3090 οε
1076 3068 1141 3089 πε-

125 3124 246 3173 ριορῶν
269 3124 534 3174 ῥακοδυτοῖῑσαν,
550 3124 756 3173 αὐχμῶσαν,
778 3124 966 3167 πεινῶσαν,
983 3120 1143 3171 τραυμά-

126 3203 192 3226 των
210 3186 393 3238 γέμουσαν,
411 3187 477 3225 ὑπὸ
494 3187 622 3240 μυρίων
640 3188 928 3239 σπαραττομένην
944 3190 1067 3232 κυνῶν,
1082 3186 1141 3224 καὶ

173 3302 187 3317 “
211 3300 221 3343 l
236 3308 462 3347 ἀςτράπτουσαν
480 3303 536 3344 Α,]

171 3365 183 3379 ⁸
208 3355 289 3386 Erat
313 3353 364 3385 ille
378 3353 572 3396 Aristippus.
592 3353 676 3386 Vide
699 3355 878 3398 Diogenem
902 3356 1069 3388 Laeuium
1097 3355 1130 3388 in

131 3406 310 3450 Aristipp0.
326 3406 380 3448 [A.
398 3411 596 3450 ἐςτρωμέιους
614 3417 674 3449 pro
691 3408 943 3452 {nefingi-³04]

1216 3000 1320 3038 melia
1341 3009 1447 3050 atque
1467 2999 1598 3051 probro
1630 2996 1813 3046 afficiaris,
1839 3005 1871 3033 et
1894 2996 1930 3034 in
1952 2996 2104 3034 dedecus
2124 3007 2157 3034 et
2177 2997 2213 3034 in

1214 3071 1415 3099 extremum
1436 3060 1520 3097 hinc
1540 3057 1757 3110 supplicium
1784 3056 1934 3103 incidas,
1965 3057 2000 3094 iu
2020 3058 2077 3094 his
2095 3057 2215 3094 adhuc

1216 3123 1281 3160 tibi
1315 3123 1466 3174 placeas.
1501 3119 1743 3166 Quamobrem
1768 3131 1832 3155 oro
1872 3127 1905 3155 et
1938 3119 2100 3168 obsecro,
2137 3118 2214 3155 haec

1214 3185 1331 3222 omnia
1356 3183 1548 3235 cogitantes
1582 3181 1734 3219 velsero
1760 3179 1908 3217 tandem
1942 3180 2210 3232 resipiscamus,

1306 3325 1403 3336 ιιιιιιι
1394 3303 1531 3337 τέὒῆσΟΑι
1549 3299 1588 3330 A.
1607 3304 1639 3329 et
1656 3307 1770 3339 margo
1787 3295 1886 3328 Savii.
1894 3296 1904 3337 ]

1241 3364 1253 3377 c
1279 3353 1332 3385 Sic
1351 3353 1425 3387 MSS,
1444 3357 1543 3382 recle.
1564 3348 1683 3380 Editi'
1672 3354 1743 3382 όταν
1759 3351 1798 3389 μὲ
1802 3362 1895 3385 ντους
1911 3362 1950 3390 με
1954 3365 1967 3380 ν
1983 3351 2108 3389 τοίχους

2278 1186 2423 1226 Aristippi

2235 1227 2367 1256 historia.
