2502 3810
661 271 666 273 ’
701 273 741 301 ΙΝ
781 271 893 300 ACTA
931 270 1268 300 APOSTOLORUM.

161 354 253 405 εὈρα
267 352 330 399 τὴν
350 353 490 403 μανίαν·
512 352 632 399 ἐὸόων,
649 354 716 390 δεῖν
734 353 835 390 αὐτὸν
863 354 1044 390 ἀποθανεῖν
1059 350 1117 388 λε’-

107 430 234 464 γοντες.
251 414 431 451 Ἐντεῦθεν
449 413 631 458 δείκνυσιν,
653 412 705 450 ὅτι
721 412 860 455 δικαίως
884 412 1119 450 ἐπεκαλέσατο

108 473 282 526 Καίσαρα.
300 475 345 511 Εἰ
359 473 427 526 γὰρ
445 472 539 511 οὐδὲν
561 473 622 523 μὲν
646 467 737 524 εἰχον
759 472 865 510 δεινὸν
887 475 1009 517 εἰπεῖν,
1031 474 1118 509 ἐκεῖ·

107 549 158 570 νοι
176 533 211 572 δὲ
224 533 453 584 ε’μεμήνεσαν,
470 533 609 578 εἰκότως
620 536 673 572 ἐπ’
686 537 813 572 ἐκεῖνον
828 533 981 585 ἔρχεται.
994 531 1121 574 “Omne

106 597 168 640 τῆς
188 593 399 645 ἀνακρίσεως
419 597 474 645 ὑφ’
494 596 591 644 ὑμῶν
605 594 810 644 γενομένης,
831 597 906 644 σχῶ
924 592 958 630 τί
972 591 1121 643 γράψαι,

109 654 223 705 φησίν.
243 654 369 706 (Ορᾷς,
383 657 455 697 πῶς
471 655 692 705 βασανίζεται
713 655 880 698 πολλάκις
899 655 937 692 τὸ
953 662 1121 706 πρᾶγμα,

108 715 177 753 Καὶ
192 719 253 760 τῆς
273 715 459 766 ἀπολογίας
479 715 589 752 τοίνυν
620 716 746 761 ταύτης
761 715 923 752 Ἰουδαῖοι
942 715 1066 761 αἴτιοι,
1081 714 1121 761 ἣν

110 774 251 823 ἔμελλον
268 775 457 825 ’μανθάνειν
471 775 529 812 καὶ
548 778 579 813 οἱ
597 777 630 812 ἐν
651 778 692 826 τῇ
713 774 851 825 εΡώμῃ.
874 775 963 825 Περὶ
983 776 1122 812 πάντων

110 828 156 870 ῶν
192 836 426 885 ἐγκαλοῦμαι,
449 836 590 885 βασιλεῦ
620 834 817 885 Ἀγρίππα,
842 834 959 885 φησὶν,
987 833 1124 883 ἥγημαι

111 894 257 944 ἐμαυτὸν
272 896 454 946 μακάριον,
468 895 603 945 μέλλων
620 894 676 932 ἐπὶ
690 899 749 932 σοῦ
764 895 1017 943 ἀπολογεῖσθαι.
1027 892 1124 943 (Όρα

112 956 185 997 πῶς
201 955 347 1007 κήρυκες
366 955 504 997 ἄκοντες
528 955 587 991 καὶ
605 957 666 999 τῆς
685 953 813 995 οἰκείας
832 953 985 1004 γίνονται
1001 951 1125 994 κακίας

113 1015 171 1052 καὶ
190 1018 251 1060 τῆς
269 1015 409 1052 Παύλου
427 1017 549 1065 ἀρετῆς
567 1013 626 1050 καὶ
640 1015 732 1064 αὐτῷ
751 1015 800 1064 τῷ
815 1016 1015 1063 κρατοῦντι·
1034 1011 1126 1049 ὥστε

111 1074 350 1127 λαμπρότερον
383 1074 538 1124 ἀπήγετο
558 1075 719 1118 Παῦλος,
739 1072 762 1117 ἢ
795 1075 823 1109 εἰ
852 1072 960 1124 χωρὶς
988 1073 1124 1122 δεσμῶν

111 1135 263 1178 ἀπῆλθεν
277 1149 285 1157 ·
306 1133 417 1171 οὐκέτι
434 1133 499 1184 γὰρ
523 1136 568 1176 ὡς
586 1133 715 1176 πλάνος
747 1133 805 1170 καὶ
840 1132 922 1184 γόης
953 1133 1125 1170 τοσούτων

113 1194 212 1231 αὐτὸν
235 1193 386 1244 ἀφέντων
407 1194 578 1230 δικαστῶν
599 1193 762 1243 ἀπήγετο.
775 1193 898 1230 Πάντα
912 1193 1022 1231 τοίνυν
1040 1195 1126 1232 ἀπο-

111 1253 298 1303 δυσάμενος
318 1256 400 1304 παρ’
419 1248 467 1296 οἷς
495 1254 617 1305 ἐτέχθη
639 1254 697 1291 καὶ
723 1254 877 1305 ἐτράφη,
895 1257 958 1306 οὐχ
986 1256 1126 1303 ἁπλῶς,

112 1315 187 1351 ἀλλ’
211 1313 298 1351 οὕτω
331 1313 478 1365 καθαρὸς
511 1313 658 1365 ὑποψίας
686 1314 857 1352 ἔπιὸαίνει
884 1317 946 1361 τῆς
967 1314 1124 1365 Ῥώμης.

112 1375 182 1412 Καὶ
203 1376 263 1411 οὐκ
281 1368 355 1411 εἰπε
368 1403 377 1419 ,
398 1374 432 1410 τί
447 1373 488 1420 δὴ
505 1378 623 1421 τοῦτο,
646 1374 738 1418 ἅπαξ
757 1375 1025 1426 ἐπεκαλεσάμην
1040 1376 1127 1413 Καί-

112 1450 219 1486 σαρα·
238 1434 397 1487 μυριάκις
417 1435 554 1486 ἐκρίθην
568 1451 575 1458 ·
597 1434 817 1486 μέχριπότε,
835 1437 923 1474 ἀλλὰ
938 1436 992 1483 τί,
1013 1437 1127 1475 Πάλιν

113 1495 249 1545 ἕτοιμος
267 1494 401 1546 ἐγένετο
420 1496 535 1532 δοῦναι
561 1496 699 1538 εὐθύνας
717 1495 776 1533 καὶ
796 1495 854 1532 ἐπὶ
881 1501 941 1533 τοῦ
976 1496 1127 1546 μάλιστα

114 1556 238 1600 εἰδότος
256 1556 300 1594 τὰ
315 1556 404 1593 κατὰ
424 1556 621 1599 Ἰουδαίους.
641 1557 704 1594 Διὸ
723 1556 781 1594 καὶ
812 1556 899 1607 μετὰ
919 1559 1050 1603 πολλῆς
1067 1560 1129 1602 τῆς

114 1617 310 1667 παρρησίας
338 1618 578 1666 ἀπολογεῖται,
601 1616 661 1654 ἅτε
690 1617 750 1654 οὐκ
770 1616 878 1654 ὄντων
907 1616 1033 1668 κυρίων
1062 1620 1130 1655 τῶν

115 1676 412 1720 καταδικαζόντων
433 1675 532 1714 αὐτόν
545 1692 552 1699 ·
568 1675 623 1721 ὃς,
643 1676 769 1730 καίπερ
788 1679 848 1715 οὐκ
863 1677 968 1714 ὄντων
989 1678 1129 1729 κυρίων,

116 1738 206 1775 ἀλλὰ
236 1740 297 1783 τῆς
328 1737 539 1788 ἀποφάσεως
570 1737 701 1782 ἐκείνης
729 1737 939 1789 κρατούσης,
965 1737 1017 1776 ὅτι
1036 1738 1131 1790 Πρὸς

116 1798 278 1849 Καίσαρα
311 1798 483 1849 πορεύσῃ,
500 1798 619 1837 δίδωσι
647 1798 747 1849 λόγον
777 1799 889 1848 ὅμως,
908 1799 968 1836 καὶ
1001 1799 1131 1842 πολλὰς

114 1857 176 1900 τὰς
196 1858 334 1901 εὐθύνας
348 1859 428 1911 περὶ
447 1859 604 1897 πάντων·
627 1861 663 1897 οὔ
683 1858 843 1911 περὶτῶν
865 1859 940 1909 μὲν,
962 1859 1041 1912 περὶ
1062 1863 1129 1897 τῶν

1307 267 1461 298 nomn„
1501 269 1574 297 Lu.
2077 254 2161 310 441

1244 351 1280 388 5.
1302 348 1396 389 Vide
1419 348 1614 386 insaniam:
1639 347 1858 395 clamabant,
1884 355 2044 398 oportere
2065 347 2167 384 illum

1190 409 1279 447 mori
1298 408 1465 446 dicentes.
1486 408 1578 446 Hinc
1596 407 1750 446 ostendit
1768 421 1803 445 se
1816 408 1897 459 jure
1911 407 2083 444 Caesarem
2102 421 2168 459 ap-

1188 470 1345 521 pellasse.
1358 469 1397 508 Si
1416 469 1510 506 enim
1530 468 1623 507 nihil
1641 481 1748 519 grave
1768 467 1959 505 dicendum
1977 467 2168 515 habebant,

1190 529 1314 579 illique
1325 530 1503 578 furebant,
1509 543 1522 580 J
1529 542 1590 565 ure
1602 528 1646 565 ad
1656 528 1760 565 illum
1775 527 1884 567 venit.
1898 529 1947 565 Ut
1959 530 2168 579 interroga-

1192 593 1294 627 tione
1310 604 1334 627 α,
1350 592 1459 627 vobis
1472 591 1583 640 facta
1597 590 1760 626 habeam
1780 589 1883 639 quod
1901 590 2080 634 scribam,
2106 588 2167 625 in-

1144 664 1169 693 D
1192 652 1282 701 quit.
1304 651 1416 690 Vides
1438 649 1615 701 quomodo
1635 664 1728 701 saepe
1745 663 1848 687 causa
1862 649 2110 687 examinatur?
2123 649 2168 686 Et

1191 711 1402 749 defensionis
1420 711 1527 762 hujus
1546 720 1705 748 auctores
1726 719 1806 747 sunt
1823 709 1957 757 Judaei,
1977 723 2085 760 quam
2105 724 2168 747 co-

1193 771 1327 822 gnituri
1348 780 1446 808 erant
1458 771 1563 808 etiam
1580 770 1752 820 quierant
1770 772 1902 807 Romae.
1920 771 2039 821 Super
2052 774 2170 807 omni-

1194 834 1274 880 bus,
1294 833 1341 868 de
1359 833 1494 882 quibus
1508 843 1680 875 accusor,
1699 844 1767 867 rex
1777 830 1966 880 Agrippa,
1982 833 2170 877 existimo,

1194 890 1320 940 inquit,
1339 904 1399 927 me
1415 892 1580 936 beatum,
1603 892 1668 940 qui
1688 903 1814 926 coram
1833 898 1868 926 te
1881 893 2071 927 rationem
2085 892 2171 927 red-

1193 952 1343 988 diturus
1358 964 1457 988 snm.
1473 949 1566 989 Vide
1581 949 1757 999 quomodo
1769 950 1828 987 vel
1843 950 1946 987 inviti
1960 960 1992 987 et
2008 951 2173 1000 nequitiae

1194 1025 1265 1048 suae
1277 1019 1310 1048 et
1322 1010 1466 1049 virtutis
1477 1010 1579 1048 Pauli
1592 1018 1693 1047 testes
1708 1010 1799 1046 fiunt
1812 1010 1918 1047 etiam
1933 1010 2030 1061 apud
2040 1024 2174 1061 regem,

1194 1070 1243 1108 ita
1259 1080 1298 1108 ut
1311 1070 1593 1121 magnificentius
1607 1070 1844 1107 abduceretur
1860 1071 2005 1120 Paulus,
2021 1085 2129 1121 quam
2147 1072 2176 1108 si

1193 1131 1325 1180 absque
1342 1130 1495 1169 vinculis
1523 1129 1676 1168 abiisset.
1690 1130 1770 1167 Non
1788 1130 1882 1167 enim
1902 1131 1994 1168 ultra
2015 1140 2052 1168 ut
2076 1131 2176 1168 dece-

1195 1199 1275 1242 ptor
1293 1200 1326 1228 et
1340 1190 1574 1242 praestigiator
1589 1204 1608 1227 a
1622 1199 1672 1228 tot
1684 1189 1867 1241 judicibus
1885 1191 2051 1228 dimissus
2064 1191 2178 1228 abdu-

1196 1250 1353 1288 cebatur.
1377 1250 1555 1288 Omnibus
1575 1263 1658 1301 ergo
1676 1250 1829 1301 relictis,
1851 1251 1949 1302 apud
1969 1265 2057 1301 quos
2076 1261 2178 1289 natus

1195 1311 1434 1361 educatusque
1455 1312 1584 1361 fuerat,
1606 1325 1676 1349 non
1695 1321 1901 1362 utcumque,
1922 1312 1984 1350 sed
2002 1313 2097 1349 omni
2123 1327 2181 1350 su-

1150 1386 1174 1416 E
1195 1372 1351 1424 spicione
1368 1372 1461 1409 liber
1478 1373 1630 1409 Romam
1649 1373 1794 1423 migrat.
1810 1373 1932 1423 Neque
1948 1373 2041 1410 dixit
2057 1389 2064 1409 ε
2081 1373 2180 1420 Quid

1196 1433 1263 1470 hoc
1276 1441 1327 1470 est
1339 1433 1356 1470 Ξ)
1370 1432 1476 1470 semel
1495 1433 1674 1484 appellavi
1689 1434 1878 1483 Caesarem,
1900 1434 2030 1471 millies
2039 1433 2181 1485 judica-

1196 1502 1254 1531 tus
1266 1508 1345 1531 sum
1358 1509 1365 1529 :
1383 1493 1592 1543 usquequo?
1606 1492 1668 1531 sed
1682 1493 1794 1543 quid?
1806 1495 1936 1531 Iterum
1953 1503 2097 1545 paratus
2108 1502 2182 1531 erat

1197 1555 1345 1593 reddere
1356 1555 1529 1593 rationem
1545 1555 1642 1607 apud
1658 1569 1753 1604 eum,
1769 1555 1830 1605 qui
1849 1570 1904 1592 res
1920 1557 1940 1594 J
1945 1556 2088 1593 udaicas
2104 1570 2180 1593 ma-

1198 1616 1294 1653 xime
1310 1625 1438 1653 nosset.
1463 1615 1581 1661 Quare
1603 1629 1685 1652 cum
1706 1629 1834 1666 magna
1853 1615 2014 1654 libertate
2029 1630 2102 1654 sese
2118 1616 2181 1653 de-

1197 1676 1323 1726 fendit,
1346 1677 1429 1727 quia
1443 1676 1482 1723 ii,
1501 1676 1563 1728 qui
1586 1691 1621 1714 se
1640 1677 1936 1724 condemnabant,
1957 1678 2092 1715 nullam
2106 1679 2182 1729 jam

1198 1736 1375 1774 habebant
1389 1737 1647 1775 auctoritatem.
1667 1737 1764 1774 Licet
1783 1746 1902 1774 autem
1922 1738 2013 1774 nihil
2029 1748 2182 1790 possent,

1199 1807 1232 1835 et
1251 1798 1418 1835 sententia
1437 1798 1511 1845 illa,
1526 1812 1595 1848 qua
1608 1797 1745 1835 dictum
1765 1798 1892 1848 fuerat,
1905 1799 1975 1835 Ad
1993 1800 2181 1837 Coesarem

1199 1861 1285 1904 ibis,
1294 1867 1436 1905 teneret,
1448 1867 1602 1896 attamen
1614 1857 1675 1896 dat
1690 1858 1749 1896 ille
1760 1858 1932 1896 rationem
1947 1859 2183 1911 multiplicem

116 1918 151 1957 δὲ
179 1918 229 1956 οὔ.
246 1920 440 1970 Μονονουχὶ
455 1918 490 1957 δὲ
508 1923 609 1957 τοῦτο
625 1919 718 1971 λέγει
737 1920 779 1957 δι’
807 1913 854 1957 ὧν
882 1920 1105 1971 ἀποκρίνεται
1121 1937 1129 1944 ·
1142 1944 1188 1969 392
1198 1918 1242 1956 de
1260 1919 1425 1957 omnibus
1436 1949 1447 1969 ,
1468 1933 1531 1956 nec
1546 1918 1590 1956 de
1605 1918 1819 1969 quibusdam
1835 1919 1962 1957 solum.
1977 1920 2023 1957 Et
2041 1935 2183 1972 respon-

115 1981 318 2030 ἐγκαλοῦσιν
348 1979 434 2029 ὑπὲρ
467 1979 642 2025 στάσεως,
674 1981 876 2030 ἐγκαλοῦσιν
913 1979 999 2031 ὑπὲρ
1033 1981 1131 2033 αἱρέ-

118 2054 204 2081 σεως
215 2068 224 2084 ,
241 2039 300 2076 καὶ
315 2040 367 2076 ὅτι
386 2039 442 2076 τὸν
461 2039 540 2077 ναὸν
559 2039 762 2085 &eff-Amce
775 2055 782 2064 ·
803 2040 882 2091 περὶ
898 2039 1036 2078 πάντων
1051 2043 1132 2079 ἀπο-

116 2101 299 2149 λογοῦμαι·
322 2098 398 2145 Τὴν
424 2099 485 2149 μὲν
499 2094 571 2150 ξοῧν
592 2099 712 2150 βίωσίν
734 2116 798 2150 μου
813 2099 874 2147 τὴν
904 2103 943 2138 ἐκ
973 2100 1132 2148 νεότητος

116 2159 212 2196 ἴσασι
228 2159 355 2203 πάντες
371 2162 402 2196 οἱ
418 2160 599 2197 Ἰουδαῖοι·
620 2160 672 2197 ὅτι
693 2159 753 2210 μὲν
769 2161 806 2196 οὔ
825 2164 884 2198 τοῦ
902 2161 986 2211 ἐμοῦ
1001 2161 1129 2212 τρόπου

117 2219 155 2256 τὸ
174 2218 310 2262 στάσεις
331 2224 463 2265 ποιεῖν,
486 2219 582 2257 αὐτοὶ
609 2220 779 2270 μάρτυρες
798 2221 829 2257 οἱ
857 2220 1058 2272 κατήγοροι.
1080 2220 1130 2259 Ὃ

118 2279 176 2316 καὶ
204 2279 272 2329 πρὸ
291 2279 412 2316 τούτου
440 2279 553 2330 λέγει·
571 2280 740 2326 Ζηλωτὴς
757 2281 944 2333 ὃῦπάρχων
970 2284 1037 2318 τῶν
1057 2297 1130 2318 πα-

116 2343 242 2393 τρικῶν
261 2355 325 2389 μου
342 2339 583 2390 παραδόσεων,
593 2343 694 2377 τοῦτο
706 2341 765 2378 καί
784 2343 931 2379 ἐνταῦθα
944 2341 1130 2379 αἰνίττεται

118 2400 172 2438 διὰ
188 2405 248 2438 τοῦ
266 2403 386 2447 εἰπεῖν,
402 2403 435 2439 Τ
436 2400 486 2452 ὴν,
495 2403 534 2439 ἐκ
555 2401 714 2447 νεότητός
734 2418 798 2452 μου
825 2402 960 2453 βίωσιν.
987 2402 1057 2440 Καὶ
1076 2402 1133 2440 ὅτε

116 2460 192 2504 ὅλος
208 2465 225 2499 ὁ
247 2462 354 2512 δῆμος
369 2465 500 2513 παρ-ῆν,
516 2461 595 2499 τότε
613 2464 712 2500 καλεῖ
724 2464 837 2500 αὐτῶν
851 2462 913 2510 τὴν
926 2462 1132 2514 μαρτυρίαν.

116 2521 131 2540 ¹'
145 2524 221 2560 Οὐκ
237 2522 294 2560 ἐπὶ
312 2525 370 2560 τοῦ
390 2522 612 2573 δικαστηρίου
637 2522 672 2560 δὲ
693 2527 752 2561 τοῦ
770 2523 898 2562 Λυσίου
926 2528 1025 2562 τοῦτο
1043 2529 1133 2562 ποιεῖ

121 2582 235 2631 μόνον,
253 2582 342 2620 ἀλλὰ
359 2583 418 2620 καὶ
436 2583 492 2620 ἐπὶ
508 2587 566 2621 τοῦ
585 2583 731 2629 Φήστου
744 2600 751 2607 ·
769 2584 828 2622 καὶ
843 2584 947 2623 πάλιν
969 2587 1112 2624 ἐνταῦθα
1123 2615 1132 2632 ,

118 2642 175 2681 ὅτε
185 2643 322 2686 πλείους
331 2647 492 2694 παρῆσαν
506 2660 513 2668 ·
528 2646 595 2681 ἐκεῖ
607 2644 642 2681 δὲ
659 2646 696 2682 οὐ
708 2647 838 2691 πολλῆς
848 2646 1036 2697 ἀπολογίας
1049 2645 1133 2693 ἔδει,

119 2707 186 2742 τῶν
204 2704 420 2756 γραμμάτων
437 2708 496 2743 τοῦ
512 2705 641 2743 Λυσίου
669 2705 837 2757 ἀφιέντων
863 2706 979 2744 αὐτόν.
995 2706 1131 2752 Ἴσασι,

120 2766 525 2816 φησὶ,πάντεςἸουδαῖοι
539 2766 833 2817 προγινώσκοντές
849 2782 891 2816 με
908 2767 1050 2805 ἄνωθεν.
1066 2767 1135 2805 Καὶ

121 2828 158 2862 οὗ
176 2825 288 2875 λέγει,
314 2826 468 2869 ποταπὸς
483 2828 583 2864 αὐτοῦ
607 2830 624 2864 ὁ
650 2826 720 2877 βίος
732 2857 740 2873 ,
757 2826 846 2864 ἀλλὰ
866 2826 1006 2878 ἀφίησιν
1023 2829 1135 2864 αὐτῶν

122 2888 170 2936 τῷ
187 2886 374 2933 συνειδότι,
389 2886 448 2924 καὶ
464 2886 502 2923 τὸ
518 2893 586 2923 πᾶν
600 2888 633 2924 ἐν
647 2889 689 2937 τῇ
710 2887 839 2937 αἱρέσει
853 2886 988 2934 τίθησι,
1006 2886 1138 2930 δεικνὺς

124 2947 274 2983 ἐντεῦθεν
301 2947 361 2983 οὐκ
394 2946 433 2983 ἂν
467 2946 626 2997 ἑλόμενος
646 2946 765 2995 αὐτὴν,
792 2949 820 2984 εἰ
841 2947 989 3000 πονηρὸς
1008 2942 1050 2993 ἦν
1080 2946 1139 2984 καὶ

127 3006 308 3057 μοχθηρός.
337 3006 447 3058 Ὑπὲρ
478 3010 539 3053 τῆς
567 3006 730 3060 αἱρέσεως
757 3007 870 3046 τοίνυν
901 3007 1049 3054 ταύτης,
1077 3002 1138 3053 ἧς,

126 3066 240 3116 φησὶν,
275 3065 405 3113 ἕστηκα
437 3068 646 3120 κρινόμενος.
684 3067 780 3115 Αὕτη
814 3068 874 3106 καὶ
911 3071 993 3120 παρ’
1025 3071 1139 3111 αὐτοῖς

127 3125 376 3176 πρᾶο-δεύεται,
395 3128 452 3166 διὰ
481 3129 610 3174 ταύτην
632 3128 782 3181 ηὔχοντο
796 3158 807 3177 ,
830 3129 886 3167 διὰ
910 3128 1039 3175 ταύτην
1067 3131 1136 3166 λα-

128 3185 316 3235 τρεύουσιν,
337 3187 393 3226 ἵνα
419 3188 547 3234 ταύτης
566 3188 719 3240 τύχωσι·
748 3188 878 3236 ταύτην
909 3188 977 3240 ἐγὼ
1005 3204 1138 3238 καταγ·

173 3338 185 3351 2·
202 3327 296 3358 Unus
310 3329 460 3370 ιὐπάρχων,
477 3332 523 3360 καὶ
539 3331 588 3360 ὅτε
604 3330 668 3364 520,-
681 3331 706 3360 ὁ.

175 3379 189 3401 b
207 3378 419 3420 Manuscripii
435 3377 568 3420 quidam
586 3378 644 3418 [A.
661 3379 697 3409 B.
713 3378 767 3420 Ο]
782 3382 831 3411 ojr.
857 3383 904 3413 ἐπὶ
927 3385 978 3412 τοῦ
1001 3380 1042 3418 (3.,
1060 3381 1128 3411 ἀλλ’

1154 1981 1179 2009 Α
1199 1979 1295 2017 sione
1312 1994 1374 2017 sua
1383 1980 1459 2017 haec
1473 1980 1543 2018 fere
1562 1979 1650 2017 dicit
1664 1995 1672 2016 :
1690 1982 1867 2017 Accusant
1882 1980 1926 2018 de
1936 1980 2182 2031 seditione,ac-

1200 2049 1323 2077 cusant
1336 2039 1380 2076 de
1395 2039 1519 2077 haeresi
1535 2049 1568 2077 et
1582 2039 1679 2090 quod
1698 2039 1870 2090 templum
1886 2040 2098 2078 violaverim
2116 2057 2123 2077 :
2139 2042 2183 2079 de

1199 2099 1364 2137 omnibus
1383 2100 1554 2137 rationem
1568 2099 1677 2137 reddo
1697 2115 1704 2136 ε
1727 2101 1855 2137 Vitam
1873 2115 1998 2138 meam
2012 2104 2183 2153 ajuven-

1201 2168 1280 2197 tute
1301 2162 1428 2198 sciunt
1448 2174 1578 2198 omnes
1597 2161 1628 2198 J
1627 2161 1728 2197 zcdaei
1738 2175 1748 2195 .·
1765 2160 1863 2210 quod
1875 2175 1896 2198 a
1915 2162 2074 2199 moribus
2096 2163 2182 2201 meis

1199 2221 1389 2258 abhorreat
1407 2220 1596 2258 seditiones
1616 2220 1785 2270 excitare,
1806 2231 2024 2259 accusatores
2043 2223 2111 2274 ipsi
2134 2233 2183 2261 te-

1199 2289 1268 2317 stes
1287 2289 1382 2318 sunt.
1396 2280 1502 2326 Quod
1520 2280 1626 2318 etiam
1644 2289 1746 2318 antea
1764 2279 1870 2329 dixit,
1879 2283 2099 2321 AEmulator
2114 2298 2185 2335 pa-

1202 2349 1400 2378 ternarum
1423 2354 1596 2378 mearum
1617 2341 1870 2378 traditionum
1883 2371 1895 2391 ,
1914 2341 1950 2378 id
1970 2351 2003 2380 et
2022 2343 2089 2381 hoc
2107 2344 2185 2381 loco

1201 2400 1403 2439 subindicat
1421 2416 1429 2437 τ
1455 2402 1584 2439 Vitam
1620 2403 1669 2438 ab
1701 2401 1963 2440 adolescentia
2000 2417 2098 2442 mea.
2139 2405 2186 2442 Et

1202 2462 1345 2513 quando
1360 2462 1511 2513 populus
1525 2469 1619 2497 totus
1632 2459 1764 2509 aderat,
1775 2470 1859 2499 tunc
1872 2462 2017 2501 illorum
2036 2464 2186 2503 advocat

1202 2523 1455 2562 testimonium.
1472 2523 1594 2571 Neque
1614 2521 1730 2558 solum
1751 2521 1797 2558 ad
1808 2522 1925 2573 Lysiae
1947 2523 2105 2562 tribunal
2119 2526 2186 2563 hoc

1201 2583 1410 2629 fecit,etiam
1424 2581 1522 2633 apud
1533 2581 1693 2617 Festum:
1707 2589 1740 2617 et
1751 2595 1874 2617 rursus
1890 2581 2052 2631 hic,cum
2065 2585 2184 2635 plures

1157 2652 1180 2681 B
1203 2644 1359 2681 aderant.
1376 2642 1457 2678 Illic
1485 2650 1603 2678 autem
1630 2653 1699 2677 non
1725 2640 1838 2677 multa
1867 2640 2069 2680 defensione
2095 2658 2186 2695 opus

1202 2713 1290 2751 erat,
1313 2717 1394 2740 cum
1412 2702 1524 2739 literae
1537 2700 1654 2752 Lysiae
1674 2700 1792 2751 ipsum
1811 2700 2187 2743 dimitterent.Sciunt

1206 2778 1335 2803 omnes
1342 2765 1372 2801 J
1372 2764 1482 2811 udaei,
1495 2761 1622 2811 inquit,
1638 2763 1704 2812 qui
1709 2763 1795 2813 jam
1811 2763 1902 2798 olim
1914 2776 1974 2800 me
1987 2775 2186 2804 noverant.

1206 2828 1254 2865 Et
1273 2840 1342 2864 non
1378 2825 1496 2874 dixit,
1515 2823 1631 2874 qualis
1651 2837 1713 2860 sua
1736 2823 1832 2873 vita,
1855 2824 1917 2861 sed
1936 2825 2080 2864 illorum
2101 2842 2185 2866 con-

1207 2885 1361 2924 scientiae
1380 2882 1561 2932 relinquit,
1577 2890 1610 2918 et
1628 2889 1742 2918 totum
1757 2881 1792 2918 in
1807 2890 1936 2919 sectam
1952 2883 2069 2935 rejicit
2084 2886 2188 2923 :hinc

1208 2942 1392 2981 ostendens
1406 2955 1442 2978 se
1457 2954 1526 2977 non
1541 2939 1641 2976 illam
1655 2938 1876 2976 delectarum
1890 2940 2008 2989 fuisse,
2028 2942 2058 2980 si
2073 2944 2188 2981 malus

1208 3005 1331 3042 fuisset
1350 3012 1381 3040 et
1407 3000 1602 3054 improbus.
1622 3000 1691 3036 Pro
1713 3008 1805 3036 secta
1830 2999 1942 3050 igitur
1960 3001 2038 3051 hac,
2058 3003 2187 3054 inquit,

1210 3074 1263 3103 sto
1280 3062 1460 3116 judicium
1482 3059 1637 3099 subiens.
1660 3059 1743 3096 Haec
1759 3059 1805 3096 ab
1823 3059 1897 3097 illis
1912 3075 2052 3111 quoque
2070 3063 2190 3101 defen-

1211 3126 1320 3173 ditur,
1333 3132 1476 3176 propter
1489 3122 1580 3158 hanc
1594 3129 1794 3172 precantur,
1815 3130 1959 3172 propter
1974 3122 2065 3161 hanc
2076 3125 2191 3163 Deum

1215 3187 1349 3235 colunt,
1371 3193 1410 3221 ut
1425 3183 1517 3220 hanc
1536 3189 1814 3231 consequantur:
1836 3180 1925 3219 hanc
1940 3196 2003 3233 ego
2021 3186 2192 3223 annuntio

1195 3329 1241 3360 ἐπὶ
1256 3328 1306 3357 τοῦ
1322 3327 1441 3356 Axion·
1460 3325 1507 3354 καὶ
1523 3323 1623 3361 πάλιν,
1641 3318 1736 3351 male.
1752 3320 1807 3362 [D.
1825 3328 1860 3352 ut
1876 3320 2013 3363 editum,
2027 3322 2087 3355 nisi
2105 3323 2195 3366 quod

1195 3381 1247 3410 τοῦ
1267 3380 1367 3409 Aueiae
1383 3373 1542 3416 ignorat]
