2466 3805
704 227 747 255 IN
789 227 901 255 ACTA
939 225 1263 254 APOSTOLORUM
1274 244 1282 253 .

100 308 174 344 ἀλλ’
197 307 297 349 αὐτὸς
315 308 332 343 5
352 306 536 357 μονογενὴς
552 310 610 344 τοῦ
628 308 718 345 Θεοῦ
739 308 842 349 Παῖς.
857 306 901 344 Ὁ
915 305 1114 356 ἀνελεήμων

97 366 314 414 κολαζέσθω,
334 367 437 418 φησί·
464 372 564 405 τοῦτο
586 367 653 419 γὰρ
682 371 703 414 ἡ
723 367 907 421 παραδολὴ
941 368 1113 419 βούλεται.

98 427 142 466 ξΟ
163 431 387 476 μνησικακῶν
403 428 622 479 τιμωρείσθω
642 429 812 480 τιμωρίαν
834 429 986 480 ἐσχάτην
1002 445 1009 452 ·
1024 433 1041 467 5
1055 433 1113 481 ὀρ-

96 487 272 539 γιζόμενος
292 489 387 540 εἰκῇ,
409 490 454 532 εἷς
473 489 512 527 τὸ
531 492 601 542 πῦρ
620 489 846 539 ἓμὸαλλέσθω
860 505 867 512 ·
890 493 907 527 5
932 490 1112 541 λοιδορῶν,

101 549 247 586 τιννύτω
273 548 370 595 δίκην
391 552 425 588 ἐν
452 552 495 600 τῇ
524 550 659 602 γεέννῃ.
690 551 734 588 Ei
764 548 800 588 δὲ
826 549 983 600 νομίζετε
1004 549 1117 593 ξένους

97 608 234 647 ἀκούειν
263 609 404 659 νόμους,
426 609 473 661 μὴ
503 610 726 663 θορυὸῃθῆτε.
751 611 795 647 Εἰ
823 609 888 661 γὰρ
923 610 971 660 μὴ
1006 609 1116 653 ξένους

96 669 220 720 ἔμελλε
237 670 366 718 θήσειν,
381 670 414 708 τί
431 671 489 708 καὶ
508 670 717 723 παρεγένετο
743 673 760 707 5
786 670 955 718 Χριστός,
976 670 1116 708 Ἐκεῖνα

97 729 165 782 γὰρ
185 730 273 776 δῆλα
287 735 371 782 ἡμῖν
387 733 490 779 ἐστιν,
510 731 562 769 ὅτι
577 732 633 769 τὸν
654 729 758 782 φονέα
775 730 833 767 καὶ
852 729 908 767 τὸν
929 730 1050 781 μοιχὸν
1067 730 1116 766 δεῖ

99 791 318 834 κολάζεσθαι.
340 792 504 830 Εἶτοίνυν
524 791 568 829 τὰ
584 791 672 829 αὐτὰ
687 790 877 841 ἐμέλλομεν
898 789 1115 835 ἀκούσεσθαι,

99 851 151 894 τίς
171 851 273 903 χρεία
293 847 358 899 εῆν
378 851 534 904 οὐρανίου
551 851 781 896 διδασκάλου;
799 849 867 887 Διὰ
884 853 984 887 τοῦτο
1003 851 1039 886 οὐ
1055 848 1116 886 λε’-

99 927 169 960 γει,
186 916 203 950 5
223 913 343 964 μοιχὸς
367 911 584 959 κολαζέσθω,
604 913 679 949 ἀλλ’
704 914 721 948 5
748 910 885 960 βλέπων
915 909 1120 952 ἀκολάστοις

99 974 302 1024 ὀφθαλμοῖς.
323 973 391 1011 Καὶ
411 977 495 1020 ποῦ,
512 972 571 1010 καὶ
599 972 684 1010 πότε
712 970 815 1008 δώσει
845 970 958 1016 δίκην,
977 970 1119 1021 προστί-

99 1036 190 1079 θησι.
207 1034 277 1071 Καὶ
297 1036 356 1072 οὐκ
375 1036 422 1076 εἷς
439 1033 578 1080 ἄξονας,
598 1032 673 1070 οὐδὲ
693 1034 741 1075 εἷς
751 1031 888 1084 κύρὸεις
900 1030 976 1074 τοὺς
995 1031 1120 1081 νόμους

99 1094 282 1142 κατέθετο,
306 1094 383 1132 οὐδὲ
403 1094 533 1140 στήλας
556 1094 722 1139 ἀνέστησε
747 1095 883 1145 χαλκᾶς
914 1091 974 1130 καὶ
1004 1092 1118 1145 γράμ-

100 1171 194 1204 ματα
220 1154 439 1208 ἐνεχάραξεν·
465 1154 554 1193 ἀλλὰ
581 1154 694 1207 ψυχὰς
725 1158 809 1204 ἡμῖν
837 1153 1034 1200 ἀναστήσας
1055 1153 1121 1191 δώ·

99 1216 183 1252 δεκα
203 1214 265 1259 τὰς
291 1219 360 1254 τῶν
390 1216 605 1261 ἀποστόλων,
625 1218 658 1253 ἐν
685 1220 760 1258 ταῖς
789 1215 927 1253 ἐκείνων
958 1215 1122 1258 διανοίαις

99 1274 157 1313 διὰ
182 1280 241 1314 τοῦ
268 1275 362 1314 Πνε’
327 1292 474 1328 ε.υματος
504 1280 615 1314 ταῦτα
646 1275 690 1314 τὰ
728 1275 923 1352 γράμματα
959 1274 1122 1328 γέγραφε.

100 1337 257 1374 Ταῦταε
245 1342 325 1388 υμῖν
353 1338 645 1390 παραγινώσκομε
648 1354 664 1375 ν
689 1337 830 1380 εἰκότως
857 1340 926 1387 ημε
932 1343 971 1380 ἐς.
992 1338 1037 1375 Ei
1056 1337 1123 1389 γαρ

100 1396 280 1442 Ἰουδαίοις
302 1402 402 1437 τοῦτο
419 1399 556 1450 θεαιτὸν
583 1403 637 1446 ἠν,
667 1397 724 1435 ι’να
755 1398 877 1448 μηδεὶς
904 1400 952 1440 εἷς
982 1398 1121 1449 ἄγνοιαν

101 1456 164 1509 ἔχῃ
195 1459 434 1511 καταφεύγειν,
455 1461 574 1512 πολλῷ
606 1461 736 1511 μᾶλλον
758 1462 854 1509 ἡμῖν.
891 1460 935 1496 Εἰ
965 1458 1001 1497 δὲ
1028 1459 1123 1510 λέγοι

101 1535 173 1565 τις,
197 1519 273 1558 οὐδὲ
303 1520 435 1568 ἀκούω,
458 1520 536 1559 οὐδὲ
564 1520 675 1574 κρίμα
692 1524 707 1540 ²¹
728 1520 816 1572 ἔχω,
838 1519 946 1572 ταύτῃ
969 1520 1122 1571 μάλιστα

101 1581 359 1625 κολάζεται.Εἷ
382 1581 450 1635 γὰρ
471 1582 590 1632 μηδεὶς
622 1577 664 1628 ἦν
698 1584 715 1618 5
748 1581 934 1629 διδάσκων,
965 1584 1043 1628 ἓνῆν
1077 1584 1124 1625 εἷς

101 1646 210 1679 ταῦτα
226 1642 476 1695 καταφεύγειν·
495 1645 524 1681 εἷ
560 1643 595 1681 δὲ
616 1642 721 1690 ἔστιν,
742 1658 802 1680 ουκ
829 1642 891 1680 ἔτι.
921 1641 1018 1695 εὈρα
1044 1646 1124 1694 γοῦν

103 1701 289 1745 Ἰουδαίους
306 1720 379 1747 πως
396 1706 581 1756 ἀποστερεῖ
606 1702 836 1755 συγγνώαης,
850 1702 982 1754 λέγων·
1010 1704 1054 1741 Εἰ
1077 1702 1124 1754 μὴ

101 1757 205 1810 ἦλθον
225 1763 284 1801 καὶ
306 1780 344 1801 ει
324 1764 463 1810 άλησα
483 1767 597 1808 αυτοῖς
611 1795 621 1812 ,
647 1763 822 1842 ἁμαρτίαν
846 1766 908 1802 οὐκ
926 1768 1033 1816 εἰχον.
1055 1765 1126 1803 Και

102 1825 239 1863 πάλιν
226 1842 242 1863 ο
262 1827 420 1869 Παῦλος·
439 1826 542 1864 Ἀλλὰ
561 1826 671 1878 λεγω,
694 1825 743 1877 μὴ
763 1828 825 1864 οὐκ
844 1825 1013 1873 ἤκουσαν;
1034 1828 1126 1864 Μεν-

102 1891 161 1924 οῦν
180 1902 220 1937 γε
241 1889 287 1930 εἷς
305 1894 420 1925 πασαν
438 1887 498 1935 τὴν
519 1892 582 1939 γ’ἧν
610 1887 750 1933 ἐξῆλθεν
778 1890 796 1924 5
825 1886 971 1937 φθόγγος
1003 1889 1126 1924 αὐτων.

103 1946 222 1985 Τότε·
212 1948 278 1998 γὰρ
299 1947 487 1998 συγγνώμη
505 1948 612 1994 ἐστιν,
635 1948 716 1985 ὅταν
749 1962 870 1996 μηοεις
894 1950 915 1996 ᾖ
951 1950 968 1984 5
997 1947 1125 1998 λέγων·

102 2008 185 2046 ὅταν
208 2008 242 2045 05
258 2012 275 2046 5
295 2023 421 2052 σκοπος
440 2008 590 2055 κάθηται
613 2007 711 2046 >tetih
721 2012 820 2045 τοῦτο
845 2007 908 2059 ἔχῃ
937 2007 1048 2060 ἔργ,ον
1065 2012 1127 2046 οὐκ

104 2068 153 2105 ἔτι
170 2067 370 2119 συγγνώμῃ.
389 2070 531 2106 Μᾶλλον
548 2067 583 2106 55
605 2071 666 2106 οὐκ
694 2067 851 2106 ἕδούλετο
866 2073 883 2107 5
902 2069 1052 2121 Χριστὸς
1080 2072 1126 2113 εἷς

104 2129 235 2172 ἐκείνας
250 2130 311 2172 τὰς
328 2129 456 2176 στήλας
474 2132 591 2183 ἐνορᾷν
611 2133 705 2180 ἡμᾶς
729 2130 844 2180 μόνον,
868 2130 957 2168 ἀλλὰ
976 2130 1035 2168 καὶ
1058 2133 1123 2168 αὐ-

103 2190 180 2233 τοὺς
200 2185 285 2228 εἶναι
310 2191 451 2237 στήλας.
472 2190 617 2236 Ἐπειδὴ
648 2190 682 2228 δὲ
705 2189 862 2234 ἀναξίους
893 2190 1034 2235 ἑαυτοὺς
1056 2194 1122 2229 τῶν

102 2251 318 2303 γραμμάτων
352 2251 481 2289 τούτων
513 2251 790 2301 κατεστήσαμεν,
823 2250 886 2289 κᾶν
920 2254 965 2296 εἰς
991 2252 1123 2297 ἐκείνας

101 2311 240 2362 ἴδωμεν.
264 2311 432 2364 Καθάπερ
452 2311 519 2365 γὰρ
546 2314 581 2349 αἱ
611 2313 738 2357 στῆλαι
758 2312 885 2364 ἑτέροις
905 2315 1120 2361 ἀπειλοῦσιν,

101 2372 201 2411 αὐταὶ
216 2372 251 2410 δὲ
276 2374 337 2411 οὐκ
353 2372 437 2410 εἰσὶν
467 2371 669 2418 ὑπεύθυνοι,
692 2373 810 2424 ὥσπερ
842 2373 917 2412 οὐδὲ
948 2377 978 2413 οἳ
1001 2374 1120 2426 νόμοι·

100 2433 189 2472 οὕτω
204 2433 262 2472 καὶ
281 2436 312 2472 οἱ
335 2433 500 2486 μακάριοι
523 2435 722 2472 ἀπόστολοι.
744 2435 812 2472 Καὶ
839 2434 921 2488 ὅρα·
939 2438 1000 2474 οὒκ
1016 2438 1050 2474 ἐν
1072 2437 1122 2475 ἑνὶ

99 2495 195 2547 τόπῳ
215 2498 236 2541 ἡ
251 2495 362 2541 στήλη
378 2493 521 2542 ἕστηκεν
544 2494 629 2542 αὕτη
641 2525 650 2542 ,
666 2495 755 2533 ἀλλὰ
773 2500 954 2547 πανταχοῦ
973 2497 1121 2550 περιφέ-

103 2572 196 2609 ρεται
215 2555 260 2593 τὰ
280 2555 487 2609 γράμματα.
503 2555 577 2593 Κᾶν
595 2558 641 2598 εἷς
653 2555 777 2599 Ἰνδοὺς
797 2555 970 2608 ἀπέλθῃς,
990 2558 1120 2610 ἀκούσῃ

99 2616 227 2655 τούτων
241 2633 248 2640 ·
268 2617 330 2654 κᾶν
354 2619 401 2659 εἷς
417 2616 610 2665 Ἱσπανίαν,
626 2618 688 2655 κᾶν
704 2618 790 2671 πρὸς
810 2617 898 2656 αὐτὰ
917 2622 979 2665 τῆς
1000 2623 1063 2670 γῆς
1078 2621 1121 2659 τὰ

99 2679 276 2728 τέρματα,
299 2678 408 2720 οὐδεὶς
427 2676 572 2723 ἀνήκοος
587 2678 771 2729 τυγχάνει,
791 2678 881 2726 πλὴν
906 2681 936 2716 εἷ
955 2679 1003 2730 μὴ
1024 2681 1120 2734 παρὰ

99 2738 162 2786 τὴν
194 2737 324 2777 οἰκείαν
355 2736 541 2790 ῥᾳθυμίαν.
576 2737 638 2786 Μὴ
673 2738 713 2786 δὴ
742 2739 996 2792 δυσχεραίνετε,
1031 2741 1120 2780 ἀλλὰ

671 2799 727 2837 ἵνα
758 2801 927 2847 δυνηθῆτε
959 2804 1027 2839 τῶν
1058 2805 1121 2848 τῆς

101 2862 225 2912 ἀρετῆς
246 2859 354 2913 ἔργων
381 2859 625 2907 ἓπιλαὸέσθαι,
641 2859 701 2898 καὶ
728 2866 848 2912 τυχεῖν
867 2864 936 2899 τῶν
973 2863 1118 2900 αἰωνίων

99 2799 291 2851 προσέχετε
317 2804 386 2842 τοῖς
423 2797 638 2849 λεγομένοις·

101 2923 251 2972 ἀγαθῶν,
267 2923 301 2958 ἓν
320 2922 464 2974 Χριστῷ
486 2920 601 2968 Ἰησοῦ
617 2923 667 2973 τῷ
694 2921 814 2974 Κυρίῳ
837 2925 951 2972 ἡμῶν,
984 2926 1058 2974 μεθ’
1081 2919 1118 2963 οῧ

99 2985 148 3032 τῷ
164 2982 282 3034 Πατρὶ
297 2980 371 3033 ἅμα
385 2984 434 3033 τῷ
450 2981 537 3034 ἁγίῳ
552 2982 734 3034 Πνεύματι
750 2983 842 3031 δόξα,
864 2984 1004 3035 κράτος,
1018 2984 1117 3035 τιμὴ,

100 3046 156 3081 νῦν
172 3043 230 3080 καὶ
249 3043 324 3091 ἀεὶ,
347 3042 405 3081 καὶ
427 3046 473 3086 εἷς
488 3044 567 3086 τοὺς
585 3046 712 3088 αἰῶνας
731 3047 798 3082 τῶν
819 3044 966 3083 αἰώνων.
994 3046 1115 3096 Ἀμήν.

147 3175 160 3189 ⁰
183 3165 276 3197 Unus
289 3169 392 3212 ἑτέρου
408 3169 592 3201 διδασκάλου.

148 3226 160 3239 ³
184 3216 275 3247 Unus
291 3221 362 3259 ἔχω.
381 3220 476 3262 ταύτῃ
492 3222 627 3260 μάλιστα
643 3222 814 3259 κολάζεται.
834 3218 922 3251 Εάὶιί
943 3230 1021 3252 vero
1038 3230 1109 3251 sen-

107 3269 245 3298 tentiam
270 3266 394 3300 habent
418 3269 645 3311 imperfectam
660 3296 667 3310 ,
691 3278 726 3302 ut
748 3271 856 3313 palam
874 3271 936 3303 erit
961 3271 1078 3315 legenti
1100 3286 1105 3302 ;

112 3317 179 3350 hoec
194 3321 430 3368 quippenam
444 3326 577 3365 μάλιστα
594 3327 764 3364 κολάζεται,
778 3324 811 3355 ἱι1
831 3324 911 3355 serie
928 3325 1109 3356 necessario

1144 1437 1175 1502 [ll
1194 1462 1278 1499 talia
1295 1462 1448 1514 confugi,
1467 1462 1528 1500 sed
1544 1476 1624 1500 cum
1639 1461 1731 1499 adsit
1750 1464 1894 1513 Doctor,
1905 1477 1974 1500 non
1988 1463 2180 1504 licet.Vide

2104 211 2161 256 55

1187 304 1255 342 sibi
1288 304 1366 343 vult
1395 304 1574 356 parabola.
1595 305 1665 350 Qui
1699 318 1832 342 memor
1854 305 2066 357 injuriarum
2101 317 2162 355 est,

1186 376 1383 405 extiemum
1404 367 1478 404 luat
1494 367 1732 419 supplicium:
1754 367 1815 417 qui
1843 367 1873 405 i1
1875 367 2006 406 ascitul
2024 377 2164 417 temeie,

1187 427 1222 464 in
1242 427 1359 478 ignem
1381 427 1587 478 injiciatur:
1608 428 1669 478 qui
1690 427 1924 477 conviciatui,
1950 443 2071 480 poenas
2106 428 2166 466 det

1186 490 1221 527 in
1242 490 1411 541 gehenna.
1431 489 1470 528 Si
1492 489 1625 541 putatis
1647 504 1745 537 πῖθι-,ο
1766 504 1830 527 vos
1848 504 1917 527 nox
1919 504 1956 527 as
1975 490 2098 527 audire
2119 491 2167 527 le—

1187 564 1260 602 ges,
1277 565 1318 588 ne
1332 551 1536 589 turbemini.
1553 551 1628 588 Nisi
1638 551 1733 588 enim
1748 564 1857 588 novas
1871 550 2051 602 positurus
2065 551 2166 589 Chri-

1186 620 1260 649 stus
1275 611 1413 660 fuisset,
1428 626 1492 648 cur
1504 611 1703 649 advenisset
1719 611 1735 648 ἱ)
1751 611 1818 648 Illa
1832 611 1964 663 quippe
1983 611 2168 649 manifesta
2216 646 2221 651 .

1322 224 1479 254 HOMIL.
1519 225 1563 253 V.

1186 671 1289 709 nobis
1300 681 1395 720 sunt,
1417 672 1514 722 quod
1532 672 1748 709 homicidam
1773 681 1807 709 et
1822 671 2023 710 adulterum
2042 673 2169 724 punire

1187 740 1356 783 oporteat.
1372 732 1410 769 Si
1427 746 1509 782 ergo
1527 733 1651 770 eadem
1669 732 1825 770 audituri
1845 747 1995 781 eramus,
2012 747 2076 770 cur
2094 747 2167 770 cae-

1187 791 1265 827 lesti
1293 792 1447 828 Doctore
1467 805 1555 842 opus
1581 792 1678 828 erat?
1696 792 1779 829 Ideo
1801 807 1869 829 non
1891 792 1992 840 dicit,
2020 793 2170 831 Adulter

1189 850 1380 902 puniatur3
1396 851 1470 899 sed,
1485 851 1556 898 Qui
1579 851 1721 889 lascivis
1740 852 1851 889 oculis
1865 853 2025 904 respicit:
2046 863 2080 891 et
2094 854 2169 901 ubi,

1190 919 1222 947 et
1251 910 1392 960 quando
1411 925 1551 963 poenam
1569 911 1718 948 daturus
1737 911 1795 959 sit,
1812 911 1924 950 addit.
1951 914 2030 950 Non
2062 915 2098 951 in
2118 924 2171 951 ta-

1190 970 1286 1008 bulis
1306 972 1400 1021 leges
1414 971 1615 1023 descripsit,
1631 986 1744 1022 neque
1771 972 1894 1024 cippos
1914 987 2020 1010 aereos
2044 975 2170 1023 erexit,

1192 1041 1230 1069 ut
1248 1033 1299 1070 ibi
1318 1033 1437 1070 literas
1457 1033 1652 1085 sculperet;
1670 1033 1731 1071 sed
1753 1033 1875 1071 erectis
1886 1033 2075 1071 duodecim
2089 1049 2174 1086 apo-

1191 1094 1364 1131 stolorum
1379 1094 1577 1137 animabus,
1596 1094 1646 1131 ibi
1660 1108 1725 1146 per
1743 1094 1919 1146 Spiritum
1934 1104 2097 1133 sanctum
2111 1096 2175 1134 has

1192 1156 1334 1208 scripsit
1352 1156 1485 1205 literas,
1506 1170 1592 1206 quas
1602 1156 1705 1193 vobis
1721 1170 1783 1193 nos
1800 1158 1925 1193 merito
1938 1156 2173 1208 praelegimus.

1193 1217 1285 1254 Nam
1300 1216 1328 1254 si
1344 1216 1479 1256 Judaeis
1495 1216 1563 1254 hoc
1574 1215 1712 1266 licebat,
1731 1230 1774 1254 ne
1788 1217 1867 1267 quis
1879 1216 1924 1254 ad
1939 1217 2176 1267 ignorantiam

1194 1281 1396 1331 confugeret
1402 1295 1413 1329 3
1429 1280 1542 1317 multo
1554 1280 1667 1332 magis
1678 1280 1778 1318 nobis
1793 1281 1845 1317 fas
1864 1290 1926 1318 est.
1939 1281 1975 1319 Si
1995 1281 2073 1331 quis
2092 1295 2176 1319 vero

1193 1340 1301 1387 dicat,
1324 1341 1404 1378 Non
1437 1340 1597 1390 audiam,
1626 1355 1689 1378 nec
1721 1341 1899 1393 judicium
1930 1341 2069 1390 subibo,
2098 1342 2177 1380 ideo

1194 1401 1349 1438 maxime
1367 1402 1526 1453 punitur.
1542 1402 1633 1438 Nam
1653 1401 1682 1438 si
1703 1415 1805 1438 nemo
1821 1400 1974 1451 doceret,
1997 1413 2114 1454 posset
2132 1403 2180 1442 ad

1194 1536 1277 1574 ergo
1292 1523 1469 1574 quomodo
1498 1523 1639 1562 Judaeos
1659 1538 1679 1560 a
1698 1524 1798 1562 venia
1826 1523 2006 1573 excludat,
2031 1524 2151 1563 dicens
2170 1541 2177 1561 ε

1195 1584 1234 1622 Si
1255 1598 1331 1621 non
1347 1587 1537 1622 venissem
1557 1593 1594 1622 et
1621 1585 1802 1637 loquutus
1809 1587 1979 1637 fuissem
2002 1589 2068 1632 eis,
2086 1600 2178 1638 pec-
2191 1599 2282 1626 Joan.
2306 1597 2350 1626 15.

1198 1653 1323 1682 catum
1343 1660 1420 1682 non
1436 1647 1546 1683 haber
1548 1654 1645 1690 ent
1661 1646 1861 1696 iterumque
1873 1646 2018 1695 Paulus,
2037 1647 2111 1685 Sed
2125 1648 2210 1684 cli-2

1198 1719 1255 1751 00,
1278 1707 1478 1758 Ilumqmd
1510 1720 1587 1743 non
1607 1707 1839 1743 audierunt?
1875 1708 1931 1744 Et
1956 1709 2110 1759 quidem
2140 1711 2181 1745 in
2200 1721 2246 1750 18

1199 1779 1351 1803 omnem
1368 1775 1510 1804 terram
1530 1769 1650 1803 elelC
1665 1780 1781 1806 sonus
1798 1780 1863 1804 (301
1865 1781 1942 1804 lcm.
1966 1768 2071 1806 TUDC
2088 1783 2183 1807 enlm
2199 1762 2381 1793 Psal.18.5.

1200 1826 1299 1864 venia
1319 1836 1381 1875 est,
1397 1826 1538 1878 quando
1555 1827 1675 1864 nullus
1685 1836 1736 1864 est
1753 1826 1814 1877 qui
1824 1827 1994 1878 praedicet
2007 1844 2018 1877 3
2041 1830 2182 1879 quando

1199 1896 1318 1924 autem
1338 1888 1537 1939 speculator
1550 1887 1658 1936 sedet,
1670 1897 1704 1925 et
1717 1887 1783 1925 hoc
1802 1887 1909 1925 habet
1926 1889 2098 1936 officium,
2112 1905 2181 1928 non

1200 1947 1292 1984 ultra
1313 1957 1364 1985 est
1378 1947 1494 1986 venia.
1513 1948 1590 1984 Imo
1604 1961 1689 1986 vero
1707 1961 1777 1984 non
1793 1956 1931 1984 tantum
1942 1949 2058 1986 voluit
2074 1950 2182 1988 Chri-

1199 2017 1272 2045 stus
1292 2022 1354 2046 nos
1369 2008 1405 2046 in
1417 2009 1599 2046 columnas
1617 2008 1696 2046 illas
1710 2008 1894 2060 respicere,
1916 2008 1978 2046 sed
1997 2023 2060 2047 nos
2087 2025 2179 2061 quo—

1155 2075 1174 2104 ss
1197 2084 1265 2120 que
1288 2070 1366 2108 vult
1393 2085 1466 2108 esse
1498 2071 1690 2108 columnas.
1722 2070 1815 2116 Quia
1844 2084 1929 2109 vero
1953 2085 2016 2109 nos
2049 2073 2180 2112 talibus

1196 2131 1337 2183 scriptis
1365 2131 1531 2182 indignos
1550 2131 1787 2178 reddidimus,
1818 2131 1898 2168 illas
1930 2131 2055 2170 saltem
2076 2134 2179 2172 colu-

1613 2193 1713 2231 Sicut
1759 2193 1854 2230 enim
1891 2192 2064 2232 columnae
2102 2196 2181 2234 aliis

1194 2253 1389 2302 minantur,
1424 2255 1494 2292 illae
1522 2269 1607 2293 vero
1636 2268 1705 2292 non
1737 2264 1818 2292 sunt
1852 2255 1889 2292 in
1922 2254 2037 2306 culpa,
2059 2265 2097 2294 ut
2121 2272 2179 2296 ne-

1194 2330 1261 2366 que
1278 2315 1373 2367 leges
1388 2332 1395 2352 :
1412 2316 1462 2354 sic
1477 2325 1510 2354 et
1527 2316 1622 2354 beati
1642 2316 1804 2369 apostoli.
1825 2316 1872 2353 Et
1887 2315 1970 2355 vide
1990 2332 1997 2352 :
2019 2331 2089 2355 non
2110 2335 2178 2358 uno

1194 2376 1230 2414 in
1245 2377 1322 2416 loco
1346 2387 1414 2415 stat
1429 2378 1504 2415 haec
1518 2378 1696 2427 columna,
1717 2377 1777 2415 sed
1792 2378 1924 2429 ubique
1952 2376 2062 2416 literae
2089 2381 2178 2419 scri-

1194 2448 1262 2491 ptae
1283 2440 1594 2478 circumferuntur.
1614 2441 1704 2477 Nam
1727 2440 1757 2477 si
1775 2440 1823 2478 ad
1843 2441 1950 2479 Indos
1965 2438 2109 2495 migres,
2131 2444 2177 2481 il-

1192 2500 1244 2538 las
1257 2500 1397 2550 audies,
1410 2501 1439 2538 si
1456 2501 1491 2538 in
1506 2501 1732 2553 Hispaniam,
1754 2510 1787 2539 et
1808 2503 1845 2540 in
1865 2518 1985 2545 omnes
2005 2507 2092 2544 fines
2110 2515 2175 2543 ter-

1193 2577 1253 2611 rae,
1270 2577 1371 2601 nemo
1390 2572 1441 2600 est
1471 2563 1555 2613 quin
1588 2562 1724 2612 audiat,
1747 2563 1817 2601 nisi
1841 2566 1886 2603 oh
1915 2567 2100 2605 desidiam.
2124 2568 2176 2604 Ne

1192 2638 1275 2676 ergo
1290 2638 1382 2676 aegre
1406 2624 1541 2674 feratis,
1563 2623 1625 2661 sed
1644 2623 1751 2662 dictis
1770 2627 1953 2678 attendite,
1973 2637 2012 2666 ut
2032 2627 2175 2680 possitis

1192 2687 1336 2726 virtutis
1354 2701 1458 2739 opera
1480 2686 1669 2738 suscipere,
1689 2696 1723 2724 et
1742 2696 1870 2726 aeterna
1890 2690 2054 2740 consequi
2070 2691 2175 2738 bona,

1192 2749 1227 2786 in
1257 2748 1398 2786 Christo
1430 2750 1515 2787 Jesu
1549 2747 1703 2786 Domino
1733 2758 1865 2798 nostro,
1899 2751 2044 2801 quicum
2079 2750 2177 2788 Patri

1192 2824 1330 2860 unaque
1348 2809 1500 2861 Spiritui
1519 2817 1639 2846 sancto
1659 2809 1786 2860 gloria,
1817 2810 2022 2863 imperium,
2043 2812 2172 2862 honor,

1193 2884 1287 2908 nunc
1306 2879 1340 2909 et
1370 2884 1518 2922 semper,
1539 2879 1571 2908 et
1600 2869 1635 2907 in
1660 2868 1789 2908 saecula
1809 2871 2032 2910 saeculorum.
2051 2874 2173 2910 Amen.

1195 2206 1295 2230 mnas
1330 2193 1573 2245 respiciamus.

1173 3167 1355 3200 adduntur.

1164 3246 1170 3247 ff
1218 3222 1235 3245 b
1258 3221 1352 3253 Unus
1375 3219 1490 3252 Codex
1515 3224 1614 3253 τοῦτον
1640 3223 1693 3262 ἔχῃ
1709 3225 1790 3262 βίον,
1810 3223 1917 3255 οὐκέτι.
1939 3221 2047 3263 [Infra
2071 3227 2181 3259 rodem-2

1176 3270 1268 3304 abest
1285 3283 1300 3303 a
1318 3270 1376 3315 n}

2234 563 2366 590 Christus

2181 614 2268 631 novas
2314 614 2366 641 po-

2180 651 2238 673 suit
2257 645 2343 682 leges.

2194 1649 2283 1709 flamm.
2309 1688 2354 1709 ts.)
