2502 3810
717 315 757 344 IN
796 314 936 345 EPIST.

58 391 225 440 Ἕλληνι,
242 392 415 445 ἐπήγαγεν
433 410 439 417 ·
457 394 509 432 Οὐ
525 394 591 447 γάρ
604 397 676 432 ἐστι
689 395 967 448 προσωποληψία
983 394 1078 447 παρὰ

980 312 1037 343 ΑΙ)
1076 314 1185 344 ROM-

2036 297 2061 325 ,ι

1226 314 1374 345 nomn„
1409 316 1455 345 v.
2033 316 2124 361 οὓς)

1144 394 1196 432 dit
1221 396 1327 445 enirn,
1342 410 1377 433 re
1397 395 1432 433 in
1451 394 1706 433 absurditatem
1726 393 1891 444 adducta,
1919 400 1986 432 non
2002 409 2125 434 secun-

56 456 104 504 τῷ
127 467 139 480 ·*
154 455 211 505 εῷ.
229 453 365 501 Βαὸαὶ,
382 453 416 497 ἐξ
430 453 513 501 ὅσης
526 454 662 501 ἐνίκησε
676 457 738 500 τῆς
753 455 998 507 8περιουσίας·
1012 456 1078 493 δεί-
1097 459 1121 487 D
1144 454 1231 492 dum
1251 457 1365 493 Deum
1380 456 1465 505 fore,
1484 455 1511 493 si
1532 469 1586 493 res
1606 455 1652 492 ita
1673 469 1740 493 non
1762 465 1868 505 esset;
1896 469 1979 493 nam
1998 455 2034 493 id
2048 470 2127 508 per-

55 528 155 552 κνυσι
173 513 240 565 γὰρ
260 516 307 557 εἷς
322 514 447 552 ἄτοπον
472 515 528 553 τὸν
541 513 641 566 λόγον
653 515 856 567 ἀπαγαγὼν,
868 516 921 554 ὅτι
942 518 978 554 οὗ
989 516 1079 554 κατὰ

54 575 145 613 Θεὸν
159 575 198 613 τὸ
211 574 258 625 μὴ
275 574 365 613 οὕτω
375 575 534 627 γενέσθαι
547 590 554 597 ·
571 576 630 614 καὶ
646 575 713 628 γὰρ
729 576 1025 628 προσωποληψίας
1041 577 1080 614 τὸ

55 642 201 688 πρᾶγμα
216 652 223 659 ·
243 640 260 674 ὃ
281 636 315 674 δὲ
330 636 420 679 Θεὸς
439 639 475 675 οὐ
492 641 653 680 τοιοῦτος.
676 637 744 674 Καὶ
763 639 825 674 οὐκ
845 631 939 675 εἶπεν
956 666 964 682 ,
986 639 1015 675 εἰ
1044 636 1080 675 δὲ

57 696 104 746 μὴ
124 701 223 735 τοῦτο
239 697 385 748 γένοιτο,
407 697 711 749 προσωπολῆπτης
736 701 753 735 ὃ
770 697 881 744 Θεὸς,
905 697 994 735 ἀλλὰ
1016 713 1078 735 σε-

56 756 157 806 μνότε
165 772 219 809 ρον
234 773 241 781 ·
257 759 310 795 Οὐ
330 757 397 810 γάρ
414 760 486 796 ἐστι
505 757 781 809 προσωποληψία
798 757 893 808 παρὰ
909 760 957 807 τῷ
974 758 1055 808 Θεῷ
1069 772 1077 780 ·

56 819 244 867 τουτέστιν,
266 822 303 858 οὐ
322 819 517 872 προσώπων
539 819 729 866 ποιότητα,
752 818 840 857 ἀλλὰ
859 819 1076 870 πραγμάτιον

56 880 202 926 ἐξετάζει
221 881 520 934 διαφοράν.Το’ῦτο
537 879 654 927 εἰπὼν,
670 880 842 925 ἐδήλωσεν
858 881 920 916 οὐκ
939 880 974 916 ἐν
987 879 1076 930 πρά-

57 958 184 992 γμασιν
198 970 206 986 ,
236 943 311 979 ἀλλ’
349 945 382 980 ἐν
413 940 610 994 προσώποις
644 939 745 990 μόνον
780 939 984 1001 διαφέροντα
1016 938 1074 976 τὸν

58 1001 222 1040 Ἰουδαῖον
236 1005 294 1040 τοῦ
315 1001 496 1046 (Έλληνος.
516 999 662 1041 Τούτοις
681 998 866 1037 ἀκόλουθον
885 1003 927 1045 ἠν
947 1001 1072 1036 εἰπεῖν·

57 1064 93 1097 οὐ
130 1061 216 1112 γὰρ,
236 1061 355 1106 ἐπειδὴ
376 1063 393 1097 ὁ
423 1059 483 1111 μὲν
513 1059 699 1106 Ἰουδαῖος,
728 1058 800 1097 ὅδὲ
827 1057 985 1105 Ἕλλην,
1016 1058 1072 1096 διὰ

55 1124 154 1158 τοῦτο
175 1125 191 1158 ὅ
219 1120 281 1170 μὲν
309 1127 473 1170 τιμᾶται,
491 1122 509 1156 ὃ
527 1119 562 1156 δὲ
587 1119 766 1170 ὓέρίζεται
783 1134 790 1141 ·
818 1120 893 1156 ἀλλ’
920 1118 989 1156 ἀπὸ
1003 1121 1072 1156 τῶν
1095 1124 1119 1155 Ε

54 1180 161 1230 ἔργων
191 1179 339 1232 ἑκάτερα
366 1179 510 1230 γίνεται.
531 1179 621 1216 Ἀλλ’
649 1181 711 1217 οὐκ
740 1172 834 1217 εἶπεν
862 1178 951 1217 οὕτω
969 1194 976 1202 ·
997 1179 1073 1225 &751-

52 1255 145 1291 γειρε
163 1239 230 1291 γὰρ
247 1239 285 1276 ἂν
305 1240 361 1278 τὸν
384 1239 490 1289 θυμὸν
508 1243 567 1277 τοῦ
588 1239 756 1277 Ἰουδαίου
774 1255 781 1262 ·
805 1241 880 1277 ἀλλ’
902 1238 1020 1290 ἕτερόν
1039 1256 1073 1277 τι

52 1300 154 1338 πλέον
176 1300 291 1347 τίθησι
310 1303 499 1338 κατασπῷν
518 1301 630 1337 αὐτῶν
647 1299 835 1351 κατωτέρω
851 1299 890 1338 τὸ
912 1299 1074 1352 φρόνημα

52 1360 111 1398 καὶ
135 1359 397 1408 καταστέλλων,
418 1359 508 1398 ὥστε
538 1363 647 1398 ἐκεῖνο
674 1359 942 1404 καταδέξασθαι.
962 1360 1009 1398 Τί
1038 1359 1076 1398 δέ

53 1424 127 1459 ἐστι
156 1424 278 1468 τοῦτο,
303 1421 355 1458 Τὸ
388 1421 464 1466 ἑξῆς
497 1420 665 1471 κείμενον.
695 1419 802 1459 ϋΟσοι
829 1420 895 1472 γὰρ
925 1419 1074 1471 ἀνόμως,

56 1480 171 1533 φησὶν,
191 1481 365 1534 ἥμαρτον,
383 1482 519 1532 ἀνόμως
538 1481 596 1518 καὶ
616 1483 826 1520 ἀπολοῦνται
842 1497 851 1504 ·
868 1481 927 1519 καὶ
947 1481 1020 1519 ὅσοι
1040 1483 1072 1519 ἓν

54 1541 149 1593 νόμῳ
169 1542 338 1593 ἥμαρτον,
357 1541 412 1580 διὰ
428 1541 534 1592 νόμου
557 1542 790 1593 κριθήσονται.
808 1541 980 1580 Ἐνταῦθα
993 1541 1075 1594 γὰρ,

55 1603 139 1655 ὅπερ
161 1603 265 1655 ἔφθην
286 1602 390 1640 εἰπὼν
402 1632 411 1649 ,
429 1605 466 1640 οὐ
483 1603 583 1653 μόνον
601 1602 776 1653 ἰσοτιμίαν
797 1601 966 1640 δείκνυσιν
987 1603 1075 1640 Ἴου-

59 1664 153 1701 δαίου
171 1664 230 1701 καὶ
247 1663 433 1711 (Ἕλληνος,
451 1663 540 1701 ἀλλὰ
558 1663 617 1701 καὶ
638 1662 725 1701 πολὺ
748 1663 805 1701 τὸν
826 1663 993 1701 Ἰουδαῖον
1014 1666 1076 1714 βα-

59 1724 222 1774 ρούμενον
242 1724 310 1761 ἀπὸ
325 1726 387 1769 τῆς
405 1728 464 1761 τοῦ
480 1723 584 1774 νόμου
605 1723 741 1767 δόσεως.
758 1723 803 1761 ‘O
822 1722 884 1774 μὲν
903 1722 970 1775 γὰρ
985 1721 1076 1760 ‘'Ek-

57 1787 118 1830 λην
140 1784 276 1834 ἀνόμως
294 1783 448 1836 κρίνεται
465 1800 472 1807 ·
494 1785 533 1822 τὸ
553 1783 609 1831 δὲ,
629 1784 795 1834 Ἀνόμως,
813 1785 958 1821 ἐνταῦθα
979 1785 1017 1821 οὗ
1036 1783 1075 1820 τὸ

1144 530 1308 553 sonarum
1328 517 1484 568 acceptio
1499 524 1588 554 essct
1607 531 1615 552 :
1633 515 1727 567 quod
1739 517 1775 554 in
1786 517 1902 553 Deum
1918 515 2041 554 cadere
2057 529 2125 554 non

1145 585 1268 626 potest.
1302 578 1423 628 Neque
1442 577 1550 626 dixit,
1572 577 1647 615 Nisi
1669 591 1723 615 res
1743 577 1790 615 ita
1819 592 1855 615 se
1875 577 2015 627 habeat,
2043 592 2126 630 per-

1145 649 1312 674 sonarum
1332 647 1493 690 acceptor
1514 646 1565 675 est
1586 638 1684 675 Deus
1692 653 1703 688 3
1719 637 1777 675 sed
1798 638 1941 689 dignius
1963 639 2123 689 loquens,

1145 698 1234 733 Non
1264 706 1320 735 est
1345 711 1598 748 personarum
1614 700 1784 749 acceptio
1801 700 1906 749 apud
1923 700 2046 736 Deum
2057 715 2072 743 ;
2089 698 2127 736 id

1144 765 1207 804 cst,
1229 771 1297 794 non
1308 772 1538 809 personarum
1559 757 1775 807 qualitatem,
1800 758 1860 795 scd
1884 773 2002 797 rerum
2024 759 2127 797 diffe-

1144 817 1292 854 rentiam
1308 818 1495 854 examinat.
1516 817 1608 854 Hinc
1623 831 1706 856 vero
1724 816 1879 856 declarat
1902 833 1969 856 non
1989 834 2038 869 rc,
2067 820 2127 857 sed

1144 891 1291 928 persona
1311 877 1477 916 Judaeum
1495 891 1512 914 a
1526 878 1653 915 Graeco
1670 876 1823 915 differre.
1839 879 1903 916 His
1914 893 2127 930 consequeus

1143 936 1339 974 eratdicerc
1351 952 1358 972 ε
1370 938 1446 974 Non
1456 936 1652 986 enim7quia
1670 937 1729 974 illc
1741 937 1882 988 quidem
1896 939 2056 990 Judaeus‚
2066 941 2127 978 hie

1145 997 1310 1046 Grae01153
1325 996 1405 1034 ideo
1420 996 1481 1034 ille
1499 996 1641 1046 quidem
1655 996 1862 1048 honoratur,
1878 999 1936 1035 hic
1949 1014 2032 1037 vcro
2046 1014 2127 1037 con-

1145 1059 1450 1096 tumeliaafficitur
1467 1075 1474 1095 :
1495 1058 1556 1096 scd
1570 1073 1613 1098 ex
1622 1059 1788 1111 operibus
1796 1069 1986 1111 utrumque
1999 1062 2129 1101 fit.Ve-

1143 1134 1299 1157 rumnon
1314 1119 1361 1157 ita
1374 1119 1485 1169 dixit5
1505 1134 1584 1157 nam
1597 1120 1711 1159 Judaei
1723 1120 1883 1159 animum
1903 1116 2126 1172 concitasset5

1144 1179 1206 1217 sed
1224 1180 1313 1231 quid
1322 1180 1637 1232 ampliusaddidit,
1659 1180 1804 1218 illorum
1814 1182 1943 1219 fastum
1958 1182 2127 1235 dejiciens

1143 1254 1183 1278 ac
1203 1242 1451 1293 coinprimen5‚
1472 1250 1510 1279 ut
1541 1241 1633 1279 illud
1658 1241 1894 1281 admitterent.
1915 1243 2013 1289 Quid
2035 1243 2128 1281 illud

1145 1301 1219 1339 est?
1237 1301 1279 1339 Id
1290 1302 1385 1352 quod
1404 1302 1572 1353 sequitur.
1590 1304 1651 1340 ti).
1672 1303 1910 1355 Quicumque
1935 1307 2051 1351 enim,
2074 1304 2128 1342 in-

1143 1363 1236 1414 quit,
1259 1366 1342 1401 sine
1364 1364 1444 1415 lege
1455 1373 1724 1415 peccaverunt,
1736 1367 1818 1402 sine
1832 1366 1913 1416 lege
1927 1368 2126 1417 peribunt:

1144 1433 1180 1462 et
1196 1427 1427 1477 quicumque
1445 1427 1486 1461 in
1513 1425 1593 1477 lege
1617 1435 1886 1476 peceaverunt,
1912 1441 1981 1478 per
2008 1428 2127 1479 legem

1134 1487 1433 1537 judicabuntur.
1452 1486 1532 1533 Hic,
1550 1495 1587 1523 ut
1603 1486 1679 1538 jam
1700 1486 1793 1537 dixi,
1813 1501 1881 1524 non
1897 1488 2001 1526 modo
2013 1503 2131 1539 aequa-

1142 1545 1278 1583 litatem
1304 1545 1394 1583 inter
1429 1545 1591 1586 Judaeum
1625 1555 1658 1584 et
1691 1547 1857 1585 Graecum
1886 1547 2030 1598 indicat,
2066 1549 2131 1587 sed

1144 1606 1250 1643 etiam
1268 1605 1433 1646 Judaeum
1450 1621 1469 1644 a
1488 1607 1565 1657 lege
1574 1606 1681 1645 valde
1696 1617 1881 1658 gravatum
1898 1622 1969 1646 esse
1983 1609 2129 1647 demon-

1145 1676 1232 1704 strat
1250 1682 1257 1703 ε
1280 1668 1429 1705 Graecus
1448 1667 1542 1704 enim
1568 1667 1644 1705 sine
1665 1668 1740 1719 lege
1753 1669 1953 1719 judicatur.
1980 1670 2048 1708 Hic
2067 1685 2130 1708 au-

1146 1736 1229 1777 tem,
1251 1728 1341 1766 Sine
1361 1729 1454 1780 lege,
1477 1728 1718 1778 n011g1·avi115‚
1738 1728 1797 1766 sed
1806 1730 1924 1767 minus
1943 1731 2131 1783 quidpiam

1148 1788 1300 1837 iudicat3
1324 1788 1361 1826 id
1394 1798 1459 1838 est,
1477 1802 1546 1826 non
1577 1788 1683 1826 habet
1705 1799 1927 1827 accusantem
1946 1805 1982 1827 se
1999 1791 2126 1842 legem.

55 1844 319 1896 χαλεπώτερον,
340 1845 429 1883 ἀλλὰ
445 1846 484 1884 τὸ
507 1844 726 1898 ἡμερώτερον
742 1845 835 1896 λέγει
851 1861 858 1868 ·
878 1843 1054 1883 τουτέστιν
1068 1874 1076 1891 ,
1087 1880 1135 1906 467
1146 1850 1244 1887 Illud
1256 1850 1364 1900 enim,
1383 1851 1472 1888 Sine
1492 1850 1585 1902 lege,
1604 1850 1643 1887 id
1659 1860 1724 1901 est,
1747 1851 1822 1888 sine
1841 1851 2065 1890 damnatione
2085 1868 2128 1891 ex

56 1908 117 1943 οὐκ
153 1906 223 1957 ἔχει
245 1909 504 1958 κατηγοροῦντα
523 1907 581 1944 τὸν
603 1906 718 1957 νόμον.
748 1906 800 1944 Τὸ
824 1905 892 1959 γὰρ
911 1905 1075 1956 Ἀνόμως,
1101 1917 1125 1945 Α
1145 1911 1377 1962 legcfacta,et
1390 1925 1435 1948 ex
1454 1910 1677 1948 naturalibus
1702 1912 1816 1948 solum
1840 1912 2035 1951 ratiociniis
2049 1928 2130 1951 con-

56 1966 229 2014 τουτέστι,
253 1966 360 2018 χωρὶς
378 1969 440 2013 τῆς
469 1967 504 2011 ἐξ
526 1967 655 2005 ἐκείνου
682 1966 941 2018 κατακρίσεως,
960 1967 1077 2018 φησὶν,

57 2028 124 2065 ἀπὸ
140 2031 207 2066 τῶν
229 2031 288 2073 τῆς
308 2027 440 2079 φύσεως
456 2029 632 2079 λογισμῶν
650 2028 920 2072 καταδικάζεται
951 2027 1078 2078 μόνων.

58 2088 102 2123 ‘0
122 2088 157 2126 δὲ
184 2088 347 2131 Ἰουδαῖος
367 2088 538 2139 ἐννόμως,
558 2088 731 2136 τουτέστι,
754 2088 842 2138 μετὰ
863 2091 925 2134 τῆς
947 2087 1079 2140 φύσεως

57 2150 114 2186 καὶ
147 2153 206 2187 τοῦ
235 2149 340 2199 νόμου
378 2154 649 2201 κατηγοροῦντος
677 2165 684 2172 ·
719 2150 789 2202 ὅσῳ
826 2148 894 2201 γὰρ
924 2149 1080 2191 πλείονος

57 2209 263 2255 ιὀἰπῆλαυσε
291 2213 354 2256 τῆς
380 2209 597 2259 ἐπιμελείας,
621 2209 773 2261 τοσούτῳ
807 2209 945 2260 μείζονα
976 2208 1080 2247 δώσει

57 2270 170 2315 δίκην.

108 2330 216 2383 (Ορᾷς
230 2333 303 2374 πῶς
318 2331 455 2382 μείζονα
473 2336 544 2374 τοῖς
560 2331 739 2375 Ἰουδαίοις
748 2331 811 2379 τὴν
831 2330 984 2382 ἀνάγκην
1002 2331 1080 2369 ἕπε’-

54 2406 158 2436 στησε
182 2394 240 2428 τοῦ
258 2394 301 2441 τῇ
320 2391 438 2443 χάριτι
458 2393 713 2444 προσδραμεῖν,
733 2391 879 2438 Ἐπειδὴ
908 2391 976 2443 γὰρ
1004 2392 1078 2431 ἔλε-

53 2466 124 2502 γον,
143 2451 195 2489 ὅτι
215 2454 252 2489 οὐ
267 2452 400 2490 δέονται
418 2455 480 2498 τῆς
495 2452 659 2505 χάριτος,
681 2451 737 2489 διὰ
757 2451 860 2502 μόνου
882 2456 942 2490 τοῦ
970 2451 1076 2502 νόμου

55 2512 306 2562 δικαιούμενοι,
330 2512 512 2560 δείκνυσιν,
530 2513 583 2552 ὅτι
599 2513 695 2551 αὐτοὶ
711 2515 842 2565 μᾶλλον
862 2515 930 2550 τῶν
950 2512 1077 2561 Ἑλλή-

55 2589 121 2610 νων
139 2574 292 2620 δέονται,
309 2573 340 2611 εἴ
356 2591 395 2625 γε
417 2576 546 2624 μᾶλλον
567 2574 731 2625 μέλλουσι
746 2575 965 2618 κολάζεσθαι.
987 2568 1076 2613 Εἶτα

56 2633 158 2670 πάλιν
180 2633 299 2685 ἐπάγει
331 2634 496 2685 λογισμὸν
515 2634 643 2686 ἕτερον,
671 2642 741 2678 τοῖς
766 2634 959 2687 εἰρημένοις
988 2637 1074 2674 ἐπα-

56 2693 292 2744 γιι)νιζόμενος.
321 2696 373 2732 Οὐ
393 2693 458 2746 γὰρ
478 2697 508 2732 οἱ
543 2696 712 2747 ἀκροαταὶ
735 2699 794 2733 τοῦ
820 2695 924 2746 νόμου
947 2695 1075 2734 δίκαιοι

56 2753 150 2805 παρὰ
170 2757 219 2806 τῷ
249 2756 343 2805 Θεῷ.
368 2756 495 2798 Καλῶς
527 2755 720 2806 προσέθηκε
737 2786 746 2803 ,
774 2755 879 2807 Παρὰ
899 2758 949 2807 τῷ
968 2757 1051 2807 Θεῷ
1067 2772 1075 2780 ·

55 2814 150 2866 παρὰ
171 2814 232 2864 μὲν
253 2815 320 2868 γὰρ
343 2814 533 2867 ἀνθρώποις
554 2816 638 2859 ἴσως
659 2816 777 2867 σεμνοὶ
808 2816 970 2854 δύνανται
997 2816 1076 2869 φαί-

56 2879 172 2912 νεσθαι
185 2876 243 2913 καὶ
261 2876 396 2927 μεγάλα
413 2877 616 2928 κομπάζειν,
637 2877 734 2930 παρὰ
747 2876 783 2915 δὲ
801 2879 850 2929 τῷ
866 2879 960 2930 Θεῷ,
975 2880 1075 2916 τούν-

57 2935 168 2973 αντίον
197 2937 300 2985 ἅπαν,
328 2940 374 2975 Οἱ
410 2938 552 2985 ποιηταὶ
570 2942 630 2975 τοῦ
656 2938 760 2989 νόμου
780 2939 990 2976 δικαιοῦνται
1012 2938 1074 2989 μό-

56 3011 123 3033 νον.
140 2991 238 3041 Εἶδες
255 2998 345 3050 πόσῃ
365 3001 408 3049 τῇ
424 2999 605 3053 περιουσίᾳ
620 2999 790 3051 κέχρηται
810 3002 856 3043 εἷς
870 2999 909 3037 τὸ
922 2999 1073 3038 ἐναντίον

56 3057 269 3109 περιτρέπων
289 3058 344 3096 τὸν
371 3059 492 3110 λόγον;
522 3061 566 3097 Εἰ
588 3059 656 3113 γὰρ
687 3060 743 3098 διὰ
769 3060 827 3098 τὸν
842 3061 946 3111 νόμον
970 3059 1076 3104 ἀξιοῖς

59 3120 229 3165 σωΟῆναι,
249 3120 349 3170 φησὶ,
382 3120 518 3174 πρῶτός
541 3135 601 3159 σου
626 3121 734 3174 ταύτῃ
755 3125 772 3160 ὃ
787 3121 923 3168 ςΈλλην
944 3122 1074 3169 στήσε-

60 3193 138 3224 ται,
155 3181 298 3226 ποιητὴς
325 3181 438 3232 φανεὶς
456 3185 524 3220 τῶν
547 3183 881 3235 *ἐγγεγραμμένων.
905 3184 974 3222 Καὶ
1002 3185 1075 3226 πῶς

62 3241 110 3276 ἔνι
123 3270 130 3284 ,
146 3241 259 3291 φησὶν,
276 3242 448 3292 ἀκροατὴν
466 3242 513 3292 μὴ
528 3245 721 3294 γενόμενον,
734 3245 884 3291 ποιητὴν
899 3244 1077 3296 γενέσθαι;

107 3396 117 3409 ³
143 3386 195 3417 Sic
215 3384 313 3417 Savil.
329 3393 361 3417 et
374 3387 450 3418 Mss.
465 3395 571 3430 recte,
588 3388 703 3423 Morel.
720 3388 803 3421 male
821 3396 992 3435 παρουσίας.

111 3439 125 3461 l·
147 3436 204 3468 Atii
223 3439 255 3468 iu
273 3436 389 3479 plurali
409 3442 594 3476 ἀπήλαυσαν.
611 3465 617 3473 .
635 3465 640 3471 .
659 3465 664 3472 .
684 3465 688 3471 .
711 3444 841 3475 δώσουσι.

1145 1971 1345 2009 dcmnatur.
1361 1971 1506 2011 Judaeus
1518 1986 1603 2010 vcro
1619 1986 1663 2009 ex
1689 1972 1784 2023 lege;
1813 1973 1853 2011 id
1867 1983 1929 2023 est,
1947 1975 2023 2025 lege
2049 1989 2129 2012 cum

1147 2041 1272 2070 natura
1287 2032 1467 2070 incusante
1484 2049 1491 2068 :
1508 2042 1639 2083 quanto
1659 2034 1893 2086 cnimmajorc
1908 2049 1990 2073 cura
2004 2035 2130 2087 digna-

1148 2102 1204 2132 tus
1218 2103 1283 2145 est,
1300 2103 1397 2132 tanto
1411 2095 1561 2146 majores
1575 2094 1676 2132 dabit
1691 2109 1825 2147 poenas.

1202 2322 1236 2359 5.
1255 2322 1388 2362 Videu’
1405 2332 1536 2373 quanto
1554 2324 1723 2376 majorem
1737 2326 1758 2364 J
1763 2324 1872 2364 udaeis
1892 2327 2131 2366 necessitatem

1149 2384 1322 2432 intulerit,
1338 2384 1429 2423 utad
1443 2385 1594 2436 gratiam
1605 2389 1854 2426 accurrerent?
1869 2389 1962 2435 Quia
1976 2390 2131 2428 cnimdi-

1147 2445 1272 2483 cebant
1292 2459 1328 2483 se
1346 2459 1413 2483 non
1434 2459 1534 2497 egere
1552 2446 1679 2498 gratia,
1694 2462 1756 2498 per
1774 2448 1887 2499 legem
1906 2450 2016 2488 solam
2028 2451 2133 2503 justi-

1147 2506 1288 2557 ficatos;
1311 2506 1464 2546 ostendit
1494 2507 1588 2559 ipsos
1616 2508 1730 2558 magis
1755 2523 1862 2559 quam
1895 2512 2038 2549 Graecos
2069 2511 2131 2550 illa

1100 2581 1122 2611 B
1147 2582 1259 2618 egere,
1271 2568 1446 2619 siquidem
1458 2569 1572 2619 magis
1581 2569 1754 2620 puniendi
1771 2580 1864 2608 sunt.
1881 2573 2017 2610 Deinde
2032 2574 2131 2612 aliud

1147 2629 1284 2667 inducit
1314 2629 1554 2676 ratiocinium,
1586 2643 1658 2679 quo
1685 2630 1761 2681 jam
1791 2631 1887 2669 dicta
1915 2644 2126 2685 propugnet.

1148 2691 1209 2727 45.
1227 2691 1316 2727 Non
1345 2693 1446 2727 enim
1466 2691 1662 2727 auditores
1683 2691 1777 2742 legis
1797 2694 1895 2743 justi
1913 2703 2004 2731 sunt
2027 2697 2132 2746 apud

1148 2752 1289 2788 Deum.
1319 2751 1425 2800 Recte
1445 2750 1602 2798 addidit,
1626 2751 1747 2802 Apud
1770 2753 2014 2792 Deumznam
2033 2755 2127 2807 apud

1148 2811 1305 2850 homines
1323 2812 1469 2849 fortasse
1483 2820 1629 2863 possunt
1646 2811 1841 2850 honorandi
1860 2814 1992 2863 videri,
2005 2824 2038 2853 et
2056 2830 2130 2854 sese

1147 2887 1356 2926 magnopere
1362 2872 1525 2926 jactitare
1532 2887 1542 2921 3
1553 2872 1649 2924 apud
1664 2874 1781 2910 Deum
1792 2888 1876 2913 vero
1887 2885 2007 2914 contra
2018 2879 2131 2915 omni-

1146 2950 1191 2972 no
1208 2937 1393 2972 Factores
1416 2935 1508 2985 legis
1535 2942 1687 2971 tantum
1708 2936 1992 2987 justificantur,
2018 2938 2131 2977 Vides

1147 3010 1228 3034 cum
1248 3004 1378 3047 quanta
1398 2995 1574 3032 rationum
1593 2994 1628 3032 vi
1648 3009 1845 3034 sermonen]
1863 2996 1899 3035 in
1915 2999 2130 3037 contrarium

1146 3060 1289 3097 vertat?
1308 3058 1347 3097 Si
1367 3059 1460 3096 cnim
1481 3072 1543 3110 per
1560 3058 1686 3109 legem,
1707 3058 1836 3109 inquit,
1856 3061 1988 3098 servari
2014 3076 2130 3114 rogas,

1147 3129 1179 3158 te
1196 3120 1262 3158 hac
1284 3120 1319 3157 in
1338 3133 1375 3157 re
1393 3118 1568 3171 praeccdet
1587 3118 1750 3169 gentilis,
1767 3120 1826 3170 qui
1845 3134 1883 3158 ea
1903 3135 1979 3172 quae
1999 3123 2130 3176 scripta

1099 3184 1122 3214 C
1147 3191 1227 3220 sunt
1250 3189 1466 3230 exsequutus
1497 3178 1646 3218 videtur.
1670 3179 1716 3216 Et
1737 3179 1797 3229 qni
1817 3180 1893 3218 fieri
1921 3183 2052 3234 potuit,
2071 3185 2128 3222 in-

1147 3243 1261 3294 quies,
1277 3240 1387 3292 utqui
1408 3240 1551 3278 auditor
1570 3253 1637 3277 non
1659 3240 1776 3291 fucrit7
1792 3241 1903 3280 factor
1915 3243 2047 3283 fucrit?
2062 3245 2129 3284 Po-

1175 3392 1186 3404 *
1210 3390 1219 3429 [
1238 3391 1450 3431 γεγραμμένων
1469 3386 1528 3427 Α.]
