2502 3810
365 281 460 338 634
807 293 845 322 S.

365 388 466 412 aures
478 382 611 411 vestras
623 373 819 424 pulsamus,
836 381 876 409 ut
885 385 930 409 ex
942 371 1146 408 assiduitate
1159 370 1342 422 quidpiam
1365 375 1389 405 E

365 434 456 471 lucri
474 433 627 470 accedat.
646 434 782 471 Verum
797 446 839 469 ne
854 430 1072 469 contendatis
1092 445 1099 466 z
1119 444 1231 480 neque
1248 430 1343 467 enim

366 498 403 534 in
422 497 539 534 futura
559 494 622 531 illa
649 494 708 531 die
727 503 879 541 tantum,
901 493 962 531 sed
983 502 1016 530 et
1046 502 1125 530 ante
1156 493 1254 530 illam
1284 493 1343 530 hic

365 555 592 594 multiformis
610 555 755 592 morbus
774 555 930 606 plurima
957 554 1126 605 importat
1152 553 1341 605 supplicia.

364 618 456 654 Nam
485 615 513 653 si
533 629 590 653 eos
608 615 671 665 qui
701 615 738 651 in
766 614 920 652 vinculis
944 623 1087 651 manent
1104 622 1290 665 perpetuo,
1314 613 1344 651 si

364 676 535 714 diuturno
554 676 679 713 morbo
699 675 895 723 detentum,
914 674 942 712 si
962 688 1043 711 cum
1071 674 1162 711 fame
1182 687 1343 725 pugnan-

365 744 449 785 tem,
467 737 519 773 sin
540 735 700 786 quemvis
718 735 827 771 alium
848 747 1140 781 commemorem3
1167 733 1344 771 neminem

364 795 546 834 ostendere
564 796 695 847 possim
721 794 807 832 talia
834 795 1036 846 patientem,
1066 793 1186 843 qualia
1208 793 1233 829 ii
1257 793 1344 831 tole-

363 865 443 895 rant
459 857 518 907 qui
532 856 699 908 pecunias
721 864 851 894 amant.
873 854 972 902 Quid
999 854 1093 892 enim
1121 853 1266 905 gravius
1285 854 1342 901 sit,

363 931 470 967 quam
488 917 534 954 ab
561 916 726 954 omnibus
754 916 837 954 odio
857 915 1008 953 haberi?
1037 929 1157 952 omnes
1180 915 1262 952 odio
1279 915 1342 952 ha-

362 979 456 1027 bere,
477 992 557 1015 cum
577 977 713 1014 nemine
731 977 871 1029 placide
899 976 1046 1023 versari,
1063 990 1255 1026 numquam
1280 990 1342 1014 ex-

361 1038 496 1088 satiari,
509 1052 646 1089 semper
658 1038 766 1085 sitire,
782 1051 862 1074 cum
876 1037 967 1074 fame
982 1045 1150 1088 perpetua
1164 1049 1336 1087 pugnare,
1353 1073 1400 1096 575

362 1109 395 1138 et
414 1099 559 1149 quidem
577 1098 752 1150 graviore,
765 1112 873 1148 quam
890 1097 952 1135 illa
967 1096 1126 1148 vulgaris
1140 1095 1249 1134 fames
1267 1096 1340 1134 sit?
1367 1109 1391 1138 Α

363 1161 546 1198 doloribus
565 1160 677 1212 premi
703 1159 930 1210 quotidianis,
950 1172 1144 1208 numquam
1166 1171 1250 1195 sano
1270 1172 1343 1195 esse

362 1222 491 1267 animo,
512 1236 649 1273 semper
674 1220 710 1258 in
736 1221 895 1258 tumultu
925 1220 1075 1257 vivere?
1096 1219 1180 1256 Haec
1210 1220 1343 1271 quippe

362 1283 480 1322 omnia
499 1293 532 1321 et
549 1284 605 1320 his
621 1283 725 1335 plura
750 1282 848 1320 avari
869 1281 1067 1334 patiuntur.
1086 1281 1184 1317 Dum
1200 1280 1342 1318 lucran-

361 1354 430 1393 tur,
451 1343 588 1382 etiamsi
604 1342 765 1380 omnium
783 1343 874 1379 bona
895 1341 964 1379 sibi
991 1340 1184 1390 attrahant,
1207 1341 1343 1378 nullam

361 1403 517 1440 sentiunt
529 1402 765 1453 voluptatem,
783 1415 822 1438 eo
842 1400 938 1450 quod
952 1399 1055 1451 plura
1071 1399 1319 1450 concupiscant
1333 1414 1340 1434 :

360 1463 390 1500 si
401 1477 485 1500 vero
496 1463 672 1514 jacturam
683 1461 812 1499 faciant
824 1460 881 1499 vel
892 1459 997 1496 unius
1008 1458 1116 1507 oboli,
1131 1472 1166 1495 se
1180 1459 1341 1495 omnium

361 1523 570 1573 gravissima
588 1536 709 1574 passos
723 1551 735 1572 ,
753 1536 772 1558 a
790 1520 866 1559 vita
887 1519 993 1557 etiam
1008 1517 1181 1556 excidisse
1200 1527 1338 1570 putant.

361 1586 451 1632 Quis
481 1600 596 1623 sermo
630 1585 704 1621 haec
739 1592 835 1620 tanta
867 1582 960 1619 mala
992 1581 1185 1632 patefacere
1205 1580 1338 1631 queat?

359 1646 468 1692 Quod
489 1646 519 1683 si
539 1646 623 1682 talia
642 1654 723 1682 sunt
741 1657 794 1692 ea,
815 1656 892 1693 quae
920 1642 980 1679 hic
998 1641 1195 1693 patiuntur,
1219 1642 1339 1679 futura

359 1708 473 1758 cogita
495 1723 503 1743 ε
526 1707 624 1757 regni
641 1704 785 1743 caelestis
796 1705 988 1756 jacturam,
1002 1702 1169 1753 gehennae
1188 1702 1338 1751 dolores,

359 1777 525 1820 perpetua
559 1766 717 1812 vincula,
750 1765 910 1803 tenebras
947 1763 1149 1812 exteriores,
1183 1777 1339 1803 vermem

358 1838 582 1878 venenatum,
603 1827 790 1866 stridorem
813 1826 986 1874 dentium,
1012 1834 1201 1874 tormenta,
1224 1839 1340 1877 angu-

358 1890 475 1937 stiam,
495 1889 623 1927 ssuvios
644 1889 778 1940 igneos,
801 1887 960 1926 fornaces
984 1900 1179 1936 numquam
1207 1886 1339 1924 exstin-

359 1949 516 2002 guendas
538 1965 546 1985 :
570 1949 715 1999 haecque
734 1948 852 1987 omnia
872 1947 1053 1999 colligens,
1073 1956 1105 1984 et
1125 1960 1207 1984 cum
1234 1961 1340 1999 pecu—

359 2013 499 2050 niarum
535 2012 718 2063 voluptate
764 2024 972 2063 comparans
987 2039 999 2060 ,
1041 2009 1210 2047 radicitus
1244 2010 1341 2047 hunc

360 2074 524 2111 morbum
541 2073 661 2120 evelle,
677 2082 715 2110 ut
734 2086 836 2111 veras
855 2080 978 2110 nactus
992 2071 1149 2121 divitias,
1163 2080 1196 2109 et
1215 2086 1259 2109 ex
1274 2071 1341 2109 hac

360 2135 461 2186 gravi
485 2143 692 2187 paupertate
717 2142 869 2185 ereptus,
889 2142 921 2170 et
941 2132 1128 2184 praesentia
1157 2142 1190 2170 et
1221 2133 1341 2170 futura

359 2196 451 2232 bona
468 2194 678 2244 assequaris,
702 2193 813 2244 gratia
831 2202 864 2230 et
880 2192 1098 2243 benignitate
1114 2193 1260 2230 Domini
1279 2207 1342 2231 no-

363 2256 427 2293 stri
461 2257 542 2294 Jesu
560 2254 729 2303 Christi,
765 2254 909 2304 quicum
942 2253 1040 2291 Patri
1069 2253 1182 2304 gloria
1202 2268 1342 2305 unaque

362 2317 511 2368 Spiritui
525 2325 657 2364 sancto,
680 2329 773 2353 nunc
793 2325 825 2353 et
841 2329 992 2367 semper,
1017 2325 1050 2353 et
1072 2316 1107 2353 in
1129 2316 1255 2354 saecula
1275 2331 1341 2354 sae-

364 2377 540 2415 culorum.
567 2379 691 2414 Amen⁴

882 291 1067 322 JOANNJS
1102 291 1340 321 CHRYSOST.
1381 291 1588 321 ARCHIEP.
1627 286 1985 323 CONSTANTINOE

1413 365 1699 422 φίωνμαίνεσθαι
1721 371 1900 422 μειζόνως·
1921 373 1980 410 καὶ
1997 371 2062 423 γὰρ
2075 370 2228 423 χαλεπὸν
2249 370 2288 408 τὸ
2303 370 2428 417 πάθος,

1414 432 1474 468 καὶ
1495 432 1601 469 δεινὸν
1630 431 1669 469 τὸ
1694 431 1843 481 νόσημα.
1862 431 1931 469 Διὰ
1952 432 1992 478 δὴ
2016 436 2117 469 τοῦτο
2145 430 2204 469 καὶ
2231 434 2332 480 ἡμεῖς
2351 432 2426 467 καθ’

1415 490 1565 536 ἑκάστην
1590 495 1670 541 ὑμῖν
1698 491 1885 538 ἐκκλησίαν
1913 491 1999 543 ὑπὲρ
2028 491 2147 530 τούτου
2179 490 2408 541 διαλεγόμεθα
2421 519 2430 535 ,

1415 551 1474 589 καὶ
1504 555 1655 603 συνεχῶς
1674 554 1909 602 ἓπαντλοῧμεν
1937 555 2032 602 ὑμῶν
2049 552 2110 596 τὰς
2130 552 2256 599 ἀκοὰς,
2285 551 2341 588 ἵνα
2366 550 2430 588 κᾶν

1415 614 1459 662 τῇ
1482 612 1646 665 συνηθείᾳ
1674 612 1832 659 δυνηθείη
1866 612 2025 663 γενέσθαι
2053 629 2087 649 τι
2116 613 2234 650 πλέον.
2257 611 2362 649 Ἀλλὰ
2381 610 2430 660 μὴ

1416 672 1696 723 φιλονεικῆσατε·
1718 671 1794 710 οὐδὲ
1809 672 1874 723 γὰρ
1892 674 1981 710 κατὰ
2005 672 2067 718 τὴν
2089 671 2279 723 μέλλουσαν
2295 670 2431 722 ἡμέραν

1417 732 1531 782 μόνον,
1549 732 1637 770 ἀλλὰ
1658 732 1716 769 καὶ
1733 733 1800 783 πρὸ
1819 732 1949 778 ἐκείνης
1966 731 2097 775 πολλὰς
2112 737 2210 770 τοῦτο
2224 730 2262 768 τὸ
2274 730 2429 769 ποικίλον

1413 792 1522 835 πάθος
1551 793 1673 843 ἐπάγει
1702 792 1764 835 τὰς
1783 793 1962 844 τιμωρίας.
1984 792 2056 830 Κᾶν
2083 792 2150 845 γὰρ
2168 792 2245 835 τοὺς
2265 792 2430 836 ’διηνεκῶς

1416 853 1612 902 δεδεμένους
1628 853 1731 900 εἴπω,
1746 852 1810 890 κᾶν
1827 854 1884 891 τὸν
1900 853 1988 905 νόσῳ
2010 860 2127 905 μακρᾷ
2144 851 2428 904 προσηλωμένον,

1413 911 1476 949 κᾶν
1491 912 1548 950 τὸν
1564 914 1656 963 λιμῷ
1670 912 1883 959 παλαίοντα,
1898 913 1961 950 κᾶν
1977 916 2152 950 ὁντιναοῦν
2168 911 2295 962 ἕτερον,
2308 911 2429 949 οὐδένα

1413 973 1604 1022 δυνήσομαι
1620 973 1728 1016 δεῖξαι
1742 973 1926 1024 πάσχοντα
1947 978 2091 1012 τοιαῦτα
2104 1001 2112 1018 ,
2124 967 2179 1011 οἶα
2195 972 2272 1016 τοὺς
2286 973 2429 1025 χρημά-

1412 1048 1480 1070 των
1498 1034 1660 1084 ἐρῶντας,
1679 1033 1726 1072 Τί
1749 1034 1815 1085 γὰρ
1842 1033 1974 1085 γένοιτο
1993 1033 2237 1086 χαλεπώτερον
2254 1037 2312 1071 τοῦ
2332 1032 2430 1084 παρὰ

1413 1096 1550 1133 πάντων
1564 1100 1753 1146 μισεῖσθαι,
1764 1102 1822 1135 τοῦ
1837 1097 1969 1140 πάντας
1981 1103 2093 1147 μισεῖν
2106 1114 2114 1144 ;
2131 1101 2189 1134 τοῦ
2202 1096 2285 1149 πρὸς
2297 1095 2428 1146 μηδένα

1412 1155 1520 1201 ἡδέως
1531 1156 1622 1207 ἔχειν
1634 1172 1644 1204 3
1655 1161 1714 1194 τοῦ
1724 1156 1898 1206 μηδέποτε
1911 1157 2151 1208 κορέννυσθαι,
2161 1160 2219 1194 τοῦ
2232 1157 2274 1192 δι’
2291 1154 2370 1193 ὅλου
2384 1155 2430 1191 δι·

1412 1217 1499 1267 ψῆν,
1512 1221 1570 1254 τοῦ
1586 1218 1680 1269 λιμῷ
1691 1216 1851 1255 παλαίειν
1868 1218 2033 1264 διηνεκεῖ,
2045 1218 2104 1255 καὶ
2118 1215 2354 1268 χαλεπωτέρῳ
2369 1219 2429 1252 τοῦ

1411 1276 1509 1327 παρὰ
1520 1283 1607 1314 πᾶσι
1625 1277 1888 1327 νενομισμένου,
1910 1283 1969 1316 τοῦ
1990 1277 2101 1320 λύπας
2127 1272 2218 1328 ἔχειν
2237 1279 2427 1328 καθημερι-

1412 1336 1490 1384 νοίς,
1510 1341 1569 1375 τοῦ
1587 1337 1762 1387 μηδέποτε
1781 1337 1919 1389 νήφειν,
1934 1342 1993 1376 τοῦ
2009 1338 2193 1379 διαπαντὸς
2215 1338 2249 1373 ἐν
2267 1336 2425 1388 θορύὸοις

1412 1390 1498 1433 εἶναι
1516 1397 1574 1434 καὶ
1593 1403 1780 1448 ταραχαῖς,
1795 1399 1919 1435 Ταῦτα
1941 1397 2008 1449 γὰρ
2040 1397 2177 1435 ἅπαντα
2206 1396 2266 1433 καὶ
2295 1396 2426 1434 τούτων

1410 1458 1552 1494 πλείονα
1562 1460 1593 1494 οἱ
1603 1457 1807 1495 πλεονέκται
1817 1458 2038 1508 ὑφίστανται·
2047 1459 2081 1495 ἓν
2092 1457 2153 1507 μὲν
2164 1459 2212 1509 τῷ
2224 1457 2427 1508 κερδαίνειν,

1410 1517 1473 1554 κᾶν
1490 1517 1534 1555 τὰ
1554 1517 1695 1555 πάντων
1710 1518 1969 1574 περιὸάλωνται
1982 1549 1991 1566 ,
2009 1519 2168 1568 οὐδεμιᾶς
2186 1518 2428 1569 αἰσθανόμενοι

2085 1578 2112 1592 'st
2163 1582 2184 1589 Ν

1409 1578 1554 1625 ἡδονῆς,
1574 1580 1623 1630 τῷ
1640 1578 1808 1616 πλειόνων
1829 1579 2005 1630 ἐφίεσθαι·
2027 1582 2060 1617 ἐν
2081 1594 2116 1616 οε
2138 1594 2188 1630 τῳ
2201 1582 2425 1629 ζημιοῦσθαι,

1409 1637 1473 1676 κᾶν
1488 1639 1606 1676 ὂὲολὸν
1620 1638 1832 1687 ἀπολέσωσι,
1843 1640 1982 1677 πάντων
1998 1639 2184 1690 ἡγούμενοι
2197 1639 2427 1691 χαλεπώτερα

1409 1700 1617 1738 πεπονθέναι
1631 1732 1640 1749 ,
1655 1701 1714 1738 καὶ
1734 1703 1839 1747 αὐτῆς
1854 1701 2114 1755 ἐκπεπτωκέναι
2127 1704 2189 1747 τῆς
2208 1703 2308 1747 ζωῆς.
2323 1703 2429 1744 Ποῖος

1409 1755 1466 1799 οῧν
1487 1767 1598 1801 ταῦτα
1617 1765 1843 1814 παραστῆσαι
1868 1763 2051 1809 δυνήσεται
2069 1762 2169 1814 λόγος
2189 1762 2233 1801 τὰ
2253 1763 2360 1810 κακά,
2383 1764 2428 1800 Εἰ

1411 1822 1446 1861 δὲ
1464 1822 1508 1860 τὰ
1527 1825 1671 1862 ἐνταῦθα
1690 1828 1850 1870 τοιαῦτα,
1870 1823 2030 1870 ἐννόησον
2048 1823 2091 1862 τὰ
2108 1823 2196 1874 μετὰ
2214 1827 2343 1870 ταῦτα,
2363 1822 2426 1868 τὴν

1409 1882 1580 1921 ἔκπτωσιν
1610 1886 1671 1928 τῆς
1703 1883 1898 1934 βασιλείας,
1930 1883 1993 1930 τὴν
2022 1883 2143 1930 ὀδύνην
2174 1882 2238 1929 τὴν
2267 1882 2336 1920 ἀπὸ
2366 1886 2429 1929 τῆς

1411 1942 1569 1993 γεέννης,
1588 1944 1632 1981 τὰ
1660 1945 1800 1991 διηνεκῆ
1830 1944 1961 1995 δεσμὰ,
1981 1945 2019 1982 τὸ
2039 1945 2160 1988 σκότος
2181 1944 2220 1981 τὸ
2250 1943 2427 1996 ἐξώτερον,

1410 2003 1467 2041 τὸν
1489 2004 1655 2051 ‹xm-'Dema
1680 2005 1738 2043 τὸν
1759 2005 1905 2053 ἷοὸόλον,
1925 2006 1985 2043 τὸν.
2005 2006 2158 2058 βρυγμὸν
2177 2008 2246 2042 τῶν
2262 2004 2426 2052 ὀδόντων,

1411 2065 1473 2111 τὴν
1503 2067 1630 2117 θλῖψιν,
1647 2064 1710 2111 τὴν
1744 2065 1988 2119 στενοχωρίαν,
2004 2066 2081 2108 τοὺς
2112 2071 2170 2104 τοῦ
2198 2066 2304 2115 πυρὸς
2322 2081 2430 2103 ποτα-

1413 2125 1514 2176 μοὺς,
1544 2127 1606 2168 τὰς
1629 2126 1795 2177 καμίνους
1814 2128 1875 2171 τὰς
1908 2127 2081 2178 μηδέποτε
2101 2127 2350 2177 σθεννυμένας·
2370 2128 2429 2166 καὶ

1412 2192 1521 2224 ταῦτα
1543 2187 1680 2225 ἅπαντα
1702 2188 1917 2240 συναγαγὼν,
1937 2188 1996 2226 καὶ
2014 2192 2056 2239 ’ᾗ
2074 2192 2141 2226 τῶν
2161 2188 2352 2240 χρημάτων
2370 2191 2428 2226 ἀν·

1411 2249 1577 2294 τιστήσας
1593 2243 1698 2299 ἦδονῆ
1713 2279 1722 2296 ,
1742 2249 1924 2301 πρόῤῥιζον
1940 2248 2139 2287 ἀνάσπασον
2155 2249 2251 2286 τουτὶ
2270 2249 2309 2286 τὸ
2328 2249 2429 2294 νόση·

1414 2324 1485 2358 μα,
1504 2308 1561 2344 ἵνα
1578 2308 1634 2345 τὸν
1653 2311 1766 2353 ἀληθῆ
1788 2311 1933 2346 πλοῦ-,ον
1953 2309 2084 2355 λαὸὼν,
2102 2309 2162 2346 καὶ
2180 2312 2242 2354 τῆς
2271 2310 2429 2360 χαλεπῆς

1413 2368 1540 2414 ταύτης
1567 2367 1687 2410 πενίας
1716 2369 1946 2419 ἀπαλλαγεὶς,
1976 2369 2035 2405 καὶ
2057 2372 2125 2405 τῶν
2158 2368 2339 2419 παρόντων
2371 2369 2430 2406 καὶ
2466 2371 2470 2374 ’

1412 2430 1480 2465 τῶν
1503 2427 1696 2477 μελλόντων
1723 2429 1860 2478 ἀγαθῶν
1884 2428 2069 2480 ἐπιτύχῃς,
2088 2429 2208 2480 χάριτι
2228 2429 2286 2466 καὶ
2312 2431 2431 2480 φιλαν-

1414 2487 1549 2540 θρωπίᾳ
1580 2492 1639 2526 τοῦ
1670 2488 1799 2540 Κυρίου
1832 2491 1931 2538 ἡμῶν
1952 2488 2067 2535 Ἰησοῦ
2099 2490 2273 2539 Χριστοῦ,
2295 2492 2370 2539 μεθ’
2391 2484 2429 2528 οἷ

1413 2551 1463 2599 τῷ
1482 2548 1599 2599 Πατρὶ
1617 2547 1697 2591 δόξα
1724 2549 1797 2599 ἅμα
1811 2552 1860 2600 τῷ
1879 2549 1965 2600 ἁγίῳ
1986 2549 2167 2599 Πνεόματι
2179 2579 2189 2597 ,
2204 2553 2261 2587 νῦν
2276 2549 2335 2587 καὶ
2354 2551 2407 2589 ἀεὶ
2419 2581 2429 2597 ,

1415 2609 1474 2647 καὶ
1491 2611 1538 2651 εἷς
1552 2608 1630 2652 τοὺς
1650 2611 1777 2653 αἰῶνας
1796 2613 1864 2648 τῶν
1885 2609 2032 2649 αἰώνων.
2053 2610 2176 2660 Ἀμήν.

689 2837 899 2874 HOMILIA
926 2836 1027 2875 XIV.

368 2963 455 3000 CAP.
474 2961 574 3000 VIII.
597 2974 633 2998 v.
660 2962 719 2997 1-2.
749 2960 867 3010 ErgO,
879 2960 1046 3011 fratres,
1072 2961 1260 2999 debitores
1284 2975 1346 2999 su-

417 3037 500 3061 mus
520 3036 597 3059 non
611 3023 736 3069 carni,
758 3028 803 3057 ut
825 3022 1034 3059 secundum
1051 3035 1208 3059 carnem
1232 3025 1345 3067 viva·

417 3097 513 3121 mus.
542 3083 603 3119 15.
623 3082 782 3120 sienim
810 3082 1020 3119 seeundum
1049 3095 1204 3119 carnem
1237 3085 1346 3120 vixe-

415 3146 513 3189 ritis,
550 3145 793 3187 moriemini5
830 3146 863 3181 si
894 3151 1022 3180 autem
1057 3142 1199 3193 Spiritu
1222 3144 1344 3195 facta

414 3204 543 3239 carnis
558 3201 900 3252 mortzficaveritis,
922 3202 1074 3238 vivetis.
1363 3205 1388 3234 D

416 3324 450 3359 1.
472 3322 560 3358 Cum
576 3321 782 3360 ostendisset
798 3332 970 3373 quantum
985 3323 1030 3361 sit
1043 3323 1126 3361 vitae
1145 3324 1342 3376 spiritualis

360 3381 562 3433 praemium,
594 3381 689 3431 quod
717 3383 899 3421 Christum
935 3383 1192 3422 inhabitantem
1218 3386 1339 3434 faciat,

359 3440 453 3491 quod
480 3448 615 3478 mortua
648 3455 793 3492 corpora
811 3442 980 3492 vivificet,
1010 3443 1106 3494 quod
1137 3444 1182 3482 ad
1214 3448 1338 3486 caelum

1789 2837 1966 2874 OMlAlA
1998 2833 2051 2873 ιδ’.

1412 2957 1499 3009 Ἄρα
1518 2951 1588 3003 οἶν,
1606 2958 1745 3009 ἀδελφοὶ
1758 2987 1767 3004 ,
1786 2957 1959 3009 ὀφειλέται
1986 2957 2089 3007 ἐσμὲν
2109 2958 2146 2995 οὐ
2167 2960 2209 3007 τῇ
2231 2956 2352 3008 σαρκὶ,
2369 2961 2428 2995 τοῦ

1465 3017 1556 3055 κατὰ
1574 3017 1686 3068 σάρκα
1702 3021 1774 3069 ζῆν.
1789 3020 1833 3056 Εἰ
1849 3017 1915 3068 γὰρ
1932 3016 2023 3055 κατὰ
2035 3017 2148 3068 σάρκα
2165 3019 2245 3063 ζῆτε
2256 3046 2265 3062 ,
2286 3016 2432 3067 μέλλετε

1466 3077 1695 3123 ἀποθνήσκειν
1710 3093 1717 3101 ·
1761 3079 1791 3114 εἰ
1826 3077 1860 3114 δὲ
1894 3076 2076 3127 Πνεύματι
2107 3077 2169 3120 τὰς
2198 3077 2338 3129 πράξεις
2371 3080 2429 3114 τοῦ

1466 3137 1626 3189 σώματος
1641 3142 1826 3176 θανατοῦτε
1840 3168 1848 3185 ,
1869 3139 2025 3185 ζήσεσθε.

1461 3329 1581 3373 Δείξας
1600 3330 1677 3368 ὅσον
1698 3330 1737 3367 τὸ
1753 3330 1900 3368 ἔπαθλον
1920 3335 1980 3369 τοῦ
1996 3334 2230 3380 πνευματικοῦ
2256 3330 2330 3381 βίου
2342 3359 2352 3377 ,
2368 3330 2427 3368 καὶ

1408 3390 1460 3427 ὅτι
1480 3390 1631 3441 Χριστὸν
1648 3390 1777 3428 ἔνοικον
1802 3397 1916 3439 ποιεῖ,
1929 3391 1989 3428 καὶ
2008 3390 2061 3429 ὅτι
2083 3392 2242 3434 ζωοποιεῖ
2257 3390 2300 3427 τὰ
2320 3389 2426 3435 θνητὰ

1407 3449 1577 3501 σώματα,
1599 3450 1658 3488 καὶ
1680 3451 1764 3503 πρὸς
1784 3451 1840 3490 τὸν
1861 3452 2003 3503 οὐρανὸν
2024 3457 2165 3502 πτεροῖ,
2190 3451 2249 3489 καὶ
2267 3450 2330 3499 τὴν
2350 3450 2424 3489 ὁδὸν
