2502 3810
126 659 305 698 ζ111“,4.23.

117 2722 181 2749 Col.

201 2730 229 2750 2.
249 2732 262 2743 '¹

290 2743 297 2751 ,
314 2726 391 2748 mus
415 2727 422 2747 :

334 194 426 239 516
780 209 816 237 S.

330 291 460 328 amicos
478 290 576 339 facit,
598 302 667 339 quo
693 301 760 325 non
782 288 847 324 erit
871 287 1002 337 dignus
1027 286 1194 323 munere?
1209 286 1308 323 Hanc

328 351 496 388 faciamus
518 348 786 399 negotiationem
811 363 817 382 :
841 347 1002 383 inimicos
1024 354 1148 382 mutuo
1175 345 1306 383 amicos

329 411 537 458 reddamus,
554 418 587 445 et
613 422 670 445 eos
691 407 750 456 (1111
772 420 834 443 1166
855 406 991 443 1111111161
1013 420 1075 442 1166
1099 405 1204 442 amici
1223 414 1306 442 sunt

327 483 587 519 congregemus,
603 477 636 504 et
656 476 736 503 ante
755 480 889 516 omnes,
909 466 1152 517 nosmetipsos,
1171 465 1304 511 Quem-

326 528 516 565 admodum
544 527 636 563 enim
661 526 724 575 qui
753 526 849 563 domi
874 525 1101 562 inimicitiam
1126 525 1247 575 habet,
1270 533 1303 563 et

325 602 405 624 eum
433 601 546 624 uxore
564 601 625 624 sua
643 586 805 635 dissidet,
832 601 900 624 non
928 595 979 624 est
999 586 1071 623 fide
1099 587 1231 637 dignus
1263 596 1304 624 ut

323 650 408 687 alios
435 649 650 698 reconciliet,
683 649 744 686 sed
763 649 885 687 audiet
905 665 913 686 :
935 651 1100 699 Medico,
1122 664 1216 687 cura
1248 659 1302 688 te-

321 716 443 762 ipsum
462 728 473 747 :
495 712 546 748 sie
563 721 597 749 et
620 712 684 750 iste
703 712 834 750 audiet.
853 714 943 760 Quae
976 713 1087 764 igitur
1118 712 1222 750 nobis
1250 722 1302 750 est

855 206 1038 238 JOANNIS
1074 203 1311 233 CHRYSOST.

1351 205 1375 233 A
1384 206 1538 238 RcmEP
1548 229 1556 238 .
1596 211 1931 242 CONSTANTmOP
1940 233 1950 242 .

1379 289 1447 333 υἱὸς
1466 294 1557 330 Θεοῦ
1571 309 1577 316 ·
1596 297 1614 332 ὃ
1631 294 1690 332 καὶ
1706 295 1822 346 φίλους
1839 299 2119 346 κατασκευάζων,
2134 299 2230 350 πόσῳ
2245 301 2394 348 μᾶλλον,

1377 352 1408 387 εἷ
1426 355 1444 389 ὁ
1459 354 1706 392 καταλλάττων
1727 356 1841 406 μόνον,
1860 358 1930 400 υἱὸς
1953 360 2044 396 Θεοῦ
2064 361 2242 396 καλεῖται·
2271 363 2289 396 ὁ
2317 358 2394 401 τοὺς

1376 414 1720 465 καταλλαττομένους
1735 416 1851 467 φίλους
1863 422 1984 466 ποιῶν,
1994 419 2084 462 τίνος
2097 422 2158 457 οὐκ
2173 420 2270 457 ἔσται
2285 419 2396 465 ἄξιος;

1375 473 1519 521 Ταύτην
1543 476 1724 526 ποιώμεθα
1741 476 1804 523 τὴν
1823 479 2006 529 ἐμπορίαν,
2027 481 2143 532 φίλους
2159 483 2313 530 ποιῶμεν
2333 483 2394 518 ἀλ-

1374 533 1492 580 λήλοις
1509 534 1586 578 τοὺς
1603 536 1764 587 ἐχθροὺς,
1783 538 1842 575 καὶ
1860 538 1938 581 τοὺς
1954 542 2016 577 οὐκ
2032 540 2170 591 ἐχθροὺς
2189 541 2264 591 μὲν,
2281 543 2318 577 οὗ
2339 540 2394 591 φί-

1373 595 1451 637 λους
1471 594 1528 643 δὲ,
1543 596 1602 634 καὶ
1620 596 1758 640 τούτους
1789 598 2052 649 συναγάγωμεν,
2079 600 2139 637 καὶ
2156 601 2224 653 πρὸ
2251 601 2393 638 πάντων
2414 637 2420 639 ,

1371 657 1466 704 ἡμᾶς
1482 655 1616 699 αὐτούς.
1634 657 1802 709 Καθάπερ
1817 657 1885 709 γὰρ
1899 662 1916 696 ὃ
1932 661 1966 696 ἐν
1983 661 2026 709 τῇ
2044 659 2135 709 οἰκία
2147 659 2271 712 ἔχθραν
2288 660 2390 711 ἔχων,

1371 714 1431 752 καὶ
1464 716 1550 766 πρὸς
1581 716 1644 763 τὴν
1673 722 1820 767 γυναῖκα
1851 717 1914 764 τὴν
1949 721 2071 756 ἑαυτοῦ
2095 719 2284 764 ὃιεστηκὼς
2296 749 2305 766 ,
2335 722 2395 757 οὐκ

321 771 538 809 inimicitia?
567 772 704 809 Animae
735 787 818 810 cum
855 787 1014 825 corpore,
1051 773 1197 811 malitiae
1219 788 1300 811 cum
1323 783 1348 814 E
1371 774 1463 813 ἔστιν
1485 775 1682 820 ἀξιόπιστος
1711 777 1847 829 ἑτέρους
1867 779 2132 826 καταλλάττων,
2152 780 2228 816 ἀλλ’
2248 779 2395 817 ἀκούσε-

319 830 466 867 virtute.
490 830 590 867 Hanc
611 831 802 879 solvamus,
821 831 890 868 hoc
909 831 1074 868 tollamus
1092 831 1229 869 bellum
1240 848 1250 881 3
1268 841 1302 870 et

319 899 402 927 tune
421 905 501 928 eum
520 904 607 942 pace
627 891 713 928 alios
730 891 952 941 alloquemur
973 901 1006 928 et
1025 905 1107 928 cum
1125 893 1238 929 multa
1259 893 1301 930 [i-

319 951 438 1001 ducia,
456 966 525 989 non
551 961 736 989 accusante
754 967 816 990 nos
837 952 1047 990 conscientia
1075 962 1206 990 nostra.
1228 955 1302 990 Pu-

320 1021 402 1062 gnat
423 1012 474 1049 ira
498 1026 577 1049 cum
609 1013 891 1061 mansuetudine,
906 1023 1043 1065 pugnat
1070 1014 1302 1065 pecuniarum

320 1086 419 1109 amor
431 1086 512 1109 eum
526 1073 686 1124 ipsarum
704 1083 896 1123 contemtu,
918 1084 1054 1125 pugnat
1066 1074 1202 1112 invidia
1220 1089 1302 1112 cum

319 1133 546 1184 benignitate.
561 1134 637 1172 Hoc
653 1135 832 1172 solvamus
849 1135 997 1183 bellum,
1016 1136 1080 1173 lios
1095 1135 1303 1187 dejiciamus

319 1194 494 1244 inimicos,
516 1195 591 1232 haee
607 1195 782 1246 erigamus
802 1205 946 1247 tropata,
968 1196 1003 1233 in
1023 1196 1166 1233 civitate
1184 1205 1302 1234 nostra

319 1268 441 1305 pacem
471 1255 710 1292 conciliemus.
736 1256 870 1294 Civitas
902 1259 1034 1308 quippe
1063 1257 1165 1294 nobis
1191 1266 1241 1294 est
1269 1266 1303 1294 et

319 1314 591 1363 administratio,
609 1325 641 1353 et
660 1316 754 1354 cives
767 1325 800 1354 et
819 1317 975 1354 extranei
993 1317 1114 1365 1nulti5
1135 1317 1196 1355 sed
1216 1332 1302 1369 1161·-

319 1374 521 1424 egrinorum
554 1376 756 1427 ejectionem
786 1376 972 1426 faciamus,
994 1386 1033 1414 ut
1052 1391 1095 1414 116
1116 1376 1300 1415 domestici

319 1445 601 1486 corrumpantur.
627 1437 701 1473 Nec
727 1437 881 1474 alienum
910 1451 972 1474 nee
997 1438 1146 1474 nothum
1171 1437 1301 1488 dogma

318 1496 538 1545 ingrediatur
553 1527 563 1545 ,
587 1498 755 1548 nullaque
786 1498 937 1536 earnalis
971 1499 1153 1539 sententia.
1174 1501 1300 1536 Annon

319 1555 482 1594 videmus
511 1557 704 1607 quomodo,
723 1558 751 1595 si
781 1558 861 1608 quis
889 1559 1054 1596 inimicus
1082 1559 1118 1596 in
1150 1560 1300 1597 urbibus

318 1617 490 1668 capiatur,
512 1619 612 1668 quasi
635 1619 836 1670 explorator
860 1619 1072 1670 judicatur?
1095 1619 1190 1670 Ergo
1218 1634 1300 1671 per-—

316 1680 455 1728 egrinos
489 1681 670 1732 ejiciamus
681 1697 692 1730 ;
721 1681 792 1718 imo
827 1695 895 1718 non
935 1682 1137 1732 peregrinos
1168 1682 1297 1733 modo,

317 1738 377 1776 scd
396 1741 501 1777 etiam
520 1741 695 1779 inimicos.
717 1741 755 1779 Si
775 1755 881 1791 quem
900 1741 1099 1791 videamus,
1118 1741 1300 1780 tradamus

316 1800 468 1851 principi
483 1801 606 1850 menti,
636 1801 900 1851 cogitationem,
929 1801 1121 1839 barbaram
1137 1801 1297 1854 quidem,

314 1860 376 1897 sed
395 1861 494 1898 civili
510 1862 789 1901 vesteindutam.
809 1863 934 1900 Multae
954 1877 1108 1913 namque
1127 1864 1229 1902 nobis
1243 1864 1299 1902 in-

314 1931 394 1959 sunt
421 1923 649 1974 cogitationes
668 1923 892 1976 hujusmodi,
915 1933 1042 1962 natura
1060 1924 1206 1975 quidem
1224 1925 1298 1962 ini—

314 1982 428 2032 micce,
450 1982 511 2020 sed
527 1983 614 2021 ovili
629 1984 760 2023 vellere
773 1984 918 2022 indutae.
937 1984 1250 2031 Quemadmodum
1266 1994 1300 2023 et

314 2042 441 2092 Persre,
465 2043 606 2081 sublata
629 2044 731 2092 tiara,
750 2044 886 2082 braccis
908 2045 1102 2096 calceisque
1128 2045 1299 2083 barbari-

315 2103 482 2151 cisffeste
502 2104 604 2142 nobis
619 2104 746 2142 usitata
767 2104 897 2153 induti,
918 2119 1064 2156 corpore
1084 2105 1165 2153 rasi,
1182 2114 1215 2143 et
1233 2120 1299 2143 no-

312 2163 370 2200 bis
394 2174 555 2201 consueta
583 2165 705 2215 lingua
722 2165 915 2215 loquentes,
934 2165 1058 2202 habitu
1076 2166 1210 2203 bellum
1232 2180 1297 2204 oe-

316 2225 471 2273 cultant;
490 2225 551 2262 sed
575 2225 605 2262 si
629 2234 804 2262 tormenta
829 2225 949 2262 statim
972 2225 1194 2276 adhibueris,
1216 2240 1298 2264 eum

314 2285 375 2335 qui
395 2285 479 2322 latet
501 2285 702 2322 manifestas
726 2300 733 2321 :
754 2285 804 2322 ita
827 2285 888 2322 hic
912 2285 1032 2332 facito,
1053 2285 1145 2322 hanc
1164 2285 1298 2337 cogita-

316 2346 445 2383 tionem
462 2346 591 2383 millies
605 2346 767 2398 explora,
783 2355 816 2383 et
832 2346 901 2384 cito
917 2346 1057 2383 videbis
1070 2346 1297 2385 barbaricum

315 2421 466 2446 sensum.
487 2409 537 2445 Ut
560 2416 678 2444 autem
701 2406 806 2443 vobis
829 2407 992 2458 exemplo
1017 2416 1210 2444 monstrem
1229 2408 1297 2445 hu-

310 2467 470 2518 jusmodi
489 2467 742 2518 exploratores,
757 2480 846 2517 quos
865 2467 1043 2504 submittit
1060 2467 1240 2517 diabolus,
1257 2477 1298 2506 ut

314 2536 432 2564 nostra
450 2527 661 2579 dispiciant,
684 2541 749 2578 age
775 2541 884 2565 unum
906 2541 1079 2565 exuamus
1101 2536 1135 2565 et
1156 2527 1203 2565 ad
1225 2528 1295 2565 tri-

313 2588 422 2625 bunal
445 2588 634 2639 diligenter
658 2587 900 2625 examinemus
922 2603 930 2623 :
952 2596 986 2625 et
1004 2588 1033 2625 si
1052 2588 1168 2640 placet
1191 2603 1296 2639 quos-

313 2649 395 2687 dam
413 2664 458 2687 ex
476 2649 533 2694 iis,
553 2663 640 2699 quos
665 2649 798 2686 Paulus
819 2649 1118 2701 deprehenderat,
1138 2649 1296 2687 adduca-

449 2712 541 2761 Quoe
565 2719 666 2757 sunt,
685 2710 813 2760 inquit,
831 2713 1023 2748 rationem
1047 2712 1202 2763 quidem
1222 2713 1296 2749 Ῐια-

315 2774 444 2809 bentitz
463 2773 662 2822 sapientiae
679 2773 720 2807 in
737 2773 1007 2822 superstitione
1022 2779 1057 2808 et
1076 2772 1297 2809 humilitate

1314 1356 1361 1381 285

1325 1396 1350 1422 Α
1370 1381 1631 1433 κατενέγκωμεν
1646 1382 1723 1425 τοὺς
1740 1382 1881 1434 ἐχθροὺς
1895 1412 1904 1430 ,
1923 1387 2030 1420 ταῦτα
2050 1382 2235 1431 στήσωμεν
2252 1381 2296 1419 τὰ
2315 1381 2394 1433 τρόν

1370 851 1445 872 ται·
1466 835 1598 889 Ἰατρὲ,
1614 838 1823 890 θεράπευσον
1840 839 1995 877 σεαυτόν·
2013 838 2102 876 οὕτω
2117 840 2158 884 δὴ
2175 839 2233 875 καὶ
2250 841 2396 876 ἐνταῦθα

1371 896 1568 936 ἀκούσεται.
1585 899 1648 941 Τίς
1667 893 1724 937 οῧν
1739 902 1830 938 ἐστιν
1852 903 1936 950 ἡμῖν
1951 904 1972 947 ἦ
1989 899 2097 951 ἔχθρα
2113 915 2122 946 ;
2142 899 2187 937 ‘H
2207 902 2269 945 τῆς
2282 902 2396 951 ψυχῆς

1370 958 1455 1009 πρὸς
1475 958 1514 996 τὸ
1532 962 1655 1009 σῶμα,
1675 964 1696 1006 ἡ
1718 964 1779 1006 τ’ἧς
1795 960 1920 1003 κακίας
1943 961 2028 1012 πρὸς
2047 959 2110 1005 τὴν
2133 960 2273 1010 ἀρετήν.
2293 961 2395 997 Ταύ-

1370 1034 1432 1065 την
1452 1020 1717 1070 καταλύσωμεν,
1736 1024 1856 1058 τοῦτον
1876 1020 2054 1071 ἀνέλωμεν
2069 1021 2127 1058 τὸν
2146 1021 2311 1070 πόλεμον,
2334 1021 2393 1058 καὶ

1369 1079 1448 1118 τότε
1468 1081 1542 1129 μετ’
1566 1081 1703 1132 εἰρήνης
1732 1082 1790 1119 καὶ
1815 1088 1885 1124 τοῖς
1915 1082 2032 1124 ἄλλοις
2060 1080 2283 1131 διαλεξόμεθα
2307 1081 2396 1131 μετὰ

1370 1142 1501 1186 πολλῆς
1526 1145 1587 1187 τῆς
1609 1141 1825 1194 παρρησίας,
1852 1143 1889 1179 οὐ
1910 1144 2182 1192 κατηγοροῦντος
2213 1142 2313 1190 ἡμῶν
2336 1145 2395 1179 τοῦ

1371 1201 1572 1245 συνειδότος.
1591 1202 1754 1253 Μάχεται
1778 1203 1883 1253 θυμὸς
1902 1202 2092 1254 ἐπιεικείᾳ,
2125 1201 2276 1253 μάχεται
2303 1217 2394 1252 χρη-

1372 1260 1490 1310 μάτων
1513 1261 1597 1313 ἔρως
1617 1262 1788 1315 ὑπεροψία
1814 1263 2022 1313 χρημάτων,
2042 1262 2195 1313 μάχεται
2222 1262 2395 1312 βασκανία

1370 1320 1596 1372 χρηστότητι.
1627 1324 1759 1360 Τοῦτον
1780 1323 1941 1373 λύσωμεν
1969 1323 2025 1360 τὸν
2060 1323 2226 1372 πόλεμον,
2258 1321 2395 1364 τούτους

1369 1457 1457 1478 παια
1472 1469 1481 1486 ,
1499 1444 1533 1480 ἐν
1552 1446 1594 1493 τῇ
1617 1442 1715 1480 πόλει
1732 1447 1773 1494 τῇ
1791 1443 1947 1495 ἡμετέρα
1963 1442 2282 1492 κατασκευάσωμεν
2302 1442 2394 1493 εἰρή-

1368 1518 1441 1548 νην.
1458 1502 1590 1546 ειΠόλις
1610 1503 1677 1555 γὰρ
1697 1507 1781 1553 ἡμῖν
1801 1507 1872 1542 ἐστι
1892 1505 1952 1542 καὶ
1971 1503 2149 1551 πολιτεία,
2171 1504 2230 1540 καὶ
2252 1504 2394 1540 πολῖται

1369 1562 1427 1599 καὶ
1450 1562 1535 1606 ξένοι
1561 1564 1704 1602 πολλοί·
1726 1564 1815 1602 ἀλλὰ
1835 1564 2038 1611 ξενηλασίαν
2066 1565 2282 1614 ποιήσωμεν,
2301 1563 2393 1602 ὥστε

1370 1621 1418 1672 μὴ
1446 1623 1523 1666 τοὺς
1545 1623 1689 1666 οἰκείους
1718 1624 1926 1676 φθείρεσθαι.
1946 1624 2066 1671 Μηδὲν
2101 1624 2280 1675 ἀλλότριον
2303 1623 2391 1674 μηδὲ

1368 1683 1462 1720 νόθον
1483 1684 1645 1722 ἐπεισίτω
1662 1685 1773 1736 δόγμα
1785 1714 1794 1729 ,
1816 1686 1924 1735 μτῗὲν
1941 1685 2102 1738 φρόνημα
2119 1685 2297 1736 σαρκικόν.
2315 1686 2394 1737 Οὐχ

1367 1748 1515 1796 ὁρῶμεν,
1544 1744 1597 1783 ὅτι
1630 1748 1698 1783 τῶν
1729 1745 1906 1795 πολεμίων
1939 1761 1990 1788 τις
2018 1748 2052 1783 ἐν
2081 1751 2156 1788 ταῖς
2187 1744 2328 1783 πόλεσιν
2353 1744 2393 1782 ἂν

1368 1806 1461 1856 ἁλῷ,
1488 1808 1534 1848 ὡς
1560 1806 1781 1850 κατάσκοπος
1816 1806 1993 1859 κρίνεται;
2019 1807 2153 1844 Οὐκοῦν
2186 1805 2391 1853 ξενηλασίαν

1368 1866 1573 1916 ποιώμεθα·
1608 1868 1738 1918 μᾶλλον
1768 1866 1803 1904 δὲ
1833 1867 1881 1918 μὴ
1917 1867 2122 1913 ξενηλασίαν
2152 1866 2267 1917 μόνον,
2300 1867 2389 1904 ἀλλὰ

1368 1926 1427 1964 καὶ
1455 1926 1533 1970 τοὺς
1553 1927 1739 1978 πολεμίους
1768 1927 2032 1978 ἀπελαύνωμεν.
2061 1925 2122 1965 Ἂν
2144 1926 2272 1977 ἴδωμέν
2292 1942 2391 1975 τινα,

1367 1989 1582 2040 παραδῶμεν
1601 1991 1650 2041 τῷ
1682 1989 1826 2040 ἄρχοντι
1846 1991 1896 2041 τῷ
1915 1991 1985 2041 νῷ,
2019 1989 2077 2026 τὸν
2108 1987 2275 2038 λογισμὸν
2307 1990 2393 2025 ἐκεῖ·

1368 2063 1436 2096 νον,
1465 2049 1522 2087 τὸν
1555 2049 1866 2101 βεὸαρὸαρωμένον
1894 2049 1970 2100 μὲν,
1999 2048 2319 2099 κατεσκευασμένον
2355 2048 2391 2087 δὲ

1322 2114 1345 2143 Β
1367 2111 1487 2156 ἐσθῆτι
1504 2112 1681 2160 πολιτικῇ.
1702 2109 1834 2148 Πολλοὶ
1854 2113 1937 2162 παρ’
1968 2113 2053 2160 ἡμῖν
2091 2109 2252 2161 λογισμοὶ
2284 2112 2392 2147 τοιοῦ-

1367 2184 1442 2215 τοι,
1473 2170 1572 2220 φύσει
1609 2170 1672 2220 μὲν
1711 2171 1851 2223 ἐχθροὶ,
1890 2170 2182 2222 περιέεὸλημένοι
2218 2169 2252 2208 δὲ
2291 2170 2393 2223 δορὰν

1367 2229 1565 2280 προὸάτων.
1598 2230 1765 2283 Καθάπερ
1801 2233 1833 2267 οἱ
1863 2231 2000 2284 Πέρσαι
2033 2231 2095 2277 τὴν
2123 2231 2245 2284 τιάραν
2275 2246 2393 2282 περιε-

1366 2289 1481 2332 λόντες
1516 2290 1575 2326 καὶ
1605 2289 1668 2332 τὰς
1707 2290 1912 2341 ἀναξυρίδας
1940 2291 1999 2328 καὶ
2031 2292 2075 2328 τὰ
2102 2291 2312 2341 ὑποδήματα
2348 2291 2391 2329 τὰ

1367 2349 1586 2402 βαρὲαρικα,
1612 2348 1674 2395 τὴν
1707 2350 1816 2394 ἄλλην
1846 2349 1970 2395 στολὴν
1998 2350 2060 2395 τὴν
2084 2353 2168 2399 ἡμῖν
2197 2349 2387 2401 ἐπιχώριον

1365 2409 1584 2457 ὑπελθόντες,
1606 2410 1666 2447 καὶ
1698 2409 1898 2462 κειράμενοι
1926 2413 1960 2449 ἐν
1981 2413 2058 2463 χρῷ
2075 2440 2084 2457 ‚
2105 2411 2164 2448 καὶ
2187 2414 2230 2462 τῇ
2250 2412 2389 2458 συνήθει

1364 2469 1503 2521 γλώττῃ
1521 2470 1782 2521 διαλεγόμενοι,
1799 2470 1991 2522 κρύπτουσι
2007 2475 2056 2524 τῷ
2072 2472 2232 2523 σχήματι
2251 2472 2308 2509 τὸν
2325 2471 2387 2509 πό-

1364 2531 1468 2581 λεμον
1484 2547 1491 2554 ·
1518 2531 1556 2568 ἂν
1582 2532 1616 2569 δὲ
1639 2531 1808 2581 βασάνους
1830 2530 1955 2574 εὐθέως
1973 2533 2200 2584 προσαγάγῃς
2214 2562 2224 2579 ,
2244 2532 2283 2570 τὸ
2308 2548 2388 2583 κρυ-

1559 2591 1591 2604 γκ
1627 2591 1641 2602 r
1750 2590 1766 2604 r!

1365 2590 1535 2641 πτάμενον
1556 2606 1684 2635 εοειςας
1699 2607 1706 2613 ·
1729 2608 1819 2629 ουτω
1838 2592 1898 2630 καὶ
1919 2595 2065 2631 ἐνταῦθα
2079 2623 2088 2639 ,
2111 2593 2298 2644 βασάνισον
2319 2609 2386 2643 μυ-

1367 2651 1477 2704 ριάκις
1504 2652 1561 2689 τὸν
1591 2655 1744 2689 τοιοῦτον
1771 2653 1951 2704 λογισμὸν,
1991 2653 2050 2691 καὶ
2081 2654 2218 2705 ταχέως
2244 2654 2320 2704 ὄψει
2349 2653 2389 2691 τὸ

1367 2712 1577 2763 βαρέαρικὸν
1613 2712 1788 2763 φρόνημα.
1809 2712 1889 2750 Ἵνα
1915 2713 1951 2750 δὲ
1978 2713 2037 2751 καὶ
2057 2714 2113 2752 ἐπὶ
2137 2714 2388 2764 ὑποδείγματος

1365 2775 1444 2821 ὑμῖν
1465 2771 1563 2815 δείξω
1582 2772 1661 2816 τοὺς
1679 2773 1849 2816 τοιούτους
1875 2773 2137 2819 κατασκόπους,
2167 2773 2223 2817 οὓς
2253 2790 2385 2825 προκα-

312 2842 348 2870 et
369 2846 446 2869 non
468 2832 522 2869 ad
544 2833 782 2883 parcendum
804 2834 968 2883 corpori,
992 2845 1070 2868 non
1089 2834 1130 2869 in
1152 2833 1297 2870 honore
1319 2845 1343 2875 c
1366 2833 1478 2879 θίησιν
1495 2836 1512 2871 ὁ
1531 2833 1689 2877 &atroam
1704 2835 1786 2872 ἰδεῖν
1804 2835 1847 2873 τὰ
1865 2837 1899 2873 ἐν
1915 2838 2013 2885 ἡμῖν,
2035 2835 2116 2889 φέρε
2130 2836 2190 2873 ἕνα
2207 2835 2388 2873 ἀποδύσω-

314 2894 445 2944 aliquo
467 2894 519 2930 ad
536 2895 783 2930 saturitatem
801 2895 945 2930 earnis.
973 2892 1143 2944 Exempli
1165 2907 1269 2931 causa
1286 2909 1295 2929 ε

309 2953 528 3004 judaismum
552 2952 693 2991 volebat
716 2952 881 2990 diabolus
906 2951 1095 3002 inducere3
1126 2953 1244 3004 itaque
1265 2954 1296 2992 si

314 3017 429 3067 ipsum
443 3029 506 3066 per
522 3028 558 3052 se
572 3014 768 3063 induceret,
779 3027 848 3051 non
862 3013 1101 3065 persuaderet.
1113 3014 1211 3053 Vide
1227 3015 1295 3065 igi-

314 3087 372 3113 tur
399 3075 578 3126 quomodo
610 3076 713 3114 illum
744 3075 942 3127 apparavit.
971 3077 1135 3127 Oportet,
1165 3076 1292 3126 inquit,

314 3138 486 3174 abstinere
506 3150 643 3188 corpus.
659 3136 735 3173 Hoc
749 3135 977 3188 philosophia
997 3144 1063 3185 est,
1081 3150 1148 3173 non
1167 3136 1296 3174 admit-

317 3208 387 3235 tere
404 3199 534 3246 cibum,
546 3197 603 3235 sed
622 3212 764 3247 cavere,
783 3197 850 3235 hoe
864 3197 1048 3234 humilitas
1064 3206 1125 3235 est.
1144 3197 1190 3235 Et
1202 3212 1294 3236 nunc

361 3345 370 3357 η
398 3333 539 3374 Quidam
555 3338 633 3372 ,πλε
652 3339 721 3377 775⁴
741 3344 817 3377 qm.
838 3335 918 3375 [Sic
936 3347 1048 3369 omues
1064 3337 1193 3378 1105111.)

1367 2910 1441 2943 μεν,
1458 2894 1517 2931 καὶ
1536 2893 1593 2931 ἐπὶ
1612 2899 1671 2932 τοῧ
1695 2894 1920 2946 δικαστηρίου
1941 2894 2165 2945 ἐξετάσωμεν,
2183 2894 2271 2945 μετὰ
2290 2897 2388 2947 ἀκρι-

1365 2954 1462 2998 ἷείας
1477 2969 1483 2977 ·
1500 2954 1559 2992 καὶ
1577 2957 1606 2991 εἰ
1625 2954 1788 3006 βούλεσθε
1801 2985 1810 3000 ,
1826 2959 1894 2993 τῶν
1914 2955 1980 2993 ὑπὸ
1998 2955 2141 2994 Παύλου
2160 2956 2387 3008 φωραθέντων

1364 3014 1460 3058 τινας
1495 3014 1769 3066 παραγάγωμεν.
1789 3014 1885 3053 ‘'A-:tv
1897 3016 1912 3053 ,ἶ
1941 3017 2033 3063 ἐστι,
2068 3017 2170 3067 φησὶ,
2204 3017 2303 3067 λόγον
2325 3016 2386 3067 μὲν

1363 3077 1488 3127 ἔχοντα
1519 3075 1639 3127 σοφίας
1671 3079 1704 3113 ἐν
1727 3076 1991 3129 ἐθελοθρησκεία
2018 3077 2076 3114 καὶ1
2094 3077 2386 3129 ταπεινοφροσύνῃ

1342 3148 1345 3153 “
1364 3137 1422 3174 καὶ
1440 3136 1595 3188 ἀφειῗεία
1615 3136 1794 3186 σώματος,
1818 3138 1880 3174 οὐκ
1896 3138 1930 3174 ἐν
1947 3141 2032 3189 τιμῇ
2051 3154 2116 3176 τινι
2131 3138 2215 3190 πρὸς
2229 3140 2387 3189 πλησμο-

1365 3197 1425 3244 νὴν
1439 3200 1500 3243 τῆς
1521 3198 1658 3249 σαρκός.
1680 3192 1776 3246 Οἶον,
1795 3197 1954 3236 &offitii-’0
1975 3199 2171 3249 ἷουέαϊσμὸν
2190 3201 2385 3251 εἰσαγαγεῖν
