2502 3810
289 251 378 295 820
744 261 780 289 s.
820 256 1002 289 somus
1039 251 1276 283 cumsosr.

285 343 474 381 ritualibus
502 349 623 378 ornata
642 348 734 376 recte
749 338 864 388 sactis,
889 338 966 374 haec
984 334 1137 373 ridicula
1167 346 1263 383 quae-

285 416 370 440 rere.
400 400 553 452 Rejectis
571 399 681 451 igitur
695 398 753 436 his
769 398 946 446 omnibus,
965 409 1044 447 quae
1068 393 1264 433 forensium

286 475 426 510 uxores,
460 475 529 511 qua
558 459 750 497 saltatrices
778 467 811 496 et
841 457 1010 506 tibicinae,
1045 454 1156 492 multa
1185 466 1266 490 cum

285 521 478 559 ambitione
493 529 683 567 sectantur,
715 518 980 571 philosophiam
996 516 1063 553 tibi
1079 527 1262 565 compone,

283 584 572 635 hospitalitatem,
586 592 784 621 sanctorum
796 596 930 630 curam,
947 577 1265 630 compunctionem,

284 658 403 696 preces
418 645 630 693 frequentes.
661 643 743 680 Haec
760 642 875 679 aureis
888 639 1106 678 vestimentis
1122 636 1266 674 meliora

287 713 379 751 sunt,
404 704 479 741 haec
494 704 628 756 lapillis
643 713 675 741 et
691 703 884 741 monilibus
898 701 1100 740 honestiora
1116 714 1123 734 :
1140 698 1217 735 haec
1234 705 1267 733 et

287 764 386 816 apud
410 765 508 802 viros
526 774 706 817 acceptam
729 774 762 802 te
777 763 946 810 reddunt,
978 771 1011 800 et
1026 761 1125 814 apud
1149 761 1268 797 Deum

288 826 545 876 magnam'tibi
569 826 679 864 ferent
703 825 911 863 mercedem.
939 823 1007 860 Hic
1028 831 1079 859 est
1101 818 1268 858 Ecclesiae

288 896 445 936 ornatus,
470 886 532 924 ille
558 901 642 925 vero
671 884 991 924 theatrorumzhic
1016 883 1111 920 caelis
1138 880 1269 932 dignus

288 955 352 995 cst,
377 947 438 984 ille
459 947 558 998 equis
586 956 619 985 et
652 947 759 985 mulis
788 963 796 982 z
826 946 886 983 ille
914 944 1020 982 etiam
1047 951 1267 980 mortuorum

289 1008 496 1059 corporibus
521 1008 724 1059 apponitur,
748 1007 808 1044 hic
833 1007 870 1044 in
897 1004 1015 1043 anima
1039 1003 1154 1041 solum
1179 1002 1270 1040 bona

291 1068 462 1119 splendet,
484 1069 520 1105 in
539 1083 608 1119 qua
625 1068 788 1106 Christus
802 1068 953 1105 habitat.
972 1066 1077 1103 Hunc
1092 1078 1175 1115 crgo
1190 1077 1271 1116 pos-

291 1129 468 1167 sideamus
484 1139 659 1177 ornatum,
685 1138 725 1166 ut
741 1128 872 1179 ubique
895 1137 928 1165 et
943 1141 1005 1164 nos
1020 1126 1212 1165 venerandi
1228 1125 1273 1164 si-

291 1203 385 1239 mus,
415 1199 447 1228 et
467 1189 608 1228 Christo
627 1189 827 1240 placeamus
845 1188 881 1225 in
899 1187 1026 1226 saecula
1046 1187 1268 1224 saeculorum.

292 1244 413 1280 Amen.

336 1468 351 1482 ⁸
378 1469 434 1505 [Α.
452 1469 612 1509 εὐδοκιμεῖν
622 1472 657 1497 et
669 1475 746 1496 mox
758 1469 807 1498 καὶ
824 1470 909 1508 παρὰ
926 1470 980 1498 θεῶ
993 1463 1117 1507 heyam]

336 1521 352 1544 b
377 1520 438 1561 [A.
456 1526 489 1550 et
506 1529 611 1561 marg.
628 1516 729 1550 Savil.
752 1521 912 1560 ᾀδώμεθα,
927 1525 958 1548 et
977 1528 1053 1548 mox
1067 1524 1196 1563 Χριστῷ,
1212 1519 1246 1550 δι’
1264 1516 1296 1550 οὗ

1320 251 1505 280 ancum-1?
1515 271 1523 279 .
1565 251 1731 280 CONSTA
1741 250 1900 279 NTINOP
1910 270 1918 278 .

1336 330 1436 381 60va
1452 331 1581 369 καὶτὸν
1597 332 1723 378 πηλὸν,
1740 331 1800 368 καὶ
1817 331 2040 382 καταγελάσῃ
2058 332 2126 367 τῶν
2143 332 2199 366 ν’ῦν
2221 332 2353 377 θαυμα-

1337 391 1507 441 ζομένων·
1536 392 1613 429 οὐδὲ
1645 392 1712 444 γὰρ
1743 391 1815 429 ἔστι
1841 396 1988 442 γυναῖκα
2016 394 2263 440 πνευματικοῖς
2297 403 2354 425 κο-

1337 452 1534 502 σμουμένην
1575 451 1855 504 κατορθώμασιν,
1888 452 2096 497 ἐπιζητῆσαι
2126 450 2183 488 τὸν
2217 448 2354 499 γέλωτα

1336 517 1467 550 τοῦτον.
1491 512 1644 564 Ῥίψασα
1661 512 1772 550 τοίνυν
1789 516 1898 549 ταῦτα
1914 511 2046 558 πάντα,
2062 511 2083 547 ἃ
2099 511 2157 548 καὶ
2181 508 2353 560 ἀγοραίων

1337 579 1517 625 γυναῖκες,
1548 573 1570 610 ἃ
1599 573 1658 610 καὶ
1689 572 1912 626 ὀρχηστρίδες
1938 571 1996 608 καὶ
2030 570 2231 622 αὐλητρίδες
2267 568 2355 619 μετὰ

1337 635 1468 679 πολλῆς
1489 634 1607 685 ἔχουσι
1632 637 1693 679 τῆς
1722 633 1936 685 φιλοτιμίας,
1971 631 2111 684 περίθου
2140 629 2354 683 φιλοσοφίαν,

1339 694 1542 746 φιλοξενίαν,
1562 695 1776 745 προστασίαν
1799 697 1866 731 τῶν
1888 694 2011 744 ἁγίων,
2031 691 2224 738 κατάνυξιν,
2253 690 2356 742 εὐχὰς

1340 762 1504 808 συνεχεῖς.
1521 758 1643 794 Ταῦτα
1662 758 1801 807 χρυσῶν
1822 754 1969 804 ἱματίων
2002 752 2126 804 βελτίω
2138 783 2147 800 ,
2164 757 2272 789 ταῦτα
2304 750 2355 787 λί-

1341 821 1406 854 θων
1426 817 1615 868 σεμνότερα
1632 817 1691 854 καὶ
1711 814 1972 868 περιδερραίων,
1989 818 2098 852 ταῦτα
2112 813 2172 851 καὶ
2187 812 2269 864 παρ’
2292 815 2356 849 ἀν-

1341 877 1490 930 θρώποις
1506 878 1524 895 *
1536 878 1715 926 εὐδόκιμον
1734 881 1846 923 ποιεῖ,
1867 875 1925 913 καὶ
1950 874 2045 926 παρὰ
2061 879 2120 912 τοῦ
2137 876 2228 912 Θεοῦ
2250 871 2357 922 με’γαν

1341 938 1435 990 φέρει
1451 954 1504 976 σοι
1523 938 1580 976 τὸν
1600 937 1733 988 μισθόν.
1749 931 1859 980 Οἷτος
1878 940 1939 982 τῆς
1953 934 2166 981 Ἐκκλησίας
2181 938 2197 971 ὃ
2214 932 2358 982 κόσμος,

1341 1002 1468 1042 ἐκεῖνος
1486 1002 1555 1036 τῶν
1576 999 1744 1051 θεάτρων·
1767 991 1862 1040 οὗτος
1882 1000 1950 1034 τῶν
1969 998 2120 1048 οὐρανῶν
2139 994 2248 1041 ἄξιος,
2270 995 2359 1031 ἐκεῖ-

1341 1076 1396 1104 νος
1415 1059 1531 1097 ἵππων
1551 1059 1609 1095 καὶ
1628 1058 1783 1108 ἡμιόνων
1800 1074 1807 1080 ·
1839 1060 1966 1100 ἐκεῖνος
1988 1056 2046 1094 καὶ
2070 1061 2201 1107 νεκροῖς
2221 1052 2361 1103 σώμασι

1342 1120 1573 1172 περιτίθεται,
1595 1114 1690 1162 οἶτος
1711 1121 1745 1156 ἐν
1769 1120 1863 1171 ψυχῇ
1883 1119 1983 1169 μόνον
2005 1119 2115 1169 ἀγαθῇ
2143 1116 2297 1165 λάμπει,
2326 1115 2361 1150 ἐν

1342 1176 1366 1230 ἦ
1397 1182 1548 1234 Χριστὸς
1567 1187 1733 1219 κατοικεῖ.
1753 1182 1884 1218 Τοῦτον
1920 1179 2030 1217 τοίνυν
2066 1176 2274 1227 κτησώμεθα
2304 1175 2361 1212 τον

1343 1243 1486 1294 κόσμον,
1506 1241 1584 1280 ἵναὺ
1604 1242 1781 1292 αἰδώμεθα
1800 1245 1979 1293 πανταχοῦ
1994 1241 2053 1278 καὶ
2071 1243 2191 1290 ἡμεῖς,
2209 1237 2268 1276 καὶ
2286 1239 2362 1274 εὐα-

1346 1303 1569 1354 ρεστήσωμεν
1589 1305 1639 1353 τῷ
1661 1304 1803 1353 Χριστῷ
1830 1304 1876 1344 εἰς
1890 1301 1965 1344 τοὺς
1983 1304 2110 1343 αἰῶνας
2123 1302 2191 1337 τῶν
2215 1297 2360 1335 αἰώνων.

1344 1363 1467 1412 Ἀμήν.

1529 1465 1543 1475 v

1361 1469 1408 1498 καὶ
1425 1468 1492 1507 μεθ’
1510 1480 1543 1498 ου
1555 1474 1591 1507 τᾷ
1612 1469 1712 1509 [Iu-cpi
1726 1468 1743 1502 ἦ
1761 1466 1846 1503 δόξα,
1864 1468 1930 1506 ἅμα
1947 1472 1987 1506 τῷ
2005 1467 2076 1505 ἁγίῳ
2094 1470 2148 1494 Πν.
2164 1461 2230 1503 εἰς-]

582 1727 793 1766 HOMILIA
821 1725 963 1764 XXXI.

293 1852 381 1889 CAP.
403 1851 507 1891 XVI,
529 1865 569 1889 v.
589 1851 626 1889 5.
654 1850 830 1888 Salutate
844 1850 1071 1900 Epaenetum
1090 1847 1272 1885 dilectum

347 1928 485 1960 meum,
504 1915 570 1965 qui
600 1920 653 1949 est
668 1913 848 1963 primitiae
865 1910 1031 1947 Aclzaioe
1050 1912 1091 1946 in
1107 1910 1273 1947 Christo.
1299 1914 1322 1943 E

348 2039 383 2073 1,
411 2035 546 2073 Multos
565 2034 670 2072 etiam
691 2048 736 2071 ex
754 2033 811 2083 iis,
831 2032 893 2084 qui
909 2032 1059 2070 studiosi
1079 2030 1275 2069 admodum

292 2097 458 2137 videntur
466 2097 648 2145 esse,hanc
663 2105 747 2147 puto
757 2095 911 2146 epistolae
922 2104 1058 2147 partem
1068 2103 1277 2146 praetercur-

294 2173 370 2197 rere
390 2168 429 2195 ut
449 2158 680 2210 superfluam,
703 2166 736 2194 et
759 2171 836 2207 quae
856 2156 948 2194 nihil
968 2155 1086 2206 magui
1112 2154 1240 2191 habeat
1264 2169 1271 2189 ε

294 2229 398 2270 atque
408 2220 564 2271 idipsum
583 2218 655 2256 illis
668 2218 703 2255 iu
719 2217 1015 2268 genealogia,quae
1029 2217 1065 2253 iu
1079 2215 1277 2266 Evangelio

293 2281 459 2329 habetur,
477 2279 616 2318 evenire
635 2278 799 2315 existimo
818 2293 825 2313 ε
849 2277 933 2327 quia
965 2277 1057 2313 enim
1092 2276 1277 2313 nominum

295 2348 347 2376 est
367 2338 560 2388 catalogus,
582 2351 651 2374 non
664 2351 700 2374 se
715 2350 884 2386 magnum
912 2334 993 2371 inde
1010 2335 1151 2371 lucrum
1164 2334 1278 2370 factu-

297 2414 354 2438 ros
375 2399 602 2437 arbitrantur.
630 2397 677 2435 Et
701 2396 889 2433 aurificum
909 2394 1053 2445 quidem
1081 2393 1182 2445 pueri
1210 2393 1278 2430 mi-

1290 2437 1336 2461 7'45

1719 1725 1898 1762 OMIAIA
1920 1722 1988 1761 λα’.

1346 1848 1570 1886 Ἀσπάσασθε
1586 1846 1791 1885 Ἐπαίνετον
1824 1846 1881 1884 τὸν
1902 1845 2081 1896 ἀγαπητόν
2109 1861 2173 1896 μου
2186 1875 2195 1893 ,
2222 1847 2257 1888 ὃς
2275 1845 2366 1884 ἐστιν

1545 1909 1688 1961 ἀπαρχὴ
1707 1912 1768 1955 τῆς
1785 1907 1927 1959 Ἀχαΐας
1942 1910 1987 1950 εἰς
2008 1907 2172 1958 Χριστόν.

1401 2031 1557 2075 Πολλοὺς
1586 2032 1645 2070 καὶ
1681 2035 1749 2070 τῶν
1770 2031 1902 2083 σφόδρα
1935 2030 2125 2069 δοκούντων
2147 2022 2234 2067 εἶναι
2264 2044 2370 2067 σπου-

1349 2094 1453 2131 δαίων
1475 2098 1576 2132 τοῦτο
1599 2096 1686 2139 ρτῆς
1714 2095 1900 2138 ἐπιστολῆς
1927 2092 1966 2129 τὸ
2001 2092 2102 2143 μέρος
2133 2090 2368 2142 παρατρέχειν

1346 2159 1497 2206 ἡγοῦμαι
1509 2185 1518 2202 ,
1539 2157 1585 2196 ὡς
1604 2155 1761 2206 περιττὸν
1779 2154 1838 2191 καὶ
1855 2152 1948 2191 οὐδὲν
1971 2152 2060 2203 μέγα
2077 2151 2154 2203 ἕχον
2168 2167 2176 2174 ·
2191 2152 2249 2189 καὶ
2271 2155 2371 2188 τοῦτο

1349 2217 1432 2254 αὐτὸ
1452 2215 1510 2253 καὶ
1530 2216 1563 2252 ἐν
1585 2217 1626 2266 τῇ
1647 2213 1849 2265 γενεαλογία
1873 2215 1916 2263 τῇ
1937 2215 1971 2250 ἐν
2000 2215 2048 2264 τῷ
2071 2211 2272 2263 Εὐαγγελίῳ
2301 2227 2370 2249 κει-

1350 2277 1435 2327 μένῃ
1458 2276 1606 2326 πάσχειν
1639 2275 1760 2317 αὐτοὺς
1782 2274 1934 2324 νομίζω·
1957 2273 2075 2318 ἐπειδὴ
2105 2272 2172 2324 γὰρ
2193 2271 2370 2321 ὀνομάτων

1350 2336 1423 2374 ἐστὶ
1443 2336 1632 2385 κατάλογος
1644 2364 1653 2381 ,
1677 2335 1772 2371 οὐδὲν
1795 2334 1883 2384 μέγα
1913 2333 2042 2370 οἴονται
2060 2334 2212 2370 ἐντεῦθεν
2231 2331 2372 2383 κερδαί-

1350 2412 1430 2434 νειν.
1451 2395 1521 2434 Καὶ
1547 2398 1577 2434 οἱ
1596 2395 1657 2446 μὲν
1677 2398 1744 2432 τῶν
1766 2393 1969 2446 χρυσοχόων
1989 2395 2108 2436 παῖδες
2127 2393 2186 2431 καὶ
2205 2392 2248 2430 τὰ
2265 2392 2373 2442 μικρὰ

297 2460 394 2497 nima
410 2473 550 2510 quoque
565 2467 721 2495 ramenta
739 2455 876 2494 curiose
894 2455 1121 2507 perquirunt3
1141 2454 1179 2490 hi
1194 2468 1277 2491 vero
1301 2473 1327 2502 Α
1350 2457 1519 2509 ψήγματα
1538 2456 1839 2507 περιεργάζονται,
1862 2449 1953 2492 οὗτοι
1971 2454 2006 2492 δὲ
2026 2455 2085 2491 καὶ
2104 2455 2214 2504 μάζας
2229 2453 2373 2507 γρυσίου

297 2530 412 2559 tantas
427 2520 502 2557 auri
527 2533 657 2556 massas
689 2525 977 2570 praetercurrunt.
1011 2516 1062 2553 Ne.
1077 2515 1145 2552 hoc
1162 2514 1280 2564 itaque

298 2583 492 2635 patiantur,
512 2581 596 2619 satis
615 2589 696 2618 sunt
727 2593 779 2626 ca,
796 2593 872 2629 quae
887 2577 982 2615 dicta
1001 2578 1111 2625 suere,
1129 2585 1167 2614 ut
1200 2576 1280 2614 illos

297 2646 344 2682 ab
359 2645 426 2682 bac
444 2642 604 2682 socordia
620 2641 810 2679 abducant.
825 2641 917 2678 Nam
933 2637 1028 2689 quod
1043 2652 1112 2675 non
1129 2651 1281 2690 parvum

300 2706 383 2743 inde
397 2706 536 2743 lucrum
553 2703 649 2755 carpi
664 2702 788 2754 possit,
803 2715 848 2739 ex
861 2699 1074 2752 supradictis
1081 2700 1156 2751 jam
1169 2708 1282 2737 osten-

300 2767 431 2815 dimus,
448 2766 608 2803 animum
619 2773 777 2802 vestrum
793 2777 836 2800 ex
851 2762 907 2799 his
924 2761 1196 2799 salutationibus
1216 2761 1284 2798 eri-

301 2836 421 2878 gentes
443 2842 450 2862 :
470 2825 684 2864 tentabimus
700 2832 819 2860 autem
841 2832 872 2860 et
890 2821 997 2859 hodie
1011 2835 1057 2858 ex
1074 2821 1196 2858 eodem
1217 2821 1285 2858 hoe

301 2889 379 2940 ipso
397 2889 474 2925 loco
492 2886 571 2924 auri
599 2885 781 2923 metallum
815 2883 1013 2921 extrahere.
1037 2884 1156 2920 Potest
1188 2882 1283 2920 enim

301 2950 358 2988 vel
384 2950 420 2987 in
452 2947 674 3000 simplicibus
701 2945 905 2984 nominibus
944 2959 1093 2995 magnus
1130 2945 1285 2982 inveniri

301 3011 500 3048 thesaurus.
518 3010 611 3046 Nam
633 3007 663 3045 si
677 3006 846 3045 didiceris
863 3019 925 3043 cur
945 3005 1125 3042 Abraham
1146 3006 1196 3042 sie
1215 3019 1284 3043 vo—

301 3080 399 3108 catus
418 3071 475 3117 sit,
503 3084 566 3107 cur
585 3069 705 3117 Sarra,
727 3082 790 3105 cur
805 3066 925 3115 Israel,
948 3080 1011 3103 cur
1030 3065 1186 3113 Samuel,
1201 3066 1287 3103 hinc

301 3132 496 3170 multarum
515 3144 635 3168 rerum
643 3128 829 3166 historiam
847 3127 1018 3165 invenies.
1034 3129 1147 3177 Atque
1166 3141 1184 3163 a
1198 3135 1284 3164 tem·
1310 3136 1332 3166 Β

302 3192 448 3244 poribus
469 3200 504 3228 et
515 3190 601 3228 locis
619 3190 688 3226 hoc
707 3189 826 3240 ipsum
842 3187 973 3239 poteris
993 3187 1168 3238 colligere.
1192 3187 1285 3224 Nam

302 3253 366 3302 qui
381 3252 560 3290 studiosus
576 3260 639 3300 est,
664 3249 749 3287 hinc
768 3248 913 3288 divitias
932 3247 1087 3298 acquirit
1095 3263 1105 3297 ;
1123 3247 1185 3298 qui
1203 3262 1286 3287 vero

346 3364 359 3378 ⁴2
382 3354 436 3386 Sic
451 3354 531 3386 Hcs,
547 3360 580 3385 et
594 3353 640 3385 sic
655 3350 742 3384 haud
760 3351 858 3384 dubie
873 3349 1059 3394 legendum.
1078 3349 1170 3382 Editi
1186 3357 1237 3387 τῆς
1261 3353 1308 3382 ε)-

306 3411 404 3444 τσὶκῆς.
417 3406 534 3448 [Supra
547 3408 582 3437 A.
600 3412 631 3436 et
643 3403 743 3437 Savil.
768 3404 798 3435 iu
806 3415 909 3446 marg.
927 3406 1049 3448 ἀδελρὸν
1060 3414 1119 3444 pro
1129 3402 1308 3444 §yses-:radul

1350 2516 1520 2560 τοσαύτας
1539 2514 1904 2568 παρατρέχουσιν.Ἵν’
1922 2508 1978 2552 οὖν
1998 2514 2046 2565 μὴ
2063 2520 2162 2553 τοῦτο
2176 2515 2374 2567 πάσχωσιν,

1352 2577 1455 2615 ἱκανὰ
1475 2575 1536 2627 μὲν
1552 2576 1612 2614 καὶ
1628 2576 1672 2613 τὰ
1692 2575 1857 2628 εἰρημένα
1878 2574 2004 2621 ταύτης
2022 2577 2216 2626 ἀπαγαγεῖν
2233 2578 2294 2620 τῆς
2316 2577 2376 2626 ῥᾳ-

1353 2638 1476 2688 θυμίας
1494 2637 1627 2681 αὖτούς.
1644 2637 1728 2675 τΌτι
1753 2636 1821 2689 γὰρ
1840 2639 1877 2674 οὐ
1891 2637 2025 2688 ’μικρὸν
2047 2637 2106 2673 καὶ
2120 2638 2273 2674 ἐντεῦθεν
2290 2635 2375 2687 κέρ-

1353 2701 1427 2747 δος,
1446 2698 1620 2748 ἐδείξαμεν
1646 2697 1705 2735 καὶ
1729 2699 1768 2735 ἐκ
1785 2699 1853 2735 τῶν
1873 2697 2065 2748 ἔμπροσθεν
2090 2697 2295 2748 εἰρημένων,
2313 2696 2374 2743 τὴν

1352 2760 1467 2813 ψυχὴν
1495 2762 1591 2810 ὑμῶν
1610 2759 1866 2805 ἀναστήσαντες
1890 2758 1945 2796 διὰ
1967 2761 2033 2795 τῶν
2052 2757 2277 2810 προσρήσεων
2296 2757 2378 2795 τού-

1354 2838 1421 2860 των
1434 2837 1441 2845 ·
1456 2819 1705 2871 πειρασώμεθα
1718 2818 1753 2857 δὲ
1768 2819 1826 2856 καὶ
1840 2818 1989 2871 σήμερον
2006 2819 2044 2856 τὸ
2056 2817 2139 2856 αὐτὸ
2159 2817 2261 2855 πάλιν
2273 2820 2374 2854 τοῦτο

1356 2884 1587 2933 μεταλλεῧσαι
1603 2880 1641 2917 τὸ
1655 2879 1795 2931 χωρίον.
1815 2878 1920 2916 Ἔστι
1935 2879 2002 2930 γὰρ
2021 2878 2080 2916 καὶ
2103 2877 2171 2914 ἀπὸ
2194 2876 2372 2925 ὀνομάτων

1355 2945 1464 2995 ψιλῶν
1487 2941 1596 2992 μέγαν
1618 2943 1726 2993 εὑρεῖν
1743 2939 1926 2989 θησαυρόν.
1941 2938 2027 2976 Ἐὰν
2041 2942 2120 2988 γοῦν
2144 2936 2257 2986 μάθῃς
2272 2934 2328 2972 διὰ
2343 2935 2377 2972 τί

1356 3002 1518 3056 Ἀδραὰμ
1532 3001 1660 3048 ἐκλήθη
1672 2999 1753 3048 ,διὰ
1767 2998 1800 3036 τί
1816 2999 1956 3049 Σάρρα,
1974 2997 2028 3035 διὰ
2043 2996 2077 3034 τί
2091 2996 2236 3048 Ἰσραὴλ
2247 2996 2326 3041 ,διὰ
2343 2996 2376 3033 τί

1357 3063 1552 3115 Σαμουὴλ,
1577 3062 1714 3100 πολλῶν
1747 3059 1964 3110 πραγμάτων
1988 3057 2047 3095 καὶ
2080 3058 2231 3094 ἐντεῦθεν
2251 3059 2268 3077 *
2284 3059 2377 3095 ἱστο-

1360 3124 1434 3178 ρίας
1456 3123 1623 3176 εὑρήσεις.
1648 3120 1717 3159 Καὶ
1737 3120 1806 3158 ἀπὸ
1825 3122 1953 3171 καιρῶν
1971 3118 2005 3157 δὲ
2026 3118 2084 3156 καὶ
2115 3118 2183 3156 ἀπὸ
2201 3118 2316 3156 τόπων
2339 3118 2378 3155 τὸ

1359 3185 1443 3224 αὐτὸ
1461 3189 1562 3223 τοῦτο
1578 3181 1707 3232 δυνήσῃ
1728 3186 1945 3232 συναγαγεῖν.
1966 3179 2010 3218 ‘O
2028 3179 2089 3229 μὲν
2110 3179 2178 3231 γὰρ
2194 3180 2378 3220 σπουδαῖος

1359 3245 1419 3285 καὶ
1439 3247 1592 3283 ἐντεῦθεν
1618 3244 1778 3289 πλουτεῖ,
1813 3244 1829 3278 ὃ
1857 3240 1892 3279 δὲ
1917 3239 2178 3284 ἀναπεπτωκὼς
2202 3240 2280 3278 οὐδὲ
2309 3239 2378 3276 ἀπὸ

1422 3347 1431 3357 '
1453 3348 1514 3389 [A.
1538 3351 1679 3391 ἱστορίαν.
1697 3345 1740 3377 Et
1755 3355 1829 3377 mox
1861 3355 1935 3376 cum
1953 3342 2052 3378 savit,
2071 3343 2103 3376 in
2120 3353 2224 3386 marg.
2244 3344 2379 3385 >asiam

1375 3410 1434 3442 pro
1454 3398 1648 3441 &mayn-sitm]
