2502 3810
717 292 759 320 {N
797 290 936 320 EPIST.

60 377 149 410 ποιεῖ
166 370 365 422 λαμπροὺς,
390 370 448 408 καὶ
474 370 558 421 πρὸς
584 369 645 416 τὴν
673 370 864 420 μέλλουσαν
885 373 968 420 ἡμῖν
990 384 1069 407 συν-

59 432 231 481 αποδημεὶ
249 430 353 476 ζωήν.
375 429 420 467 ‘O
433 429 500 481 γὰρ
518 429 582 475 τὴν
605 429 776 468 υἱοθεσίαν
800 431 987 482 διατηρῶν,
1013 429 1071 466 καὶ

57 492 119 537 τὴν
137 492 330 543 ἁγιωσύνην
348 490 436 540 μετὰ
456 490 633 543 οἰκριὸείας
652 495 665 511 ⁰
680 490 874 542 φυλάττων,
894 491 996 527 αὐτοῦ
1011 493 1071 527 τοῦ

57 552 96 590 τὸ
111 552 263 601 διάδημα
285 551 523 604 περικειμένου
543 550 603 589 καὶ
622 550 684 597 τὴν
699 549 886 602 ἁλουργίδα
910 550 1048 601 ἔχοντος
1061 579 1070 596 ,

57 611 296 665 λαμπρότερός
310 611 349 649 τέ
366 614 440 649 ἐστι
465 613 583 663 πολλῷ
600 611 658 649 καὶ
680 610 911 663 μακαριστότε
919 625 991 662 ρος,
1013 608 1072 647 καὶ

59 672 149 711 κατὰ
173 673 229 710 τὸν
257 673 414 726 παρόντα
433 672 504 723 βίον
521 671 655 724 γαλήνῃ
684 688 721 709 τε
748 673 921 725 ἐντρυφῶν
938 671 1070 720 πολλῇ,

59 733 118 770 καὶ
149 738 319 785 χρησταῖς
343 732 613 785 συντρεφόμενος
641 732 780 779 ἐλπίσι,
815 731 875 769 καὶ
909 729 1071 780 οὐδεμίαν

59 792 201 844 0ορύὸου
220 792 278 830 καὶ
291 795 449 845 ταραχῆς
471 793 559 844 ἔχων
573 791 745 839 ὑπόθεσιν,
762 793 838 829 ἀλλ’
855 791 979 836 ἡδονῆς
999 790 1072 834 διη-

60 857 174 896 νεκοῦς
193 852 391 892 ἀπολαύων.
409 852 587 903 Εὖθυμίαν
602 852 669 903 γὰρ
683 851 742 889 καὶ
753 849 865 902 χαρὰν
883 851 943 887 οὐκ
963 851 1073 899 ἀρχῆς

60 914 221 965 μέγεθος,
240 915 277 952 οὗ
296 913 489 966 χρημάτων
505 914 634 958 πλῆθος
647 941 656 958 ,
675 914 712 948 οὐ
736 908 935 951 δυναστείας
953 908 1074 958 ὄγκος,

56 977 119 1012 οὐκ
153 974 250 1025 ἰσχὺς
276 974 450 1024 σώματος,
486 973 524 1010 οὗ
555 971 759 1010 πολυτέλεια
784 969 973 1020 τραπέζης,
1011 972 1074 1021 οὐχ

57 1035 204 1083 ἱματίων
221 1035 370 1084 κόσμος,
395 1036 456 1071 οὐκ
478 1033 563 1070 ἄλλο
584 1047 618 1069 τι
637 1034 705 1069 τῶν
727 1030 949 1083 ἀνθρωπίνων
964 1039 1074 1070 ποιεῖν

57 1094 186 1141 εἴωθεν,
217 1095 293 1131 ἀλλ’
318 1093 339 1139 ἢ
368 1092 579 1143 κατόρθωμα
604 1090 709 1140 μόνον
738 1091 985 1141 πνευματικὸν,
1014 1092 1075 1130 καὶ

56 1153 207 1195 συνειδὸς
233 1152 373 1203 ἀγαθόν.
403 1152 473 1190 Καὶ
505 1154 522 1188 ὁ
553 1155 653 1188 τοῦτο
681 1149 937 1203 κεκαθαρμένον
970 1151 1073 1202 ἔχων,

57 1212 120 1251 κᾶν
146 1213 249 1266 ῥάκια
267 1211 504 1265 περικείμενος
526 1206 549 1262 ἦ
560 1241 570 1257 ,
594 1211 653 1248 καὶ
676 1212 769 1261 λιμῷ
796 1209 972 1259 παλαίων,
998 1213 1072 1274 Ῑῶν

56 1272 187 1325 σφόδρα
213 1272 421 1325 τρυφώντων
446 1271 538 1310 ἐστὶν
568 1271 814 1323 εὐθυμότερος·
839 1271 958 1322 ὥσπερ
980 1275 1036 1310 οὐν
1057 1274 1075 1310 ὃ

55 1332 189 1385 πονηρὰ
205 1331 365 1375 συνειδὼς
383 1333 515 1384 ἑαυτῷ,
532 1331 596 1369 κᾶν
609 1331 654 1369 τὰ
663 1331 803 1370 πάντων
817 1331 1074 1384 περιὸάλληται

55 1392 244 1444 χρήματα,
264 1392 402 1430 πάντων
428 1392 519 1430 ἐστὶν
540 1390 757 1444 ἀθλιώτερος.
779 1390 849 1429 Διὰ
878 1391 918 1438 δὴ
939 1395 1040 1429 τοῦτο
1057 1395 1075 1430 ὁ

58 1452 119 1502 μὲν
138 1454 278 1496 Παῦλος
293 1455 326 1491 ἐν
343 1455 436 1504 λιμῷ
455 1454 521 1496 ζῶν
541 1454 590 1504 τῷ
617 1452 766 1499 διηνεκεῖ
785 1452 843 1490 καὶ
862 1453 1073 1503 γυμνότητι,

58 1514 118 1551 καὶ
141 1514 388 1564 μαστιζόμενος
417 1515 493 1551 καθ’
529 1512 677 1558 ἑκάστην
708 1512 855 1564 ἡμέραν,
887 1508 1008 1564 ἔχαιρέ
1038 1528 1076 1550 τε

59 1574 119 1612 καὶ
153 1575 283 1626 ἐτρύφα
318 1575 448 1624 μᾶλλον
481 1575 548 1611 τῶν
584 1572 834 1623 βασιλευόντων
866 1573 961 1611 τότε·
995 1576 1012 1611 ὁ
1040 1574 1076 1611 δὲ
1098 1576 1123 1605 Ε

60 1634 193 1685 Ἀχαὰὸ
220 1633 439 1684 ἀβασιλεύων
467 1633 527 1671 καὶ
556 1635 687 1685 τρυφῆς
716 1632 897 1670 ἀπολαύων
927 1634 1077 1671 πολυτε-

60 1696 138 1737 λοῦς
150 1723 159 1739 ,
177 1693 294 1740 ἐπειδὴ
314 1693 377 1740 τὴν
397 1692 569 1745 ἁμαρτίαν
590 1691 721 1739 ἐκείνην
738 1692 941 1743 εἰργάσατο,
961 1693 1078 1731 ἔστενέ

60 1771 96 1793 τε
115 1754 173 1792 καὶ
192 1754 338 1805 ἠθύμει,
360 1754 420 1792 καὶ
437 1753 476 1791 τὸ
491 1753 676 1806 πρόσωπον
702 1754 804 1791 αὐτοῦ
823 1753 1077 1804 συμπεπτωκὸς

59 1810 114 1862 ἦν,
136 1815 195 1852 καὶ
215 1814 283 1865 πρὸ
306 1817 368 1860 τῆς
397 1813 571 1865 ἁμαρτίας
600 1812 659 1851 καὶ
687 1813 774 1863 μετὰ
800 1813 863 1861 τὴν
885 1814 1073 1866 ἁμαρτίαν.

59 1878 104 1914 Εἰ
118 1876 229 1913 τοίνυν
250 1874 444 1926 βουλόμεθα
465 1873 651 1913 ἀπολαύειν
671 1875 796 1920 ἡδονῆς
809 1904 818 1922 ,
837 1875 905 1927 πρὸ
923 1878 992 1913 τῶν
1012 1876 1074 1914 ἅλ-

58 1939 126 1974 λων
159 1936 320 1975 ἁπάντων
356 1935 536 1987 φεύγωμεν
568 1935 734 1988 πονηρίαν
748 1965 757 1983 ,
792 1936 851 1974 καὶ
892 1936 1072 1986 διώκωμεν

60 1998 199 2071 ἀρετὴν,
219 2001 264 2042 ὡς
279 2000 341 2036 οὐκ
356 1996 430 2035 ἐνὸν
449 1997 562 2041 ἄλλως
575 1996 695 2035 τούτου
717 2003 915 2050 μετασχεῖν,
932 1997 997 2036 κᾶν
1019 1999 1073 2037 ἐπ’

61 2059 161 2096 αὐτὸν
176 2058 359 2108 ἀναὸωμεν
383 2057 440 2095 τὸν
459 2056 576 2109 θρόνον
593 2057 651 2095 τὸν
676 2057 867 2109 βασιλικόν.
891 2059 956 2097 Διο
974 2059 1034 2097 καὶ
1056 2061 1104 2121 ὃ,ι

978 289 1036 318 ΑΙ)
1074 289 1181 318 ῘῖΟΜ.

1221 290 1375 320 quiL.
1413 293 1460 322 11.
2028 280 2116 339 473

1143 378 1305 408 accurate
1330 371 1497 421 custodit,
1520 371 1596 421 illo,
1622 372 1686 423 qui
1708 372 1907 410 diademate
1932 371 2119 411 redimitur

1141 438 1175 467 et
1187 444 1345 482 purpura
1364 431 1539 483 induitur,
1556 431 1660 483 longe
1679 432 1898 484 splendidior
1914 433 2121 483 feliciorque

1141 498 1206 539 est,
1234 499 1340 540 atque
1368 491 1403 528 in
1425 492 1587 543 praesenti
1607 493 1682 532 vita
1709 493 1969 544 tranquillitate
1988 493 2120 531 fruitur

1141 562 1281 601 magna,
1302 564 1364 602 spe
1391 551 1483 589 bona
1509 553 1634 602 fretus,
1664 553 1872 603 nullamque
1897 553 2032 592 hahens
2056 562 2118 591 tu—

1141 612 1275 649 multus
1304 621 1336 650 et
1361 614 1636 664 perturbationis
1663 615 1897 665 occasionem,
1922 616 1983 654 sed
2012 616 2120 655 volu-

1140 681 1235 723 ptate
1255 683 1425 725 perpetua
1438 675 1607 726 gaudens.
1630 675 1857 714 Hilaritatem
1876 677 1971 715 enim
1985 686 2018 715 et
2031 677 2120 715 laeti-

1140 734 1227 771 tiam
1243 749 1312 773 non
1328 736 1469 788 imperii
1482 737 1706 788 magnitudo,
1724 751 1794 775 non
1808 738 1861 776 vis
1876 739 2120 790 pecuniarum,

1142 809 1209 832 non
1224 796 1388 847 potentiae
1405 797 1528 846 fastus,
1544 811 1615 835 non
1629 798 1739 835 robur
1754 799 1924 850 corporis,
1940 813 2009 837 non
2023 800 2122 837 lauta

1142 869 1276 903 mensa,
1297 870 1366 893 non
1385 857 1537 894 vestium
1556 865 1715 907 ornatus,
1737 871 1806 895 non
1825 858 1925 896 aliud
1937 859 2122 911 quidpiam

1141 914 1339 952 humanum
1354 930 1477 967 parere
1490 916 1590 964 solet,
1609 916 1670 954 sed
1685 926 1778 955 recte
1792 919 1923 955 factum
1938 919 2124 970 spirituale

1142 982 1280 1011 tantum
1297 983 1332 1012 et
1349 975 1441 1012 bona
1457 975 1678 1014 conscientia.
1699 977 1772 1026 Qui
1787 991 1915 1028 puram
1933 978 2033 1016 illam
2051 993 2123 1017 ser-

1142 1042 1217 1082 vat,
1232 1034 1370 1071 etiamsi
1384 1034 1507 1072 laceris
1520 1036 1646 1086 pannis
1661 1035 1846 1086 induatur,
1864 1037 1930 1074 etsi
1939 1052 2020 1075 cum
2033 1039 2125 1076 same

1141 1090 1306 1140 luctetur,
1320 1092 1433 1129 laetior
1447 1102 1499 1130 est
1515 1093 1573 1143 iis,
1588 1093 1650 1144 qui
1666 1093 1708 1132 in
1723 1095 1872 1133 summis
1886 1095 2027 1133 deliciis
2045 1110 2128 1135 ver-

1141 1159 1280 1198 santur3
1301 1160 1341 1189 ut
1361 1152 1437 1190 vice
1453 1166 1572 1201 versa,
1593 1153 1656 1203 qui
1679 1153 1856 1191 malorum
1874 1154 1943 1192 sibi
1965 1156 2128 1194 conscius

1141 1221 1204 1261 est,
1222 1212 1362 1250 etiamsi
1382 1213 1548 1251 omnibus
1565 1214 1693 1265 opibus
1709 1214 1946 1262 circumfluat,
1967 1217 2127 1255 omnium

1142 1272 1364 1311 miserrimus
1384 1282 1448 1311 est.
1480 1274 1635 1325 Ideoque
1654 1275 1784 1313 Paulus
1810 1276 1847 1314 in
1874 1276 2014 1314 assidua
2036 1278 2129 1315 same

1142 1342 1176 1371 et
1197 1333 1356 1372 nuditate
1374 1348 1531 1384 versans,
1549 1335 1700 1387 flagellis
1719 1337 1878 1387 quotidie
1902 1351 2026 1385 caesus,
2047 1339 2128 1390 plus

1143 1408 1250 1444 quam
1278 1408 1375 1447 reges
1402 1396 1578 1447 gaudebat
1607 1405 1640 1434 et
1665 1397 1850 1435 laetabatur
1870 1414 1878 1434 :
1900 1399 2026 1436 Achab
2045 1414 2129 1439 vero

1143 1467 1292 1506 regnans
1318 1464 1353 1494 et
1379 1456 1487 1495 lautis
1509 1458 1627 1495 fruens
1653 1457 1806 1508 deliciis,
1830 1459 1916 1509 quia
1945 1470 2130 1512 peccatum

1144 1514 1237 1552 illud
1261 1515 1466 1566 admiserat,
1492 1517 1667 1568 gemebat,
1690 1518 1819 1557 anxius
1845 1529 1933 1569 erat,
1955 1529 1989 1559 et
2007 1521 2130 1559 vultus

1144 1574 1220 1626 ejus
1238 1576 1453 1627 conciderat,
1477 1586 1511 1615 et
1533 1587 1613 1615 ante
1627 1587 1813 1629 peceatum
1840 1587 1873 1617 et
1898 1589 1977 1631 post
2003 1594 2131 1632 pecca-

1145 1643 1235 1673 tum.
1258 1636 1298 1675 Si
1316 1637 1471 1675 velimus
1491 1651 1575 1689 ergo
1600 1638 1784 1690 voluptate
1804 1640 1887 1690 frui,
1912 1649 1991 1678 ante
2012 1641 2131 1679 omnia

1146 1695 1341 1746 nequitiam
1362 1698 1554 1748 fugiamus,
1575 1698 1816 1749 virtutemque
1834 1709 2017 1751 sectemur,
2036 1702 2133 1753 quod

1146 1771 1215 1795 non
1250 1758 1427 1809 possimus
1461 1759 1533 1797 alio
1568 1759 1674 1797 modo
1708 1760 1928 1812 voluptatem
1964 1764 2129 1814 assequi,

1147 1819 1283 1858 etiamsi
1325 1821 1361 1858 in
1396 1821 1515 1873 ipsum
1547 1822 1677 1859 solium
1713 1822 1852 1873 regium
1888 1825 2130 1864 ascendamus.

1147 1881 1389 1928 Quamobrem
1403 1882 1535 1920 Paulus
1550 1882 1689 1921 dicebat
1705 1899 1713 1921 :
1730 1885 1898 1922 Fructus
1911 1894 2041 1923 autem
2050 1887 2132 1938 Spi-
2150 1893 2221 1920 Gal.
2234 1894 2261 1923 5.
2279 1902 2329 1922 22.

1146 1942 1244 1978 ritus
1275 1950 1332 1980 est
1360 1945 1519 1989 caritas,
1549 1945 1757 1995 gaudium,
1789 1957 1884 1994 pax.
1914 1946 2019 1984 Hunc
2046 1961 2131 1999 ergo

1145 2000 1303 2038 fluctum
1321 2001 1417 2053 apud
1438 2016 1501 2040 nos
1529 2017 1725 2054 servemus,
1752 2010 1792 2039 ut
1811 2002 1869 2041 hic
1888 2004 2012 2043 laetitia
2032 2007 2129 2045 frua-

1105 2075 1241 2120 36mur,
1267 2070 1302 2099 et
1327 2063 1490 2100 futurum
1509 2077 1658 2115 regnum
1683 2078 1925 2116 assequamur,
1954 2080 1995 2117 gl
1998 2076 2069 2105 atla
2097 2077 2132 2106 ct

61 2120 199 2162 Παῦλος
217 2119 351 2170 ἔλεγεν·
366 2117 450 2156 ‘O
431 2117 467 2157 οὲ
485 2118 616 2170 καρπὸς
634 2122 694 2156 τοῦ
708 2119 912 2170 Πνεύματος
932 2120 1051 2171 ἀγάπη
1064 2150 1074 2168 ,
1088 2096 1136 2163 ΛΑ
1147 2122 1365 2174 benignitate
1391 2124 1538 2162 Domini
1563 2124 1676 2163 nost1i
1697 2127 1783 2165 Jesu
1808 2126 1955 2176 Christi,
1985 2127 2131 2177 quicum

58 2180 165 2231 χαρὰ,
181 2179 313 2232 εἰρήνη,
333 2181 467 2218 Τοῦτον
486 2182 543 2217 οὖν
563 2179 620 2217 τὸν
639 2180 772 2232 καρπὸν
790 2179 971 2232 τρέφωμεν
989 2183 1073 2233 παρ’

60 2243 240 2287 ἑαυτοῖς,“
235 2240 288 2278 ι’να
315 2239 374 2278 καὶ
403 2255 466 2286 της
493 2241 637 2278 ἐνταῦθα
665 2247 778 2293 χαρᾶς
807 2241 1073 2292 ἀπολαύσωμεν,

59 2301 119 2339 καὶ
137 2304 198 2347 τῆς
218 2300 442 2351 μελλούσης’
427 2299 645 2352 επιτύχωμεν
665 2301 863 2351 βασιλείας,
880 2301 999 2353 χάριτι
1014 2303 1075 2343 καὶ

59 2360 297 2414 φιλανθρωπίᾳ
318 2365 377 2399 τοῦ
403 2360 567 2414 Κυρίου*
550 2363 650 2412 ημῶν
670 2361 787 2408 Ἰησοῦ
806 2362 981 2413 Χριστοῦ,
999 2365 1074 2413 μεθ’

58 2425 95 2459 οὗ
121 2424 170 2472 τῷ
186 2421 302 2473 Πατρι
321 2425 342 2468 ἡ
363 2420 444 2465 δόξα
459 2449 469 2467 ,
491 2421 566 2472 ἅμα
592 2423 642 2474 τῷ
672 2421 760 2474 ἁγίῳ
788 2420 993 2472 Πνεύματι,
1015 2426 1072 2459 νῦν

52 2481 112 2519 καὶ
129 2462 202 2528 ἀεὶ,
217 2497 275 2519 και
288 2483 335 2525 εἷς
350 2481 426 2525 τους
442 2484 568 2526 αἰῶνας
587 2485 655 2521 τῶν
674 2481 820 2521 αἰώνων
842 2481 964 2534 Ἀμήν

97 2627 108 2642 ⁸·
134 2619 206 2650 Duo
223 2619 298 2653 Mss.
317 2622 530 2665 διαφυλάττων.
548 2619 650 2653 Paulo
667 2628 742 2663 post
757 2619 857 2654 iidem
874 2621 922 2663 [et
934 2622 988 2664 A.]
1005 2626 1053 2655 καὶ

55 2678 292 2715 μακαριώτερος.

449 2916 626 2954 ΟΜΙΑΙΑ
654 2914 699 2953 6¹.

1148 2185 1245 2222 Patri
1261 2184 1389 2236 gloria,
1409 2199 1478 2223 una
1491 2200 1573 2224 cum
1587 2196 1707 2225 sancto
1721 2187 1871 2240 Spiritu,
1884 2202 1978 2227 nunc
1990 2199 2024 2227 et
2038 2204 2128 2228 sem-

1146 2259 1220 2297 per,
1239 2254 1275 2283 et
1293 2246 1328 2284 in
1349 2246 1476 2284 soecula
1488 2247 1712 2286 saeculorum.
1736 2251 1859 2287 Amen.

1163 2621 1180 2646 d
1203 2619 1310 2654 Iidem
1326 2625 1463 2666 βασιλεὺς
1479 2627 1528 2656 ὥν.
1541 2622 1553 2664 [
1568 2621 1623 2654 Sic
1638 2623 1674 2654 Α.
1689 2621 1782 2655 Idem
1796 2629 1873 2655 ante
1887 2625 2010 2661 διηνεκεῖ
2025 2625 2123 2656 omit-

1120 2673 1161 2706 tit
1175 2673 1380 2716 articulum.]

1486 2915 1699 2954 HOMILIA
1728 2917 1774 2953 ΙΙ.

58 3033 202 3085 Πρῶτον
227 3034 287 3083 μὲν
309 3036 503 3087 εὐχαριστῶ
520 3038 569 3089 τῷ
585 3038 667 3090 Θεῷ
686 3054 751 3089 μου
773 3038 830 3077 διὰ
849 3038 965 3085 Ἰησοῦ
982 3040 1069 3092 Χρι-
1094 3041 1117 3070 Β
1141 3037 1229 3076 CAP.
1254 3038 1281 3074 Ι.
1302 3051 1338 3073 v,
1361 3036 1399 3075 8.
1419 3038 1597 3075 Primum
1617 3037 1771 3088 quidem
1781 3039 1929 3088 gratias
1949 3050 2022 3088 ago
2034 3038 2119 3075 Deo

111 3097 191 3130 στοῦ
206 3093 290 3146 ὑπὲρ
304 3095 444 3134 πάντων
463 3099 572 3147 ὑμῶν,
587 3097 640 3136 ὅτι
655 3101 676 3145 ἡ
694 3099 810 3143 πίστις
825 3101 922 3151 ὑμῶν
938 3115 1069 3150 καταγ-

111 3152 267 3202 γέλλεται
284 3157 317 3193 ἐν
333 3155 403 3208 ὅλῳ
419 3159 470 3209 τῷ
490 3158 622 3211 κόσμῳ.

112 3337 250 3389 Πρέπον
272 3339 314 3388 τῇ
332 3339 488 3391 μακαρία
501 3341 596 3392 ψυγῇ
611 3341 650 3379 τὸ
666 3341 858 3394 προοίμιον,
882 3342 941 3380 καὶ
955 3341 1071 3380 ἱκανὸν

60 3401 211 3437 ἅπαντας
245 3399 426 3437 παιδεῦσαι
461 3400 519 3438 καὶ
554 3401 660 3452 ἔργων
693 3402 751 3439 καὶ
784 3401 895 3453 λόγων
933 3405 1070 3453 ἀγαθῶν

1192 3111 1274 3136 meo
1297 3111 1365 3149 per
1382 3098 1516 3136 Jesum
1543 3097 1739 3134 Christum
1751 3110 1822 3147 pro
1843 3098 2020 3135 omnibus
2042 3112 2120 3135 vo-

1194 3160 1250 3196 bis
1263 3187 1275 3208 ,
1303 3160 1397 3210 quia
1404 3158 1510 3211 fides
1537 3166 1670 3196 vestra
1685 3159 1943 3196 annuntiatur
1970 3161 2011 3196 in
2040 3167 2120 3197 toto

1194 3220 1352 3257 mundo.

1194 3342 1230 3377 1.
1262 3342 1378 3378 Beatae
1407 3339 1534 3376 animae
1566 3352 1762 3390 congruens
1789 3339 1996 3391 exordium,
2028 3341 2124 3391 quod

1143 3400 1253 3453 possit
1272 3414 1391 3439 omnes
1414 3399 1610 3451 instituere,
1640 3408 1679 3438 ut
1705 3414 1853 3452 operum
1871 3410 1904 3440 et
1923 3416 2123 3441 sermonum

1925 3457 1987 3494 54,
