2466 3805
74 1613 257 1645 P1·0u.18.3.

78 3083 189 3111 Matllz.
209 3083 237 3112 5.

74 3132 124 3151 22.

757 249 777 278 S
786 269 794 278 .
831 248 1018 278 JOANNIS
1053 246 1295 277 CHRYSOST.

308 233 394 291 148

298 328 404 365 bulco
418 328 604 381 imperanti
624 342 693 365 non
712 336 845 379 pareat,
858 341 921 364 nee
939 327 1014 377 ejus
1029 340 1154 363 vocem
1169 338 1277 376 agno-

297 398 384 437 scat,
401 389 516 426 omnia
534 396 692 440 pereunt.
714 388 804 424 Cum
833 386 919 437 ipsis
947 386 1076 423 ovibus
1096 385 1276 437 pascitur-3

295 449 357 487 sed
375 450 402 487 si
419 449 512 500 ipsas
536 461 618 486 oves
641 446 733 489 edat,
747 445 885 482 inutilis
908 454 958 483 est
976 454 1010 482 et
1026 445 1213 482 occiditur.
1237 444 1275 482 Si

293 508 458 546 didicerit
484 517 516 544 te
547 505 682 553 audire,
699 505 753 542 ale
776 519 926 543 canem:
946 505 1046 542 utilis
1075 515 1125 543 est
1154 514 1276 542 contra

292 569 409 620 lupos,
435 577 555 605 contra
584 566 750 614 latrones,
772 575 894 604 contra
925 567 1046 604 furum
1076 566 1274 618 principem

290 629 440 677 latrans,
457 642 526 665 non
545 636 665 665 contra
690 641 773 665 oves
794 641 906 678 neque
927 636 1047 665 contra
1065 626 1270 664 familiares.

289 689 328 726 Si
353 703 421 727 non
449 688 584 739 audiat,
605 689 724 727 omnia
751 688 870 740 perdit
892 704 900 725 τ
921 688 952 726 si
969 698 1190 726 contemnere
1219 688 1276 726 di-

287 758 373 796 scat,
391 750 509 787 omnia
523 749 738 802 pessumdat.
755 748 993 787 Mansuetudo
1011 763 1093 801 ergo
1108 749 1144 787 in
1156 758 1189 788 te
1204 763 1272 788 non

286 820 527 861 consumatur,
550 810 614 849 sed.
632 825 709 848 eam
723 810 899 849 custodiat
922 810 974 849 ira
994 820 1027 849 et
1045 812 1184 860 foveat3
1205 825 1269 849 cu-

285 870 415 908 stodiet
428 880 557 920 autem,
575 879 607 908 et
627 871 663 908 in
679 871 865 913 securitate
880 871 993 908 multa
1007 885 1148 923 pascere
1163 870 1266 917 sinet,

284 932 313 968 si
335 932 446 970 malas
461 947 660 985 pravasque
678 933 907 985 cogitationes
921 942 1117 984 consumat,
1141 934 1169 971 si
1190 933 1269 972 dia—

281 992 405 1031 bolum
424 994 581 1046 undique
596 1004 837 1047 persequatur.
858 996 917 1033 Sic
941 995 1172 1033 mansuetudo
1195 1010 1268 1033 ser-

280 1064 400 1105 vatur,
423 1070 506 1094 cum
522 1057 613 1094 nihil
635 1057 769 1094 malum
787 1056 832 1094 de
857 1057 1021 1108 proximo
1041 1057 1237 1107 cogitamus
1258 1073 1266 1093 z

280 1117 331 1153 sic
342 1118 561 1155 venerabiles
571 1118 760 1165 efficimur,
772 1118 917 1168 quando
929 1117 1154 1170 impudenter
1164 1132 1268 1169 agere

279 1191 348 1214 non
373 1178 556 1216 discimus.
577 1178 679 1215 Nihil
701 1179 793 1215 enim
814 1178 864 1216 ita
886 1178 1126 1230 impudentem
1149 1178 1266 1216 reddit

277 1246 317 1274 ut
342 1239 434 1275 mala
461 1238 685 1276 conscientia.
710 1239 782 1276 Cur
815 1239 1014 1276 meretrices
1040 1238 1265 1290 impudentes

278 1299 383 1335 sunt?
403 1313 465 1336 cur
482 1299 637 1351 virgines
650 1299 900 1351 pudibundae?
921 1313 1035 1337 nonne
1054 1300 1124 1337 illae
1147 1314 1166 1336 3
1183 1314 1264 1352 pec—

276 1368 368 1408 cato,
389 1360 444 1397 hae
462 1374 481 1397 a
506 1360 690 1398 castitate?
709 1360 808 1398 Nihil
834 1360 930 1397 enim
948 1360 997 1397 ita
1019 1360 1263 1412 impudentem

276 1420 404 1469 reddit,
419 1431 458 1459 ut
480 1431 678 1474 peecatum.
696 1423 773 1459 Imo
803 1431 937 1470 contra,
957 1422 1109 1473 inquies,
1133 1423 1169 1460 in
1193 1437 1262 1474 pu-

273 1481 396 1520 dorem
412 1483 536 1535 injicit.
553 1483 674 1522 Etiam
691 1493 782 1521 certe
795 1498 867 1521 sese
887 1484 1115 1522 damnantem
1122 1499 1132 1533 3
1151 1485 1262 1522 alium

273 1555 358 1580 vero
401 1544 703 1596 impudentiorem
724 1544 841 1582 reddit
860 1545 1132 1596 petulantiorem
1153 1561 1161 1581 :
1181 1560 1262 1583 nam

273 1604 396 1654 quide
411 1618 446 1642 sc
467 1605 644 1657 desperat,
660 1605 781 1642 audax
801 1605 967 1643 efficitur.
986 1608 1131 1657 Impius
1151 1607 1259 1655 enim,

274 1665 404 1717 inquit,
433 1682 518 1706 cum
538 1671 580 1705 in
606 1669 842 1721 proflmdum
865 1677 1110 1719 peccatorum.
1144 1683 1264 1707 vene-

275 1729 347 1773 rit,
385 1731 604 1766 contemnit.
643 1727 836 1780 Impudens
878 1742 961 1766 vcro
991 1729 1153 1780 petulans
1189 1730 1263 1767 fue-

273 1789 317 1826 rit
332 1805 342 1837 3
385 1790 547 1841 petulans
587 1799 706 1827 autem
749 1789 870 1827 audax
909 1799 975 1827 est.
1008 1791 1074 1829 Vis
1111 1791 1260 1841 discere,

273 1851 498 1900 quandonam
517 1851 749 1888 mansuetudo
768 1851 1020 1889 consumatur?
1042 1852 1134 1889 Cum
1160 1853 1262 1891 malae

273 1912 498 1963 cogitationes
508 1913 606 1949 illam
619 1912 840 1964 pertrahunt.
858 1912 925 1950 Sed
944 1912 1080 1950 etiamsi
1097 1913 1165 1951 hoc
1180 1928 1261 1951 con-

272 1973 489 2024 tingat,quia
506 1973 664 2011 nondum
679 1974 774 2011 canis
791 1982 859 2011 stat
873 1973 1026 2011 multum
1042 1974 1187 2023 latrans,
1199 1989 1260 2013 ne-

271 2048 339 2084 que
357 2035 406 2072 sic
425 2034 687 2087 desperandum
707 2043 772 2072 est.
791 2034 856 2072 Est
872 2034 1004 2087 quippe
1025 2035 1127 2072 nobis
1146 2035 1259 2073 funda

271 2104 304 2132 et
324 2096 439 2148 lapis(
458 2096 552 2134 scitis
568 2096 665 2146 quod
686 2096 766 2134 dico
781 2099 807 2145 ),
821 2105 872 2133 est
890 2096 993 2134 nohis
1013 2097 1130 2146 hasta,
1156 2098 1258 2135 caula

271 2165 304 2193 et
320 2157 515 2201 stabulum,
532 2157 568 2194 in
587 2171 656 2207 quo
669 2156 897 2207 cogitationes
914 2157 1042 2194 illaesas
1062 2172 1255 2195 servemus.
1269 2197 1315 2221 w

272 2217 310 2255 Si
331 2218 426 2255 canis
445 2218 610 2255 aduletur
629 2218 770 2267 ovibus,
790 2218 955 2267 furatque
975 2226 1008 2254 et
1026 2218 1151 2269 vigilet
1171 2233 1257 2256 con—
1281 2214 1315 2261 A*

271 2288 325 2316 tra
339 2288 518 2329 externos,
532 2280 607 2316 haec
622 2279 736 2316 virtus
748 2288 797 2316 est
814 2278 910 2316 canis
929 2294 935 2314 ε
953 2278 1035 2315 licet
1051 2279 1193 2324 esuriat,
1214 2294 1257 2316 116

273 2340 433 2377 comedat
447 2354 544 2389 oves,
565 2339 646 2377 licet
666 2349 763 2376 satur
782 2339 840 2383 sit,
856 2352 899 2375 ne
917 2348 1039 2390 parcat
1055 2339 1160 2390 lupis.
1179 2341 1253 2376 Ta-

270 2399 315 2437 lis
334 2409 367 2437 ct
387 2400 439 2437 ira
459 2400 504 2437 sit
525 2416 532 2436 :
553 2399 636 2437 licet
655 2399 869 2447 mordeatur,
885 2413 905 2436 a
924 2398 1193 2437 mansuetudine
1215 2414 1258 2437 ne

270 2460 429 2498 discedat
439 2476 449 2510 3
467 2461 546 2498 licet
557 2461 724 2511 quiescat,
732 2459 901 2497 adversus
910 2460 1023 2496 malas
1033 2460 1258 2511 cogitationes

271 2522 445 2559 excitetur
466 2537 472 2557 :
494 2535 534 2558 ac
551 2520 647 2571 quod
668 2535 773 2557 51111111
791 2528 856 2569 est,
872 2519 952 2557 licet
967 2529 1116 2572 pungat,
1132 2535 1175 2558 116
1197 2521 1257 2558 (16-

272 2592 374 2632 serat,
395 2583 457 2621 scd
475 2591 661 2634 agnoscat,
682 2581 779 2632 quod
807 2590 924 2618 autem
946 2582 1100 2620 alienum
1132 2592 1197 2633 est,
1214 2583 1257 2620 li-

273 2654 325 2682 cet
339 2645 516 2695 aduletur,
534 2643 745 2696 pessumdet.
763 2644 863 2694 Saepe
882 2642 1045 2680 diabolus
1071 2645 1170 2694 quasi
1200 2660 1257 2682 ca-

274 2706 326 2743 nis
355 2705 533 2753 adulatur,
553 2705 615 2742 sed
633 2704 743 2741 sciant
770 2717 889 2740 omnes
917 2703 1073 2741 alienum
1098 2719 1181 2742 esse.
1199 2706 1257 2743 Sic

274 2776 306 2804 et
323 2781 385 2805 nos
403 2767 544 2811 virtuti,
563 2766 627 2803 etsi
645 2766 791 2802 molesta
810 2765 867 2811 sit,
880 2763 1085 2812 adulcmur;
1103 2776 1135 2803 et
1153 2767 1256 2804 mali-

273 2829 372 2878 tiam,
390 2829 454 2866 etsi
476 2828 646 2875 laetificet,
669 2840 883 2864 aversemur.
904 2828 957 2864 Ne
975 2827 1085 2865 simus
1112 2828 1258 2866 canibus

272 2889 476 2937 deteriores,
497 2888 558 2939 qui
586 2887 755 2939 flagellati
782 2896 815 2924 et
847 2887 1038 2936 constricti,
1059 2903 1128 2926 non
1163 2890 1257 2927 absi·
1280 2903 1302 2932 Β

274 2960 381 2988 stunt.
394 2951 432 2989 Si
448 2951 528 2988 illos
545 2958 661 2986 autem
679 2956 802 3000 pascat
824 2947 973 2997 alienus,
989 2949 1166 2998 quomodo
1184 2965 1254 2988 non

274 3012 386 3063 magis
401 3011 599 3049 nocebunt?
613 3009 678 3046 Est
696 3007 885 3058 aliquando
903 3008 999 3045 utilis
1018 3008 1082 3058 ira,
1099 3010 1159 3047 sed
1173 3024 1254 3048 cum

272 3075 377 3112 latrat
405 3083 526 3112 contra
546 3073 691 3111 alienos.
716 3070 813 3117 Quid
829 3080 879 3108 cst
899 3071 1001 3120 illud,
1027 3073 1100 3122 Qui
1119 3076 1252 3111 irasci-

274 3138 471 3188 tur-fratri
494 3149 561 3173 suo
589 3137 751 3171 temere?
768 3131 812 3169 Id
829 3141 895 3182 est,
919 3133 972 3170 Ne
997 3133 1165 3171 ulciscere
1189 3149 1252 3173 nec

274 3197 416 3234 vindica
430 3197 585 3248 teipsum
603 3211 610 3231 :
628 3195 656 3231 si
674 3193 784 3231 alium
797 3201 1000 3245 pereuntem
1017 3193 1149 3243 videas,
1171 3210 1251 3247 por-

271 3257 346 3308 rige
367 3271 522 3294 manum.
543 3258 621 3294 Non
650 3255 716 3292 erit
745 3254 839 3291 ultra
863 3254 927 3303 ira,
948 3268 1029 3291 cum
1056 3269 1075 3291 a
1105 3257 1251 3307 proprio

312 3384 325 3398 a
341 3373 401 3404 Alii
416 3378 464 3406 καὶ
481 3377 604 3416 λιπαρὸν
619 3377 750 3405 ποιείτω.

312 3427 326 3449 ¹³
341 3424 403 3456 Alii
421 3427 537 3470 epam.
556 3428 610 3461 ἐρα
633 3433 690 3459 πῶς
708 3426 895 3455 ἀναλίσκεται
919 3427 1067 3455 ἐπιεῖκεια.

1334 246 1387 275 AR
1396 247 1539 275 CHIEP.
1577 248 1937 279 CONSTANTINOP.

1349 330 1410 363 τοῦ
1437 326 1555 376 νόμου.
1580 323 1683 380 Ἂνῆ
1709 329 1799 367 κύων
1820 333 1854 368 ἓν
1873 330 2003 381 ποίμνῃ
2030 330 2137 373 οὕτως
2166 330 2302 383 ἄγριος,
2320 333 2367 374 ὡς

1349 386 1396 436 μὴ
1413 387 1592 425 πείθεσθαι
1610 389 1862 440 προστάττοντι
1877 394 1926 443 τῷ
1944 391 2098 444 βουκόλῳ
2112 422 2121 439 ,
2151 392 2237 442 μηδὲ
2255 394 2367 442 ἐπιγι-

2253 453 2260 466 l
2297 454 2310 465 Ν
2334 453 2344 467 Ι

1347 447 1490 486 νώσκειν
1522 451 1623 487 αὐτοῦ
1642 449 1705 497 τὴν
1730 451 1859 502 φωνὴν,
1879 452 1994 489 πάντα
2018 452 2178 490 ἀπόλωλε
2206 469 2265 490 και
2292 467 2366 491 οιε-

1349 512 1509 562 φθαρται.
1525 510 1626 548 Μετὰ
1639 514 1707 548 τῶν
1723 512 1907 562 προὸάτων
1924 512 2064 563 νέμεται
2078 530 2086 537 ·
2108 515 2185 552 ἀλλ’
2206 513 2265 552 ἐὰν
2283 516 2366 552 ἀπο·

1346 569 1491 619 γεύηται
1519 574 1587 608 τῶν
1614 572 1813 624 προὸοίτων,
1847 572 2020 625 ἄχρηστός
2057 577 2130 612 ἐστι
2159 575 2217 612 καὶ
2249 591 2363 613 κατα-

1346 631 1546 682 σςροίττεται.
1565 633 1609 670 Εἰ
1627 631 1752 683 ἔμαθεν
1772 634 1908 672 ἀκούειν
1924 650 1984 672 σου
1999 663 2007 679 ,
2029 635 2152 686 θρέψον
2175 636 2233 673 τὸν
2258 636 2360 674 κύνα·

1343 692 1516 743 χρήσιμός
1534 695 1607 731 ἐστι
1632 693 1722 731 κατὰ
1739 697 1807 732 τῶν
1823 695 1951 740 λύκων,
1973 695 2064 733 κατὰ
2084 699 2152 732 τῶν
2173 700 2361 748 πειρατῶν,

1343 753 1434 791 κατὰ
1466 759 1525 792 τοῦ
1552 755 1752 808 λῃστάρχου
1782 757 1962 803 ὑλακτῶν,
1985 758 2022 795 οὐ
2054 755 2144 794 κατὰ
2177 757 2360 808 προὸἀτων

1341 814 1416 852 οὐῖὲ
1436 815 1527 853 κατὰ
1548 815 1698 854 οἰκείων.
1715 814 1775 854 Ἂν
1798 816 1846 866 μὴ
1865 816 1972 868 ἀκούῃ
1985 848 1995 864 ,
2014 817 2130 855 πάντα
2149 817 2335 869 διαφθείρει
2352 834 2360 842 ·

1340 875 1379 913 ἂν
1393 876 1486 927 μάθῃ
1504 883 1745 929 καταφρονεῖν,
1759 878 1874 915 πάντα
1890 877 2056 916 ἀπολλύει
2069 894 2076 902 ·
2093 879 2133 916 τὸ
2148 877 2261 916 τοίνυν
2275 880 2360 930 ἥμε-

1340 953 1395 989 ρον
1414 936 1451 974 τὸ
1467 940 1500 976 ἐν
1519 939 1572 975 σοὶ
1596 939 1644 988 μὴ
1668 939 1883 977 ἀναλισκέτω
1895 969 1904 986 ,
1932 939 2022 977 ἀλλὰ
2048 940 2248 991 φυλαττέτω
2264 944 2281 978 ὃ
2299 944 2360 978 θυ-

1340 999 1403 1048 μὸς
1422 1000 1507 1037 ιἹκαὶ
1531 1005 1607 1037 πῖον
1627 999 1786 1037 ποιείτω·
1808 1000 1948 1052 φυλάξει
1965 1000 1999 1038 δὲ
2013 1030 2022 1046 ,
2050 1001 2108 1038 καὶ
2130 1002 2164 1038 ἓν
2186 1002 2360 1054 ἀσφαλείᾳ

1335 1061 1448 1111 πολλῇ
1466 1061 1628 1111 νέμεσθαι
1652 1062 1889 1108 καταστήσει,
1929 1061 1968 1098 ἂν
1988 1061 2064 1103 τοὺς
2089 1060 2234 1115 μιαροὺς
2257 1064 2359 1113 λογι-

1337 1119 1445 1170 σμοὺς
1458 1121 1606 1166 καὶτοὺς
1621 1122 1790 1173 πονηροὺς
1804 1121 2056 1174 καταναλίσκῃ,
2069 1122 2108 1159 ἂν
2123 1122 2180 1160 τὸν
2197 1123 2357 1162 διάὲολον

1335 1180 1444 1231 διώκῃ
1462 1182 1692 1233 πανταχόθεν.
1709 1182 1833 1226 Οὕτως
1849 1182 2015 1221 ἐπιείκεια
2031 1183 2258 1231 διασώζεται,
2272 1184 2354 1222 ὅταν

1337 1243 1500 1293 μηδαμοῦ
1535 1246 1584 1294 τῷ
1614 1243 1760 1289 πλησίον
1790 1244 1896 1281 κακόν
1923 1260 1957 1281 τι
1984 1243 2202 1294 λογιζώμεθα
2218 1259 2226 1266 ·
2247 1244 2357 1287 οὕτως

1336 1303 1506 1354 αἰδέσιμοι
1523 1303 1706 1355 γινόμεθα,
1738 1304 1818 1342 ὅταν
1840 1304 1888 1355 μὴ
1911 1303 2137 1355 μανθάνωμεν
2161 1307 2354 1357 ἀναισχυν-

1334 1370 1414 1402 τεῖν.
1428 1364 1538 1402 Οὐδὲν
1551 1363 1617 1417 γὰρ
1629 1363 1736 1408 οὕτως
1753 1364 1978 1416 ἀναίσχυντον
1995 1370 2106 1411 ποιεῖ,
2132 1368 2178 1408 ὡς
2196 1367 2352 1417 πονηρὸν

1335 1425 1495 1469 συνειδός.
1513 1425 1579 1463 Διὰ
1599 1425 1633 1462 τί
1657 1428 1692 1463 αἱ
1710 1425 1834 1476 πόρναι
1856 1426 2076 1478 ἀναίσχυντοί
2094 1429 2178 1474 εἰσι,
2198 1426 2254 1464 διὰ
2268 1426 2301 1464 τί
2318 1429 2353 1464 αἱ

1333 1486 1495 1537 παρθένοι
1516 1487 1768 1538 αἷσχυντηλαί,
1784 1488 1844 1525 οὐκ
1855 1486 1923 1525 ἀπὸ
1938 1490 2000 1533 τῆς
2018 1487 2191 1539 ἁμαρτίας
2207 1490 2352 1534 ἐκεῖναι,

1333 1549 1395 1586 οὐκ
1426 1548 1493 1585 ἀπὸ
1524 1551 1586 1594 τῆς
1613 1547 1834 1600 σωφροσύνης
1855 1542 1980 1595 αὗται,
2001 1549 2112 1586 Οὐδὲν
2146 1548 2212 1600 γὰρ
2245 1548 2352 1592 οὕτως

1334 1609 1560 1662 ἀναίσχυντον
1580 1615 1690 1656 ποιεῖ,
1709 1613 1755 1652 ὡς
1772 1609 1938 1661 ἁμαρτία.
1961 1609 2029 1647 Καὶ
2048 1609 2114 1660 μὴν
2141 1609 2352 1658 τούναντίον,

1333 1672 1437 1724 φησὶ,
1460 1671 1741 1723 καταναισλύνει.
1771 1671 1842 1709 Ναὶ
1870 1670 1928 1708 τὸν
1959 1670 2175 1721 καταγνόντα
2204 1674 2349 1717 ἑαυτοῦ,

1332 1733 1389 1772 τὸν
1411 1734 1445 1771 δὲ
1469 1733 1805 1785 ἀπηρυθριασμένον,
1834 1733 1894 1771 καὶ
1915 1731 2127 1785 ἰταμώτερον
2150 1733 2350 1784 ἐργάζεται·

1330 1797 1347 1832 ὃ
1367 1794 1433 1847 γὰρ
1451 1794 1619 1846 ἀπογνοὺς
1634 1797 1756 1832 ἑαυτοῦ
1770 1825 1778 1838 ,
1799 1793 1924 1845 θρασὺς
1942 1793 2085 1844 γίνεται.
2106 1792 2249 1840 Ἀσεέῗὴς
2267 1793 2350 1844 γὰρ,

1331 1855 1445 1906 φησὶν,
1479 1854 1584 1893 ἐλθὼν
1620 1857 1666 1897 εἷς
1700 1854 1801 1905 βάθος
1831 1858 1962 1901 κακῶν,
1993 1860 2214 1906 καταφρονεῖ.
2235 1854 2279 1892 cO
2314 1853 2350 1892 δὲ

1330 1915 1576 1967 ἀναίσχυντος,
1597 1915 1656 1953 καὶ
1690 1915 1810 1965 ἰταμὸς
1842 1914 1880 1952 ἂν
1911 1915 1984 1960 εἴη·
2012 1918 2029 1952 ὃ
2062 1917 2096 1953 δὲ
2130 1914 2350 1964 ἷταμὸς,καὶ

1327 1976 1489 2028 Ῐ’θρασύς
1510 1977 1630 2015 Βούλει
1660 1980 1780 2026 μαθεῖν
1799 1975 1883 2013 πότε
1913 1975 2136 2013 ἀναλίσκεται
2157 1975 2348 2024 ἐπιείκεια,

1325 2037 1439 2076 “Onu
1461 2038 1603 2089 πονηροὶ
1624 2038 1785 2090 λογισμοὶ
1804 2037 1909 2084 αὐτὴν
1934 2039 2185 2087 διαμασῶνται.
2206 2037 2297 2076 Ἀλλ’
2318 2041 2346 2076 εἷ

1326 2100 1385 2138 καὶ
1400 2103 1500 2138 τοῦτο
1519 2099 1702 2150 συμὲαίνει
1717 2129 1725 2146 ,
1742 2098 1795 2137 ὅτι
1813 2098 1860 2149 μὴ
1875 2102 1892 2136 ὁ
1908 2097 1998 2136 κύων
2013 2098 2140 2145 ἕστηκε
2159 2098 2248 2150 μέγα
2264 2101 2348 2137 ὑλα-

1326 2163 1429 2207 κτῶν,
1448 2160 1521 2198 οῧῗὲ
1540 2159 1644 2203 οὕτως
1673 2158 1925 2210 ἀπογινώσκειν
1945 2159 2031 2211 χρή.
2051 2159 2156 2198 'Eo-m
2172 2159 2239 2211 γὰρ
2261 2163 2346 2210 ἡμῖν

1326 2222 1385 2259 καὶ
1411 2221 1575 2273 σφενδόνῃ
1613 2221 1672 2258 καὶ
1697 2220 1790 2263 λίθος
1811 2220 1910 2268 (ἴστε
1939 2222 1978 2259 τὸ
2003 2219 2222 2272 λεγόμενον),
2253 2221 2346 2258 ἔστιν

1325 2285 1407 2331 ἡμῖν
1425 2281 1484 2320 καὶ
1504 2281 1582 2333 &opo
1597 2311 1605 2327 ,
1623 2281 1682 2318 καὶ
1703 2281 1837 2332 μοίνόρα
1850 2310 1858 2326 ,
1876 2281 1934 2318 καὶ
1954 2282 2076 2327 σηκὸς,
2096 2284 2129 2319 ἐν
2149 2277 2177 2334 ᾧ
2197 2280 2345 2334 φυλάξο-

1327 2359 1387 2392 μεν
1401 2342 1476 2385 τοὺς
1495 2341 1680 2392 λογισμοὺς
1703 2344 1843 2383 ἀσινεῖς.
1865 2340 1925 2378 Ἂν
1945 2345 1961 2379 ὁ
1981 2341 2072 2378 κύων
2097 2342 2195 2393 σαίνῃ
2221 2343 2281 2392 μὲν
2302 2341 2346 2379 τὰ

1326 2403 1507 2455 πρόέατα,
1530 2403 1688 2455 ἀγριαίνῃ
1715 2401 1749 2440 δὲ
1776 2401 1866 2439 κατὰ
1895 2404 1963 2439 τῶν
1992 2401 2057 2445 ἔξω
2079 2402 2138 2439 καὶ
2165 2404 2344 2455 ἀγρυπνῇ,

1327 2469 1426 2502 τοῧτο
1455 2464 1559 2517 ἀρετὴ
1579 2463 1678 2506 κυνός
1693 2478 1700 2485 ·
1717 2463 1781 2500 κᾶν
1807 2462 1966 2514 λιμώττῃ
1986 2493 1994 2509 ,
2019 2462 2066 2512 μὴ
2094 2463 2254 2514 γεύεσθαι
2277 2468 2344 2502 τῶν

1328 2525 1530 2578 vogairo»)-
1563 2525 1625 2562 κᾶν
1660 2527 1693 2562 ἓν
1725 2526 1910 2576 πλησμονῇ
1932 2519 1974 2575 ἦ,
1999 2523 2046 2574 μὴ
2074 2525 2248 2577 φείδεσθαι
2277 2529 2344 2563 τῶν

1326 2587 1451 2624 λύκων.
1471 2589 1634 2624 Τοιοῦτον
1651 2585 1709 2623 καὶ
1728 2590 1744 2624 ὃ
1760 2585 1864 2634 θυμός
1880 2601 1886 2608 ·
1901 2585 1962 2623 κᾶν
1982 2585 2167 2633 δοίκνηται,
2187 2588 2248 2631 τ’ῆς
2268 2588 2346 2624 ἔπι-

1328 2647 1454 2690 εικείας
1474 2647 1522 2697 μὴ
1547 2647 1777 2699 ἀφίστασθαι·
1797 2646 1860 2684 κᾶν
1893 2649 1925 2684 ἐν
1948 2647 2077 2698 ἡσυχία
2105 2642 2146 2698 ᾗ,
2178 2648 2344 2699 διεγείρε-

1329 2712 1406 2745 σθαι
1419 2709 1503 2760 πρὸς
1517 2708 1594 2751 τοὺς
1608 2723 1694 2752 πονη
1702 2706 1776 2761 ροὺς
1790 2706 1977 2758 λογισμούς
1990 2723 1996 2730 ·
2014 2708 2073 2745 καὶ
2088 2707 2126 2744 τὸ
2143 2708 2204 2758 μὲν
2221 2711 2344 2746 οἰκεῖον

1327 2769 1385 2807 καὶ
1419 2772 1571 2816 πλῆττον
1601 2768 1647 2819 μὴ
1669 2768 1959 2817 καταλιμπάνειν,
1991 2769 2065 2805 ἀλλ’
2090 2768 2342 2819 ἐπιγινώσκειν,

1327 2831 1365 2868 τὸ
1399 2830 1436 2867 δὲ
1470 2829 1647 2882 ἀλλότριον
1679 2829 1738 2867 καὶ
1771 2835 1885 2867 σαῖνον
1909 2828 2147 2878 λυμαίνεσθαι.
2177 2829 2295 2867 Σαίνει
2325 2833 2343 2867 ὁ

1327 2892 1485 2935 διοίὲολος
1500 2890 1667 2934 πολλάκις
1682 2892 1728 2932 ὡς
1747 2893 1765 2928 ὁ
1782 2893 1796 2909 ²²
1811 2888 1914 2936 κύων,
1935 2889 2025 2926 ἀλλὰ
2040 2889 2161 2939 γνώτω
2180 2896 2248 2933 πᾶς
2262 2920 2271 2938 ,
2288 2890 2341 2928 ὅτι

1325 2952 1502 3005 ἀλλότριός
1523 2954 1626 2989 ἐστιν.
1647 2949 1751 2988 Οὕτω
1771 2948 1812 2995 δὴ
1830 2948 1889 2986 καὶ
1907 2952 2008 2998 ἡμεῖς
2032 2948 2095 2995 τὴν
2116 2951 2253 3001 ἀρετὴν,
2279 2950 2343 2988 κᾶν

1324 3015 1415 3064 λυπῇ
1430 3045 1438 3060 ,
1468 3014 1658 3063 σαίνωμεν’
1694 3010 1753 3049 καὶ
1789 3010 1851 3057 τὴν
1884 3010 2021 3054 κακίαν,
2058 3010 2120 3048 κᾶν
2152 3013 2316 3064 εὐφραίνῃ
2330 3042 2339 3058 ,

1325 3072 1632 3125 ἀποστρεφώμεθα,
1653 3071 1713 3117 Μὴ
1733 3070 1912 3120 γενώμεθα
1928 3070 2061 3121 χείρους
2082 3075 2149 3108 τῶν
2165 3075 2288 3120 κυνῶν,
2309 3073 2341 3110 οἳ

1324 3135 1568 3186 μαστιζόμενοι
1597 3133 1655 3171 καὶ
1686 3131 1873 3185 ἀγχόμενοι
1893 3134 1952 3168 οὐκ
1981 3131 2199 3183 ἀφίστανται.
2219 3132 2278 3170 Ἂν
2303 3132 2338 3171 δὲ

1324 3196 1444 3239 αὐτοὺς
1469 3196 1527 3233 καὶ
1545 3194 1651 3245 τρέφῃ
1672 3192 1716 3231 ¹³5
1734 3191 1928 3244 ἀλλότριος,
1945 3194 2018 3235 πῶς
2038 3194 2074 3230 οὗ
2096 3194 2226 3243 μᾶλλον
2254 3194 2339 3245 βλά-

1322 3259 1463 3308 ψουσιν,
1482 3255 1605 3294 ’Ἔστιν
1625 3255 1681 3292 ὅτε
1697 3254 1868 3305 χρήσιμος
1886 3255 1903 3290 ὁ
1920 3252 2023 3303 θυμὸς
2035 3284 2045 3301 ,
2060 3255 2137 3291 ἀλλ’
2156 3253 2235 3292 ὅταν
2255 3255 2339 3291 ὑλα-

1378 3383 1391 3397 ³
1408 3372 1468 3404 Alii
1484 3377 1497 3406 ὁ
1519 3375 1592 3405 ziz-m
1609 3375 1716 3405 εἴδεται
1731 3376 1776 3404 ὅτι
1792 3374 1960 3414 ἀλλότριος.

1379 3426 1394 3448 l,
1410 3429 1583 3467 ἀλλότρεος,
1600 3429 1647 3458 καὶ
1666 3426 1740 3456 οὕτω
1756 3426 1939 3466 βλάπτουσι,
1957 3423 2002 3454 Sic
2019 3421 2084 3456 alii.
