2466 3805
675 216 717 244 IN
761 214 875 244 ACTA

61 300 265 354 πράγματός
288 314 376 341 τινος
403 298 605 351 ἀδιαφόρου.
632 293 720 337 Εἶτα
740 299 844 337 πάλιν
865 298 920 336 ἵνα
950 297 998 348 μὴ
1031 297 1078 334 εἴ·

58 378 152 400 πωσι
165 392 174 408 ,
193 359 283 398 διατί
298 358 452 412 ἐπαίρεις
471 359 511 396 τὸ
530 365 698 411 πρᾶγμα,
717 359 788 402 Οὓς
810 362 827 396 ὃ
842 358 994 411 Πατὴρ,
1016 373 1081 410 φη-

55 423 120 470 σὶν,
149 421 242 459 ἔθετο
263 422 297 458 ἐν
328 424 369 470 τῇ
397 419 467 471 ἰδία
495 418 646 471 ἐξουσία.Ι
669 420 736 457 Καὶ
758 420 827 470 μὴν
852 419 916 470 μία
936 417 1079 471 Πατρὸς

22 485 29 490 ”
58 483 117 521 καὶ
137 485 240 520 αὐτοῦ
258 480 394 526 ἐξουσία
408 511 418 528 ,
436 483 483 524 ὡς
499 481 579 518 ὅταν
601 480 685 532 λέγῃ
699 497 706 504 ·
722 480 861 532 (Ὠσπερ
883 480 950 533 γὰρ
969 483 986 518 ὃ
1000 481 1082 517 Πα-

57 543 122 595 τὴρ
143 543 267 595 ἐγείρει
286 541 364 585 τοὺς
390 540 532 592 νεκροὺς
560 541 618 578 καὶ
649 543 830 589 ζωοποιεῖ,
851 540 941 579 οὕτω
972 539 1031 578 καὶ
1063 542 1081 576 ὃ

60 604 141 647 Υἱὸς
164 603 220 647 οὒς
244 603 334 641 θέλει
373 604 546 646 ζωοποιεῖ.
584 604 628 640 Εἰ
663 602 743 640 ἔνθα
774 602 986 653 ἐργάσασθαι
1008 602 1081 649 δεῖ,

61 664 148 714 μετὰ
164 667 226 710 τῆς
245 666 350 709 αὖτῆς
370 665 461 714 αὐτῷ
483 662 501 681 *
513 663 660 715 πράττει
679 661 844 706 ἐξουσίας·
862 661 942 700 ἔνθα
956 661 1082 699 εἰδέναι

60 724 152 778 χρὴ,
176 724 254 776 οὐχὶ
275 723 365 775 μετὰ
380 727 442 770 τῆς
471 724 576 769 αὐτ-ἦς
608 717 695 760 οἶδεν
719 722 891 769 ἐξουσίας,
911 722 982 760 Καὶ
1012 720 1081 771 μὴν

60 791 119 823 τοῦ
140 790 261 835 μαθεῖν
281 784 343 831 τὴν
360 784 493 835 ἡμέραν
510 785 628 834 πολλῷ
649 784 764 832 μεῖζον
780 782 818 819 τὸ
835 780 976 833 νεκροὺς
995 780 1081 831 ἐγεί-

63 862 143 898 ρειν.
161 847 204 883 Εἰ
225 845 262 882 τὸ
280 847 393 893 μεῖζον
410 845 485 893 μετ’
505 842 656 886 ἐξουσίας
675 846 784 889 ποιεῖ,
803 842 840 879 οὗ
858 842 977 894 πολλῷ
993 842 1080 891 μᾶλ-

60 910 117 945 λον
139 907 177 944 τὸ
198 906 253 943 ἕτε
259 920 328 957 ρον,

112 1159 200 1198 Ἀλλ’
221 1158 277 1196 ἵνα
297 1157 442 1209 μάθητε,
459 1158 516 1196 ἐπὶ
536 1156 790 1209 ὃποδείγματος
816 1156 954 1203 ποιήσω
980 1160 1079 1195 τοῦτο

57 1221 212 1273 φανερόν.
230 1220 367 1271 (Ὠσπερ
385 1219 465 1257 ὅταν
483 1219 609 1270 ἴδωμεν
627 1218 763 1257 παιδίον
782 1217 1057 1268 ἀποκλαιόμενον
1070 1247 1079 1264 ,

56 1280 115 1319 καὶ
135 1283 289 1331 συνεχῶς
326 1279 532 1331 βουλόμενόν
561 1295 595 1317 τι
627 1279 747 1317 λαὸεῖν
776 1281 858 1330 παρ’
893 1281 993 1329 ἡμῶν
1019 1281 1080 1317 οὐκ

55 1345 241 1394 ἀναγκαῖον
270 1344 362 1393 αὐτῷ
375 1372 384 1388 ,
401 1342 532 1392 μᾶλλον
563 1339 837 1392 ἀποκρύψαντες,
857 1340 988 1392 γυμνὰς
1010 1340 1081 1379 δεί-

56 1419 184 1453 κνυμεν
200 1402 262 1445 τὰς
287 1408 425 1454 χεῖρας,
439 1401 597 1451 λέγοντες
611 1400 706 1449 ,ἰδοὺ
727 1401 790 1438 οὐκ
819 1400 944 1453 ἔχομεν
960 1415 968 1424 ·
991 1401 1080 1439 οὕτω

56 1464 115 1502 καὶ
136 1463 236 1506 αὐτὸς
255 1469 325 1505 τοῖς
347 1462 553 1505 ἀποστόλοις
565 1461 770 1509 πεποίηκεν.
793 1461 884 1500 Ἀλλ’
906 1461 1025 1514 ὥσπερ
1042 1462 1080 1500 τὸ

56 1523 193 1562 παιδίον
226 1526 356 1570 ἐκεῖνο,
379 1523 439 1561 καὶ
471 1522 520 1574 μὴ
543 1521 746 1561 δεικνύντων
776 1525 876 1573 ἡμῶν
907 1522 1079 1561 ἐπίκειται

54 1587 184 1632 κλαῖον,
205 1585 291 1627 εἷδὸς
309 1584 361 1622 ὅτι
382 1583 609 1631 ἐξηπάτηται·
630 1577 704 1622 εἶτα
715 1584 857 1635 ἀφέντες
871 1584 1002 1635 ἄπιμεν
1021 1585 1080 1623 λέ·-

53 1661 169 1696 γοντες
183 1661 190 1668 ·
206 1647 306 1683 καλεῖ
325 1661 369 1696 με
384 1649 402 1683 ὃ
418 1646 530 1690 δεῖνα,
550 1646 608 1683 καὶ
628 1644 744 1698 ἔτερόν
762 1661 795 1682 τι
817 1646 889 1683 ἀντ’
910 1648 1014 1683 αὐτοῦ
1029 1647 1080 1683 δι·

55 1707 192 1757 δόαμεν,
216 1705 418 1757 βουλόμενοι
434 1706 516 1745 αὐτὸ
532 1707 725 1759 ἀπαγαγεῖν
745 1710 808 1753 τῆς
823 1707 1078 1759 προαιρέσεως,

54 1767 112 1805 καὶ
133 1767 363 1818 θαυμάζοντες
384 1768 494 1805 ἐκεῖνο
514 1767 589 1805 ἀντὶ
616 1767 737 1806 τούτου
750 1797 759 1815 ,
781 1768 841 1806 καὶ
861 1768 974 1812 δόντες
994 1771 1080 1808 ἀπο-

53 1829 241 1879 πηδῶμεν·
262 1828 352 1866 οὕτω
372 1828 431 1867 καὶ
473 1831 490 1866 ὃ
523 1828 673 1882 Χριστὸς
699 1829 875 1876 ἐποίησεν.
907 1830 1078 1876 Ἐζήτουν

54 1891 178 1927 ἐκεῖνοι
209 1889 352 1928 λαὸεῖν·
372 1889 413 1909 **
426 1888 489 1941 ἔφη
526 1883 623 1933 οῧτος
655 1889 703 1940 μὴ
731 1889 838 1941 ἔχειν.
861 1890 989 1940 εὈμως
1018 1891 1078 1928 καὶ

53 1950 190 2001 πρῶτον
212 1948 399 2001 ἐφόὸησεν·
421 1948 496 1986 ἐπεὶ
519 1948 553 1985 δὲ
574 1948 681 1987 πάλιν
707 1949 861 1996 ἐζήτουν,
883 1949 946 2001 ἔφη
973 1950 1078 1987 πάλιν

55 2007 104 2058 μὴ
125 2008 228 2060 ἔχειν.
250 2008 349 2055 Πλὴν
370 2011 408 2045 οὐ
444 2009 543 2059 φοὸεῖ
575 2014 644 2054 νῦν,
674 2007 765 2047 ἀλλὰ
797 2009 884 2059 μετὰ
903 2010 942 2048 τὸ
971 2010 1078 2054 δεῖξαι

53 2074 154 2107 τοῦτο
173 2069 191 2106 ὃ
214 2069 404 2116 πεποίηκε,
424 2069 519 2120 λέγει
552 2069 611 2107 καὶ
643 2069 866 2120 εὐπρόσωπον
899 2071 1077 2122 ἀφορμήν·

53 2129 106 2167 ὅτι
126 2129 171 2167 ‘O
200 2129 325 2181 Πατὴρ
353 2129 448 2167 ἔθετο
478 2132 514 2167 ἐν
533 2134 576 2181 τῇ
601 2130 670 2181 ἰδίᾳ
699 2130 846 2182 ἐξουσίᾳ.
865 2130 913 2169 Τί
943 2127 1017 2181 οὖν,
1036 2132 1077 2170 σὺ

52 2193 113 2228 οὐκ
131 2185 224 2234 οἶδας
242 2189 285 2227 τὰ
303 2196 363 2228 τοῦ
392 2190 531 2243 Πατρός
538 2207 547 2239 3
569 2192 646 2229 ἀλλ’
664 2191 764 2228 αὐτὸν
797 2190 858 2241 μὲν
877 2192 1078 2244 γινώσκεις,

52 2251 150 2290 τὰδὲ
179 2254 281 2289 αὐτοῦ
313 2249 448 2298 οὐκέτι,
470 2252 580 2295 Αὐτὸς
609 2246 727 2295 εἶπας·
758 2252 881 2296 Οὐδεὶς
911 2253 1078 2304 γινώσκει

50 2311 107 2349 τὸν
128 2311 292 2365 Πατέρα,
315 2313 343 2348 εἷ
373 2311 422 2361 μὴ
452 2315 469 2350 ὃ
504 2312 605 2356 Υἱός·
638 2313 718 2360 καὶ,
748 2314 800 2352 Τὸ
834 2314 896 2364 μὲν
928 2316 1077 2367 Πνεῦμα

49 2373 165 2411 πάντα
196 2375 335 2425 ἐρευνᾷ,
356 2373 414 2411 καὶ
443 2372 487 2411 τὰ
517 2373 605 2425 βάθη
635 2379 695 2413 τοῦ
728 2377 839 2414 Θεοῦ·
858 2375 899 2414 σὺ
933 2376 969 2415 δὲ
999 2377 1076 2416 οὐδὲ

48 2438 148 2472 τοῦτο
183 2428 292 2481 οἶδας,
329 2433 472 2486 Ἄπαγε.
504 2436 584 2487 Οὐχ
621 2435 678 2474 ἵνα
713 2441 812 2475 τοῦτο
850 2438 1076 2477 ὑποπτεύσω-

51 2509 126 2544 μεν,
145 2498 246 2533 τοῦτο
273 2494 429 2548 εἴρηκεν·
456 2496 532 2534 ἀλλ’
566 2499 700 2548 ἀγνοεῖν
729 2506 995 2550 προσποιεῖται,
1015 2504 1076 2548 τῆς

50 2554 196 2607 ἀκαίρου
216 2555 394 2602 ζητήσεως
421 2555 564 2609 ἀπάγων
595 2556 728 2601 αὐτούς.
749 2558 997 2610 Ἐφοὸήθησαν
1017 2556 1074 2601 οῧν

50 2618 225 2667 ἓρωτῆσαι
245 2617 363 2663 πάλιν,
384 2616 441 2654 ἵνα
469 2617 516 2667 μὴ
544 2617 736 2657 ἀκούσωσι·
756 2619 824 2657 Καὶ
845 2624 943 2671 ὑμεῖς
958 2622 1077 2661 ἀσύνε-

49 2676 104 2714 τοί
125 2679 219 2725 ἐστε,
238 2679 367 2730 Πολλῷ
386 2678 455 2732 γὰρ
484 2680 614 2730 μᾶλλον
647 2680 747 2719 αὐτὸν
768 2681 952 2733 ἐφοὸοῧντο
980 2687 1074 2732 ενῦν,

49 2738 71 2785 ἢ
91 2737 131 2776 τὸ
146 2739 329 2791 πρότερον.
349 2739 455 2777 Ἀλλὰ
473 2740 625 2793 λήψεσθε
642 2740 784 2792 δύναμιν
801 2743 1001 2788 ἐπελθόντος
1015 2750 1075 2783 τοῦ

52 2799 149 2851 ἁγίου
172 2801 377 2851 Πνεύματος
394 2802 445 2852 ἐφ’
465 2803 567 2850 ὑμᾶς.
583 2800 721 2855 Ἱὶσπερ
736 2802 804 2854 γὰρ
833 2804 904 2841 ἐκεῖ
924 2806 961 2842 οὐ
990 2807 1075 2857 πρὸς

52 2860 74 2898 ἃ
89 2859 276 2912 ἠρώτησαν
297 2861 507 2912 ἀπεκρίνατο
524 2862 755 2910 (διδασκάλου
769 2863 837 2916 γὰρ
863 2865 967 2904 τοῦτό
979 2868 1054 2906 ἐστι
1065 2898 1075 2915 ,

53 2920 101 2971 μὴ
117 2919 133 2940 ‘¹
148 2920 169 2958 ἃ
191 2920 352 2972 βούλεται
372 2925 390 2959 ὃ
410 2922 589 2973 μαθητὴς,
609 2923 687 2961 ἀλλ’
709 2923 731 2961 ἃ
751 2924 918 2979 συμφέρει
940 2931 1073 2978 μαθεῖν,

52 2981 264 3031 διδάσκειν)·
285 2981 375 3020 οὕτω
401 2983 460 3021 καὶ
486 2988 556 3031 νῦν,
580 2983 601 3021 ἃ
626 2984 695 3022 ἔδει
729 2990 849 3035 μαθεῖν
884 2986 941 3025 διὰ
973 2992 1075 3027 τοῦτο

50 3044 231 3095 προλέγει,
269 3042 326 3081 ἵνα
362 3043 411 3093 μὴ
446 3048 682 3096 ταραχθῶσιν.
717 3044 805 3098 Ἄρα
839 3046 890 3085 ἔτι
925 3051 1077 3093 ἀσθενεῖς

50 3098 277 3151 ἦσαν.“Ωστε
306 3104 341 3142 δὲ
369 3106 690 3157 παρρησιάζεσθαι,
716 3108 842 3160 ἐπῆρεν
876 3112 989 3148 αὐτῶν
1015 3112 1077 3155 τὰς

914 210 1242 242 APOSTOLORUM
1279 208 1417 240 llOMtL
1427 230 1434 239 .

1102 1838 1125 1867 D

1473 210 1520 240 ll.
2084 214 2137 258 ῖς)

1156 294 1321 346 Virginis
1342 303 1441 332 utero
1461 293 1647 346 prodierit,
1668 302 1772 344 atque
1792 307 1873 331 cum
1892 307 1993 332 carne
2008 294 2052 331 ab
2067 294 2138 332 ho—

1154 355 1313 392 minibus
1336 355 1435 396 visus
1462 354 1534 392 sit?
1562 368 1677 392 annon
1708 354 1776 391 hoc
1811 355 2056 406 postremum?
2086 356 2140 392 Ita

1155 425 1247 454 certe
1259 415 1421 454 dicturus
1433 430 1483 454 es.
1501 417 1639 457 Verum
1653 414 1764 468 pudet
1780 429 1836 453 me
1858 416 1925 452 hac
1939 415 1984 453 de
1998 430 2036 453 re
2050 429 2141 467 saepe

1153 476 1266 527 loqui,
1281 477 1381 527 quasi
1400 476 1444 514 de
1458 477 1597 528 negotio
1612 476 1781 529 quopiam
1800 475 2035 514 indifferente.
2048 477 2141 513 Rur—

1156 550 1215 574 sus
1244 550 1287 574 ue
1309 537 1478 586 dicerent,
1508 538 1580 575 Cur
1609 552 1685 575 rem
1714 537 1926 589 suspendis?
1956 537 2026 587 ait,
2050 538 2142 587 Quae

1154 599 1406 649 Paterposuit
1421 599 1463 635 in
1475 612 1548 636 sua
1557 607 1757 650 potestate.
1770 599 1878 649 Atqui
1889 612 1958 636 una
1969 607 2019 636 est
2026 598 2142 636 Patris

1155 667 1188 694 et
1208 658 1292 694 Filii
1307 667 1475 709 potestas,
1493 668 1533 695 ut
1551 674 1631 697 cum
1645 659 1733 697 dicit
1752 675 1760 695 :
1776 660 1883 698 Sicut
1897 662 2000 696 enim
2019 661 2142 697 Pater
2154 671 2336 703 J0a11.5‘.21.

1155 725 1325 754 mortuos
1344 720 1506 755 suscitat
1521 727 1558 755 et
1576 720 1768 770 vivificat,
1779 723 1836 757 ita
1852 729 1887 757 et
1898 721 2026 758 Filius
2046 734 2140 773 quos·

1155 778 1245 814 vult
1271 778 1464 829 vivificat.
1488 778 1527 815 Si
1551 793 1633 816 cum
1651 780 1789 831 operari
1813 790 1964 832 oportet,
1984 795 2065 819 cum
2084 796 2142 820 ea-

1153 839 1237 877 dem
1271 840 1344 891 agit
1368 849 1553 891 potestate,
1576 856 1692 879 annon
1725 858 1807 880 cum
1836 845 1926 881 scire
1955 846 2142 897 quidpiam

1153 909 1306 952 oportet,
1325 914 1407 937 cum
1422 901 1546 938 eadem
1565 903 1630 939 scit
1648 904 1842 954 potestate?
1862 907 2024 942 Attamen
2040 906 2143 956 longe

1153 962 1268 1013 majus
1299 971 1350 999 est
1378 971 1537 1000 mortuos
1572 965 1763 1015 suscitare,
1793 980 1901 1016 quam
1929 966 2018 1004 scire
2041 967 2142 1004 illam

1153 1022 1262 1060 diem.
1283 1023 1391 1071 Quod
1414 1023 1443 1061 si
1468 1023 1520 1072 id,
1536 1025 1634 1075 quod
1653 1027 1770 1078 majus
1786 1036 1850 1077 est,
1874 1041 1955 1065 cum
1972 1037 2143 1080 potestate

1153 1084 1252 1135 facit,
1269 1099 1385 1123 annon
1405 1086 1518 1123 multo
1531 1087 1645 1137 magis
1664 1087 1766 1125 faciet
1784 1097 1817 1125 et
1833 1089 2011 1126 alterum?

1206 1149 1242 1184 Q.
1264 1148 1403 1187 Verum
1417 1156 1456 1185 ut
1476 1161 1552 1184 rem
1568 1147 1724 1197 discatis,
1741 1150 1905 1202 exemplo
1921 1150 2024 1189 vohis
2044 1150 2143 1188 illam

1152 1207 1354 1247 declarabo.
1380 1209 1480 1247 Sicut
1502 1223 1584 1247 cum
1611 1210 1782 1249 infantem
1801 1212 1966 1251 videmus
1994 1213 2140 1265 ploran-

1152 1279 1238 1319 tem,
1259 1284 1300 1307 ac
1319 1283 1410 1322 saepe
1428 1269 1614 1322 quidpiam
1633 1286 1653 1309 a
1678 1272 1781 1310 nobis
1795 1283 1971 1325 petentem
1988 1274 2055 1312 sibi
2073 1288 2143 1312 non
2194 1321 2197 1324 Δ

1152 1331 1402 1382 necessarium,
1422 1331 1460 1369 id
1475 1333 1927 1385 occultamus,,vacuasque
1948 1335 2000 1373 illi
2017 1348 2144 1373 manus

1153 1393 1385 1443 ostendimus,
1408 1393 1563 1432 dicentes
1578 1425 1589 1444 ,
1605 1395 1697 1433 Ecce
1726 1410 1796 1434 non
1823 1397 2014 1436 habemus:
2036 1398 2085 1435 ita
2111 1406 2145 1435 ct

1152 1455 1228 1507 ipse
1255 1455 1424 1506 apostolis
1457 1456 1550 1493 fecit.
1573 1458 1711 1496 Verum
1740 1467 1780 1495 ut
1801 1458 1915 1496 infans
1937 1459 2019 1508 ille,
2042 1460 2071 1497 si
2092 1459 2144 1496 ni-

1152 1515 1208 1553 hil
1228 1515 1469 1566 ostendamus,
1495 1517 1603 1555 instat
1632 1518 1821 1570 plorando,
1845 1534 1881 1558 se
1904 1520 2070 1559 delusum
2090 1520 2145 1559 vi-

1153 1577 1252 1627 dens,
1273 1592 1406 1629 nosque
1419 1578 1637 1617 discedimus
1655 1580 1810 1619 dicentes
1823 1597 1830 1618 :
1844 1584 1959 1620 Vocat
1975 1597 2031 1620 me
2047 1582 2145 1634 quis-

1152 1639 1307 1691 piam,et
1323 1640 1398 1691 ejus
1414 1640 1510 1690 quod
1523 1641 1664 1692 petebat
1680 1642 1876 1692 loco,aliud
1890 1643 2078 1696 quidpiam
2092 1643 2145 1682 illi

1152 1700 1294 1751 damus,
1310 1709 1348 1738 ut
1381 1714 1462 1738 eum
1488 1715 1507 1738 a
1532 1701 1594 1739 tali
1617 1701 1794 1741 desiderio
1818 1718 2017 1754 avocemus,
2027 1714 2058 1742 et
2074 1705 2146 1742 lau-

1151 1761 1276 1799 dantes
1297 1761 1331 1799 id
1349 1761 1447 1812 quod
1464 1761 1591 1800 damus
1606 1777 1680 1815 prae
1707 1778 1743 1802 re
1762 1765 1926 1815 quaesita,
1943 1765 2062 1803 statim
2084 1780 2146 1804 nos

1153 1822 1390 1860 subducimus
1409 1838 1416 1859 :
1438 1823 1488 1861 sic
1506 1823 1589 1861 fecit
1607 1824 1850 1863 Christus.llli
1874 1826 2033 1879 accipere
2052 1841 2146 1878 quae-

1152 1883 1215 1921 reb
1225 1883 1371 1932 ant3l1ie
1381 1897 1416 1920 se
1426 1883 1557 1921 habere
1569 1885 1724 1936 negavit.
1735 1888 1898 1924 Attamen
1906 1888 2022 1939 primo
2032 1888 2145 1926 deter-

1151 1944 1224 1981 ruit
1230 1959 1241 1993 ;
1255 1953 1291 1981 at
1302 1944 1387 1994 quia
1401 1959 1524 1982 rursus
1537 1946 1761 1997 quaerebant,
1772 1947 1901 1985 iterum
1917 1948 2012 1986 dixit
2027 1962 2063 1985 se
2074 1962 2144 1985 non

1150 2003 1435 2044 habereVerum
1440 2005 1517 2057 jam
1525 2019 1593 2043 non
1602 2007 1751 2057 territat,
1761 2008 1822 2045 sed
1833 2018 2021 2061 postquam
2031 2018 2145 2047 osten-

1150 2064 1205 2103 dit
1217 2065 1255 2103 id
1266 2065 1362 2116 quod
1372 2066 1513 2115 fecerat,
1529 2067 1631 2104 affert
1645 2068 1871 2119 prohabilem
1887 2083 2050 2120 causam3
2063 2072 2144 2108 Pa-

1153 2136 1223 2174 ter,
1243 2127 1373 2177 inquit,
1389 2130 1518 2178 posuit
1535 2130 1577 2164 in
1598 2142 1668 2166 sua
1685 2138 1890 2181 potestate.
1913 2131 2012 2178 Quid
2030 2132 2143 2184 ergo?

1151 2202 1197 2226 an
1217 2198 1256 2225 tu
1273 2188 1385 2225 nescis
1401 2202 1452 2237 ea,
1472 2203 1550 2239 quae
1572 2189 1688 2227 Patris
1705 2192 1814 2229 sunt?
1833 2206 1878 2230 an
1898 2192 2016 2244 ipsum
2036 2193 2142 2242 nosti,

1152 2258 1186 2286 et
1203 2263 1282 2300 quae
1309 2250 1384 2302 ejus
1411 2259 1494 2287 sunt
1514 2250 1684 2301 ignoras?
1707 2253 1860 2290 Dixisti:
1882 2255 2006 2292 Nemo
2036 2258 2338 2301 novitluc.10.22.

1151 2311 1312 2349 Patrem
1337 2313 1412 2348 nisi
1439 2312 1478 2347 F
1477 2311 1567 2349 ilius
1575 2327 1590 2356 ,·
1608 2321 1654 2360 et,
1675 2313 1838 2365 Spiritus
1869 2318 2001 2353 omnia
2029 2330 2141 2354 seru-
2157 2341 2182 2362 1,
2201 2341 2268 2365 cor.
2290 2344 2318 2363 2,

1153 2380 1272 2419 tatur,
1295 2375 1414 2410 etiam
1443 2374 1643 2425 profunda
1671 2376 1774 2421 Dei,·
1801 2384 1835 2413 et
1854 2385 1893 2413 tu
1912 2390 1955 2414 ue
1973 2377 2041 2415 hoc
2063 2378 2142 2429 qui·
2157 2382 2204 2405 ¹0·

1152 2433 1234 2471 dem
1250 2433 1370 2471 nosti?
1391 2433 1504 2471 Absit.
1522 2435 1601 2472 Non
1620 2444 1659 2472 ut
1677 2435 1746 2474 hoc
1765 2437 2000 2489 suspicemur,
2022 2438 2071 2476 ita
2090 2440 2142 2477 lo-

1152 2505 1284 2546 quutus
1308 2505 1359 2533 est
1370 2511 1381 2547 3
1405 2496 1467 2533 sed
1484 2511 1519 2534 se
1538 2497 1672 2537 nescire
1688 2499 1854 2549 simulat,
1874 2510 1914 2538 ut
1934 2500 2014 2539 illos
2030 2502 2075 2539 ab
2089 2502 2143 2540 in-

1150 2556 1359 2609 tempestiva
1374 2557 1566 2607 quaestione
1583 2558 1750 2597 abducat.
1767 2561 1799 2598 N
1803 2574 1847 2598 on
1867 2561 1945 2599 ausi
1961 2571 2042 2600 sunt
2058 2576 2141 2614 ergo

1150 2619 1281 2657 iterum
1300 2618 1529 2670 interrogare,
1543 2633 1585 2657 ne
1598 2620 1780 2659 audirent:
1798 2624 1853 2660 Et
1872 2637 1936 2661 vos
1955 2626 2140 2676 insipien-
2152 2639 2266 2669 Mauh.
2287 2639 2335 2668 15,

1151 2689 1206 2719 tes
1225 2683 1341 2719 estis?
1366 2681 1484 2718 Multo
1515 2681 1610 2719 enim
1637 2683 1750 2734 magis
1770 2683 1874 2722 illum
1894 2699 1987 2722 nune
2005 2695 2139 2725 metue·
2157 2679 2205 2709 ¹6·

1148 2742 1248 2788 bant,
1267 2756 1375 2792 quam
1384 2742 1580 2781 antea.Sed
1594 2747 1789 2796 accipietis
1804 2748 1989 2784 virtutem
2005 2760 2137 2800 super-

1150 2806 1344 2841 venientis
1372 2804 1534 2855 Spiritus
1556 2808 1683 2843 sancti
1711 2808 1753 2843 in
1781 2821 1866 2845 vos.
1899 2808 2140 2855 Quemadmo-

1150 2864 1238 2901 dum
1258 2864 1352 2901 enim
1371 2864 1445 2902 illic
1466 2879 1536 2902 non
1558 2865 1604 2902 ad
1622 2866 1836 2918 interrogata
1857 2869 2040 2921 respondit
2057 2872 2140 2920 (do-

1150 2926 1256 2965 ctoris
1270 2926 1363 2964 enim
1377 2935 1439 2977 est,
1452 2941 1521 2964 non
1538 2927 1636 2978 quod
1647 2928 1726 2966 vult
1742 2928 1957 2982 discipulus,
1973 2933 2032 2971 sed
2044 2934 2141 2985 quod

1148 2988 1217 3040 ipsi
1239 2987 1400 3040 expedit,
1413 2987 1570 3037 docere):
1587 2989 1634 3026 ita
1649 2999 1681 3026 et
1696 3004 1803 3038 nunc,
1816 3006 1893 3042 quae
1903 2992 2039 3033 discere
2052 3010 2141 3048 opus

1149 3059 1223 3088 erat
1241 3049 1417 3102 praedicit,
1435 3065 1478 3088 ne
1492 3051 1692 3089 turbentur.
1713 3051 1857 3090 Etenim
1871 3054 1989 3094 adhuc
2003 3057 2140 3096 infirmi

1149 3121 1261 3150 erant.
1287 3113 1338 3149 Ut
1358 3121 1477 3149 autem
1496 3111 1668 3150 fiduciam
1690 3112 1804 3163 indat,
1825 3113 1985 3166 ipsorum
2004 3118 2141 3157 animos

2155 2762 2190 2792 18

51 3165 164 3217 ψυχὰς
177 3194 187 3212 ,
203 3164 263 3202 καὶ
291 3164 335 3203 τὰ
368 3166 515 3219 φορτικὰ
549 3168 794 3221 συνεκάλυψεν.
826 3169 973 3218 Ἐπειδὴ
1009 3172 1077 3225 γὰρ
1101 3189 1126 3217 Α
1150 3171 1267 3223 erigit,
1285 3181 1318 3210 et
1332 3186 1477 3210 onerosa
1492 3172 1593 3210 texit.
1613 3172 1708 3220 Quia
1728 3172 1823 3211 enim
1839 3175 1947 3226 paulo
1962 3187 2042 3229 post
2060 3179 2140 3219 illos

53 3224 193 3274 ἔμελλεν
210 3225 331 3269 αὐτοὺς
347 3226 470 3278 μικρὸν
486 3226 627 3281 ὕστερον
647 3229 767 3268 λοιπὸν
783 3232 1076 3283 καταλιμπάνειν,

99 3325 114 3342 *
140 3326 152 3367 [
166 3332 311 3371 Πράττεις
330 3327 432 3360 Savil.
447 3336 480 3361 et
495 3330 534 3362 C.
547 3346 554 3372 3
574 3338 605 3363 et
620 3343 697 3364 mox
712 3336 820 3377 οἶδας.]

101 3377 135 3392 “
160 3377 280 3417 [Savil.
299 3386 333 3410 et.
347 3382 385 3411 A.
401 3380 439 3413 C.
456 3386 509 3425 ἔφη
523 3390 567 3424 μὴ
581 3388 669 3426 ἔχειν.
688 3391 737 3420 καὶ
753 3401 807 3431 πρ.
824 3387 887 3431 ἐφ]

99 3441 110 3453 ι’
136 3429 189 3461 Sic
212 3428 311 3462 Saxil.
329 3440 430 3467 recte.
448 3433 565 3466 Morel.
585 3447 663 3469 vero
680 3443 744 3479 νῦν,
765 3444 812 3473 καὶ
832 3446 866 3474 τὸ
891 3448 1057 3486 πρότερον,

1149 3234 1339 3272 relicturus
1358 3244 1443 3284 erat,
1460 3235 1552 3272 nihil
1572 3234 1658 3286 ipsis
1673 3249 1839 3287 asperum
1860 3238 2071 3291 simpliciter
2087 3243 2138 3280 lo-

1128 3351 1316 3383 perperam.

1172 3393 1188 3418 d
1213 3393 1335 3436 [Haec‚
1360 3397 1671 3437 ἂβοὺλεται...ἀὶ.λά,
1686 3399 1868 3441 typothetae
1885 3399 1981 3444 culpa
2003 3401 2137 3435 excide·

1126 3453 1202 3478 rant
1217 3447 1251 3479 in
1268 3445 1402 3488 Montf.]

2152 2721 2252 2751 Marc.
2288 2731 2317 2758 7.
