<?xml version="1.0" encoding="UTF-8"?>
<!DOCTYPE html PUBLIC "-//W3C//DTD XHTML 1.0 Transitional//EN"
    "http://www.w3.org/TR/xhtml1/DTD/xhtml1-transitional.dtd">
<html xmlns="http://www.w3.org/1999/xhtml" xml:lang="en" lang="en">
 <head>
  <title>
</title>
<meta http-equiv="Content-Type" content="text/html;charset=utf-8" />
  <meta name='ocr-system' content='tesseract 3.04.00' />
  <meta name='ocr-capabilities' content='ocr_page ocr_carea ocr_par ocr_line ocrx_word'/>
</head>
<body>
  <div class='ocr_page' id='page_1' title='image "./operaomniaquaeex09johnuoft/operaomniaquaeex09johnuoft_0631.png"; bbox 0 0 2502 3810; ppageno 0'>
   <div class='ocr_carea' id='block_1_1' title="bbox 789 220 1009 250">
    <p class='ocr_par' dir='ltr' id='par_1_1' title="bbox 789 220 1009 250">
     <span class='ocr_line' id='line_1_1' title="bbox 789 220 1009 250; baseline 0.005 -1"><span class='ocrx_word' id='word_1_1' title='bbox 789 220 832 249; x_wconf 78' lang='lat' dir='ltr'>IN</span> <span class='ocrx_word' id='word_1_2' title='bbox 869 220 1009 250; x_wconf 75' lang='lat' dir='ltr'>EPIST.</span> 
     </span>
    </p>
   </div>
   <div class='ocr_carea' id='block_1_2' title="bbox 130 295 1164 3189">
    <p class='ocr_par' dir='ltr' id='par_1_2' title="bbox 130 295 1164 3189">
     <span class='ocr_line' id='line_1_2' title="bbox 145 295 1159 352; baseline -0.004 -12"><span class='ocrx_word' id='word_1_3' title='bbox 145 304 233 340; x_wconf 81' lang='grc' dir='ltr'>Ἀλλ’</span> <span class='ocrx_word' id='word_1_4' title='bbox 259 303 371 339; x_wconf 80' lang='grc' dir='ltr'>ἐκεῖνα</span> <span class='ocrx_word' id='word_1_5' title='bbox 390 300 451 350; x_wconf 82' lang='grc' dir='ltr'>μὲν</span> <span class='ocrx_word' id='word_1_6' title='bbox 469 302 510 338; x_wconf 81' lang='grc' dir='ltr'>δι’</span> <span class='ocrx_word' id='word_1_7' title='bbox 532 301 669 352; x_wconf 83' lang='grc' dir='ltr'>ἀγάπην</span> <span class='ocrx_word' id='word_1_8' title='bbox 690 299 790 350; x_wconf 85' lang='grc' dir='ltr'>μόνον</span> <span class='ocrx_word' id='word_1_9' title='bbox 811 300 891 344; x_wconf 84' lang='grc' dir='ltr'>δόξα</span> <span class='ocrx_word' id='word_1_10' title='bbox 923 295 983 347; x_wconf 63' lang='grc' dir='ltr'>ἦν·</span> <span class='ocrx_word' id='word_1_11' title='bbox 1005 301 1026 338; x_wconf 83' lang='grc' dir='ltr'>ἃ</span> <span class='ocrx_word' id='word_1_12' title='bbox 1055 300 1090 338; x_wconf 82' lang='grc' dir='ltr'>δὲ</span> <span class='ocrx_word' id='word_1_13' title='bbox 1120 299 1159 337; x_wconf 81' lang='grc' dir='ltr'>ἂν</span> 
     </span>
     <span class='ocr_line' id='line_1_3' title="bbox 142 360 1160 412; baseline -0.003 -12"><span class='ocrx_word' id='word_1_14' title='bbox 142 367 243 412; x_wconf 77' lang='grc' dir='ltr'>ἡμεῖς</span> <span class='ocrx_word' id='word_1_15' title='bbox 278 361 363 412; x_wconf 74' lang='grc' dir='ltr'>ὑπὲρ</span> <span class='ocrx_word' id='word_1_16' title='bbox 397 363 501 399; x_wconf 79' lang='grc' dir='ltr'>αὐτοῦ</span> <span class='ocrx_word' id='word_1_17' title='bbox 534 361 714 410; x_wconf 77' lang='grc' dir='ltr'>πάθωμεν,</span> <span class='ocrx_word' id='word_1_18' title='bbox 746 363 782 399; x_wconf 81' lang='grc' dir='ltr'>οὔ</span> <span class='ocrx_word' id='word_1_19' title='bbox 818 362 862 398; x_wconf 84' lang='grc' dir='ltr'>δι’</span> <span class='ocrx_word' id='word_1_20' title='bbox 887 361 1026 412; x_wconf 81' lang='grc' dir='ltr'>ἀγάπην</span> <span class='ocrx_word' id='word_1_21' title='bbox 1045 360 1160 411; x_wconf 84' lang='grc' dir='ltr'>μόνον,</span> 
     </span>
     <span class='ocr_line' id='line_1_4' title="bbox 144 419 1159 471; baseline -0.002 -12"><span class='ocrx_word' id='word_1_22' title='bbox 144 423 233 461; x_wconf 75' lang='grc' dir='ltr'>ἀλλὰ</span> <span class='ocrx_word' id='word_1_23' title='bbox 249 423 307 460; x_wconf 81' lang='grc' dir='ltr'>καὶ</span> <span class='ocrx_word' id='word_1_24' title='bbox 321 422 377 459; x_wconf 70' lang='grc' dir='ltr'>διὰ</span> <span class='ocrx_word' id='word_1_25' title='bbox 390 422 428 459; x_wconf 80' lang='grc' dir='ltr'>τὸ</span> <span class='ocrx_word' id='word_1_26' title='bbox 446 421 585 471; x_wconf 79' lang='grc' dir='ltr'>μέγεθος</span> <span class='ocrx_word' id='word_1_27' title='bbox 604 425 662 458; x_wconf 71' lang='grc' dir='ltr'>τοῦ</span> <span class='ocrx_word' id='word_1_28' title='bbox 678 421 888 471; x_wconf 78' lang='grc' dir='ltr'>ποθουμένου</span> <span class='ocrx_word' id='word_1_29' title='bbox 903 421 962 458; x_wconf 83' lang='grc' dir='ltr'>καὶ</span> <span class='ocrx_word' id='word_1_30' title='bbox 982 420 1043 467; x_wconf 81' lang='grc' dir='ltr'>τὴν</span> <span class='ocrx_word' id='word_1_31' title='bbox 1062 419 1159 463; x_wconf 83' lang='grc' dir='ltr'>ἀξίαν</span> 
     </span>
     <span class='ocr_line' id='line_1_5' title="bbox 145 480 1161 531; baseline -0.004 -10"><span class='ocrx_word' id='word_1_32' title='bbox 145 483 224 527; x_wconf 80' lang='grc' dir='ltr'>δόξα</span> <span class='ocrx_word' id='word_1_33' title='bbox 248 483 286 520; x_wconf 86' lang='grc' dir='ltr'>ἂν</span> <span class='ocrx_word' id='word_1_34' title='bbox 307 481 445 524; x_wconf 78' lang='grc' dir='ltr'>εἰκότως</span> <span class='ocrx_word' id='word_1_35' title='bbox 465 482 523 518; x_wconf 81' lang='grc' dir='ltr'>καὶ</span> <span class='ocrx_word' id='word_1_36' title='bbox 547 483 688 518; x_wconf 81' lang='grc' dir='ltr'>καλοῖτο</span> <span class='ocrx_word' id='word_1_37' title='bbox 707 480 766 517; x_wconf 79' lang='grc' dir='ltr'>καὶ</span> <span class='ocrx_word' id='word_1_38' title='bbox 785 480 851 527; x_wconf 86' lang='grc' dir='ltr'>εἴη.</span> <span class='ocrx_word' id='word_1_39' title='bbox 874 480 935 523; x_wconf 86' lang='grc' dir='ltr'>Ὡς</span> <span class='ocrx_word' id='word_1_40' title='bbox 955 481 1011 518; x_wconf 79' lang='grc' dir='ltr'>ἐπὶ</span> <span class='ocrx_word' id='word_1_41' title='bbox 1031 480 1161 531; x_wconf 72' lang='grc' dir='ltr'>στεφά-</span> 
     </span>
     <span class='ocr_line' id='line_1_6' title="bbox 145 539 1162 593; baseline -0.003 -13"><span class='ocrx_word' id='word_1_42' title='bbox 145 559 220 586; x_wconf 91' lang='grc' dir='ltr'>νους</span> <span class='ocrx_word' id='word_1_43' title='bbox 243 542 353 580; x_wconf 84' lang='grc' dir='ltr'>τοίνυν</span> <span class='ocrx_word' id='word_1_44' title='bbox 379 541 558 592; x_wconf 76' lang='grc' dir='ltr'>μεγίστους</span> <span class='ocrx_word' id='word_1_45' title='bbox 574 541 776 593; x_wconf 71' lang='grc' dir='ltr'>ἷιτρέχωμεν</span> <span class='ocrx_word' id='word_1_46' title='bbox 794 542 840 583; x_wconf 85' lang='grc' dir='ltr'>εἷς</span> <span class='ocrx_word' id='word_1_47' title='bbox 859 539 936 583; x_wconf 71' lang='grc' dir='ltr'>τοὺς</span> <span class='ocrx_word' id='word_1_48' title='bbox 955 539 1041 591; x_wconf 75' lang='grc' dir='ltr'>ὑπὲρ</span> <span class='ocrx_word' id='word_1_49' title='bbox 1060 542 1162 578; x_wconf 71' lang='grc' dir='ltr'>αὐτοῦ</span> 
     </span>
     <span class='ocr_line' id='line_1_7' title="bbox 145 599 1162 651; baseline -0.004 -11"><span class='ocrx_word' id='word_1_50' title='bbox 145 602 341 649; x_wconf 77' lang='grc' dir='ltr'>κινδύνους,</span> <span class='ocrx_word' id='word_1_51' title='bbox 364 601 422 639; x_wconf 79' lang='grc' dir='ltr'>καὶ</span> <span class='ocrx_word' id='word_1_52' title='bbox 457 601 545 651; x_wconf 77' lang='grc' dir='ltr'>μήτε</span> <span class='ocrx_word' id='word_1_53' title='bbox 574 601 692 639; x_wconf 84' lang='grc' dir='ltr'>πενίαν</span> <span class='ocrx_word' id='word_1_54' title='bbox 724 600 812 650; x_wconf 78' lang='grc' dir='ltr'>μήτε</span> <span class='ocrx_word' id='word_1_55' title='bbox 846 599 942 637; x_wconf 82' lang='grc' dir='ltr'>νόσον</span> <span class='ocrx_word' id='word_1_56' title='bbox 967 600 1054 648; x_wconf 81' lang='grc' dir='ltr'>μήτε</span> <span class='ocrx_word' id='word_1_57' title='bbox 1074 599 1162 645; x_wconf 62' lang='grc' dir='ltr'>ἐπή-</span> 
     </span>
     <span class='ocr_line' id='line_1_8' title="bbox 147 659 1162 714; baseline -0.006 -14"><span class='ocrx_word' id='word_1_58' title='bbox 147 679 251 714; x_wconf 84' lang='grc' dir='ltr'>ρειαν,</span> <span class='ocrx_word' id='word_1_59' title='bbox 273 662 321 712; x_wconf 81' lang='grc' dir='ltr'>μὴ</span> <span class='ocrx_word' id='word_1_60' title='bbox 343 661 583 712; x_wconf 64' lang='grc' dir='ltr'>συκοφαντίαν,</span> <span class='ocrx_word' id='word_1_61' title='bbox 602 661 650 711; x_wconf 81' lang='grc' dir='ltr'>μὴ</span> <span class='ocrx_word' id='word_1_62' title='bbox 671 661 772 698; x_wconf 79' lang='grc' dir='ltr'>αὐτὸν</span> <span class='ocrx_word' id='word_1_63' title='bbox 788 660 844 697; x_wconf 82' lang='grc' dir='ltr'>τὸν</span> <span class='ocrx_word' id='word_1_64' title='bbox 863 659 1005 698; x_wconf 85' lang='grc' dir='ltr'>θάνατον</span> <span class='ocrx_word' id='word_1_65' title='bbox 1018 659 1162 709; x_wconf 83' lang='grc' dir='ltr'>νομίζω-</span> 
     </span>
     <span class='ocr_line' id='line_1_9' title="bbox 147 718 1161 774; baseline -0.005 -14"><span class='ocrx_word' id='word_1_66' title='bbox 147 740 207 773; x_wconf 89' lang='grc' dir='ltr'>μεν</span> <span class='ocrx_word' id='word_1_67' title='bbox 229 718 316 760; x_wconf 67' lang='grc' dir='ltr'>εἶναι</span> <span class='ocrx_word' id='word_1_68' title='bbox 343 721 429 774; x_wconf 62' lang='grc' dir='ltr'>βαρὺ</span> <span class='ocrx_word' id='word_1_69' title='bbox 462 723 520 760; x_wconf 83' lang='grc' dir='ltr'>καὶ</span> <span class='ocrx_word' id='word_1_70' title='bbox 559 720 731 773; x_wconf 72' lang='grc' dir='ltr'>ἐπαχθὲς,</span> <span class='ocrx_word' id='word_1_71' title='bbox 754 719 833 757; x_wconf 76' lang='grc' dir='ltr'>ὅταν</span> <span class='ocrx_word' id='word_1_72' title='bbox 864 721 907 757; x_wconf 89' lang='grc' dir='ltr'>δι’</span> <span class='ocrx_word' id='word_1_73' title='bbox 931 719 1032 757; x_wconf 77' lang='grc' dir='ltr'>αὐτὸν</span> <span class='ocrx_word' id='word_1_74' title='bbox 1051 722 1161 756; x_wconf 76' lang='grc' dir='ltr'>ταῦτα</span> 
     </span>
     <span class='ocr_line' id='line_1_10' title="bbox 145 778 1160 833; baseline -0.004 -13"><span class='ocrx_word' id='word_1_75' title='bbox 145 783 384 833; x_wconf 77' lang='grc' dir='ltr'>ὑπομένωμεν.</span> <span class='ocrx_word' id='word_1_76' title='bbox 403 780 462 820; x_wconf 82' lang='grc' dir='ltr'>Ἂν</span> <span class='ocrx_word' id='word_1_77' title='bbox 479 781 545 832; x_wconf 76' lang='grc' dir='ltr'>γὰρ</span> <span class='ocrx_word' id='word_1_78' title='bbox 571 782 748 832; x_wconf 69' lang='grc' dir='ltr'>νήφωμεν,</span> <span class='ocrx_word' id='word_1_79' title='bbox 766 779 810 817; x_wconf 71' lang='grc' dir='ltr'>τὰ</span> <span class='ocrx_word' id='word_1_80' title='bbox 838 780 985 830; x_wconf 85' lang='grc' dir='ltr'>με’γιστα</span> <span class='ocrx_word' id='word_1_81' title='bbox 1005 778 1061 817; x_wconf 73' lang='grc' dir='ltr'>διὰ</span> <span class='ocrx_word' id='word_1_82' title='bbox 1078 778 1160 817; x_wconf 78' lang='grc' dir='ltr'>τού-</span> 
     </span>
     <span class='ocr_line' id='line_1_11' title="bbox 144 835 1161 894; baseline -0.005 -13"><span class='ocrx_word' id='word_1_83' title='bbox 144 860 211 881; x_wconf 88' lang='grc' dir='ltr'>των</span> <span class='ocrx_word' id='word_1_84' title='bbox 230 843 391 881; x_wconf 81' lang='grc' dir='ltr'>ἁπάντων</span> <span class='ocrx_word' id='word_1_85' title='bbox 413 843 660 894; x_wconf 77' lang='grc' dir='ltr'>κερδανοῦμεν·</span> <span class='ocrx_word' id='word_1_86' title='bbox 682 840 799 892; x_wconf 74' lang='grc' dir='ltr'>ὥσπερ</span> <span class='ocrx_word' id='word_1_87' title='bbox 816 835 871 878; x_wconf 66' lang='grc' dir='ltr'>οῧν</span> <span class='ocrx_word' id='word_1_88' title='bbox 893 840 951 877; x_wconf 82' lang='grc' dir='ltr'>ἐὰν</span> <span class='ocrx_word' id='word_1_89' title='bbox 976 839 1023 889; x_wconf 79' lang='grc' dir='ltr'>μὴ</span> <span class='ocrx_word' id='word_1_90' title='bbox 1045 840 1161 891; x_wconf 77' lang='grc' dir='ltr'>νήφω-</span> 
     </span>
     <span class='ocr_line' id='line_1_12' title="bbox 146 899 1159 953; baseline -0.005 -11"><span class='ocrx_word' id='word_1_91' title='bbox 146 921 220 953; x_wconf 87' lang='grc' dir='ltr'>μεν,</span> <span class='ocrx_word' id='word_1_92' title='bbox 236 903 310 942; x_wconf 76' lang='grc' dir='ltr'>οὐδὲ</span> <span class='ocrx_word' id='word_1_93' title='bbox 327 903 395 941; x_wconf 83' lang='grc' dir='ltr'>ἀπὸ</span> <span class='ocrx_word' id='word_1_94' title='bbox 409 906 476 940; x_wconf 81' lang='grc' dir='ltr'>τῶν</span> <span class='ocrx_word' id='word_1_95' title='bbox 494 902 654 941; x_wconf 77' lang='grc' dir='ltr'>ἐναντίων</span> <span class='ocrx_word' id='word_1_96' title='bbox 669 899 927 953; x_wconf 80' lang='grc' dir='ltr'>καρπωσόμεθά</span> <span class='ocrx_word' id='word_1_97' title='bbox 945 916 979 937; x_wconf 90' lang='grc' dir='ltr'>τι</span> <span class='ocrx_word' id='word_1_98' title='bbox 993 900 1159 951; x_wconf 76' lang='grc' dir='ltr'>χρηστόν.</span> 
     </span>
     <span class='ocr_line' id='line_1_13' title="bbox 146 960 1159 1014; baseline -0.005 -13"><span class='ocrx_word' id='word_1_99' title='bbox 146 963 276 1001; x_wconf 80' lang='grc' dir='ltr'>Σκόπει</span> <span class='ocrx_word' id='word_1_100' title='bbox 308 963 363 1000; x_wconf 80' lang='grc' dir='ltr'>δέ·</span> <span class='ocrx_word' id='word_1_101' title='bbox 391 963 574 1014; x_wconf 79' lang='grc' dir='ltr'>ἐπηρεάζει</span> <span class='ocrx_word' id='word_1_102' title='bbox 601 961 654 999; x_wconf 92' lang='grc' dir='ltr'>σοί</span> <span class='ocrx_word' id='word_1_103' title='bbox 674 977 726 1004; x_wconf 90' lang='grc' dir='ltr'>τις</span> <span class='ocrx_word' id='word_1_104' title='bbox 758 960 816 997; x_wconf 82' lang='grc' dir='ltr'>καὶ</span> <span class='ocrx_word' id='word_1_105' title='bbox 842 961 1007 1009; x_wconf 66' lang='grc' dir='ltr'>πολεμεῖς</span> <span class='ocrx_word' id='word_1_106' title='bbox 1026 962 1159 997; x_wconf 75' lang='grc' dir='ltr'>Οὐκοῦν</span> 
     </span>
     <span class='ocr_line' id='line_1_14' title="bbox 145 1018 1161 1074; baseline -0.004 -13"><span class='ocrx_word' id='word_1_107' title='bbox 145 1023 367 1074; x_wconf 78' lang='grc' dir='ltr'>ἐγρηγορέναι</span> <span class='ocrx_word' id='word_1_108' title='bbox 390 1038 427 1060; x_wconf 90' lang='grc' dir='ltr'>σε</span> <span class='ocrx_word' id='word_1_109' title='bbox 446 1020 726 1073; x_wconf 82' lang='grc' dir='ltr'>παρασκευάζει,</span> <span class='ocrx_word' id='word_1_110' title='bbox 746 1020 806 1057; x_wconf 80' lang='grc' dir='ltr'>καὶ</span> <span class='ocrx_word' id='word_1_111' title='bbox 839 1018 997 1070; x_wconf 64' lang='grc' dir='ltr'>ἀφορμήν</span> <span class='ocrx_word' id='word_1_112' title='bbox 1017 1034 1070 1056; x_wconf 89' lang='grc' dir='ltr'>σοι</span> <span class='ocrx_word' id='word_1_113' title='bbox 1095 1035 1161 1057; x_wconf 87' lang='grc' dir='ltr'>πα-</span> 
     </span>
     <span class='ocr_line' id='line_1_15' title="bbox 146 1076 1161 1134; baseline 0.002 -15"><span class='ocrx_word' id='word_1_114' title='bbox 146 1083 239 1134; x_wconf 73' lang='grc' dir='ltr'>ρέχει</span> <span class='ocrx_word' id='word_1_115' title='bbox 256 1086 315 1119; x_wconf 79' lang='grc' dir='ltr'>τοῦ</span> <span class='ocrx_word' id='word_1_116' title='bbox 335 1083 493 1133; x_wconf 81' lang='grc' dir='ltr'>γενέσθαι</span> <span class='ocrx_word' id='word_1_117' title='bbox 509 1081 624 1130; x_wconf 77' lang='grc' dir='ltr'>ὅμοιον</span> <span class='ocrx_word' id='word_1_118' title='bbox 642 1082 692 1130; x_wconf 81' lang='grc' dir='ltr'>τῷ</span> <span class='ocrx_word' id='word_1_119' title='bbox 716 1076 871 1129; x_wconf 80' lang='grc' dir='ltr'>(·)εῷ.Ἂν</span> <span class='ocrx_word' id='word_1_120' title='bbox 889 1078 956 1131; x_wconf 81' lang='grc' dir='ltr'>γὰρ</span> <span class='ocrx_word' id='word_1_121' title='bbox 974 1078 1161 1130; x_wconf 72' lang='grc' dir='ltr'>ἇγαπῆσῃς</span> 
     </span>
     <span class='ocr_line' id='line_1_16' title="bbox 142 1137 1162 1190; baseline -0.002 -12"><span class='ocrx_word' id='word_1_122' title='bbox 142 1142 198 1180; x_wconf 82' lang='grc' dir='ltr'>τὸν</span> <span class='ocrx_word' id='word_1_123' title='bbox 223 1141 505 1186; x_wconf 65' lang='grc' dir='ltr'>ἐπιὲουλεύοντα,</span> <span class='ocrx_word' id='word_1_124' title='bbox 527 1140 642 1190; x_wconf 79' lang='grc' dir='ltr'>ὅμοιος</span> <span class='ocrx_word' id='word_1_125' title='bbox 661 1139 722 1190; x_wconf 80' lang='grc' dir='ltr'>ἔσῃ</span> <span class='ocrx_word' id='word_1_126' title='bbox 748 1141 797 1190; x_wconf 84' lang='grc' dir='ltr'>τῷ</span> <span class='ocrx_word' id='word_1_127' title='bbox 816 1137 873 1176; x_wconf 80' lang='grc' dir='ltr'>τὸν</span> <span class='ocrx_word' id='word_1_128' title='bbox 890 1138 987 1183; x_wconf 82' lang='grc' dir='ltr'>ἥλιον</span> <span class='ocrx_word' id='word_1_129' title='bbox 1015 1139 1162 1177; x_wconf 81' lang='grc' dir='ltr'>ἀνατέλ-</span> 
     </span>
     <span class='ocr_line' id='line_1_17' title="bbox 143 1195 1163 1250; baseline -0.005 -12"><span class='ocrx_word' id='word_1_130' title='bbox 143 1203 236 1238; x_wconf 84' lang='grc' dir='ltr'>λοντι</span> <span class='ocrx_word' id='word_1_131' title='bbox 265 1201 320 1239; x_wconf 81' lang='grc' dir='ltr'>ἐπὶ</span> <span class='ocrx_word' id='word_1_132' title='bbox 343 1200 511 1250; x_wconf 79' lang='grc' dir='ltr'>πονηροὺς</span> <span class='ocrx_word' id='word_1_133' title='bbox 538 1200 598 1238; x_wconf 88' lang='grc' dir='ltr'>καὶ</span> <span class='ocrx_word' id='word_1_134' title='bbox 618 1198 775 1250; x_wconf 74' lang='grc' dir='ltr'>ἀγαθούς.</span> <span class='ocrx_word' id='word_1_135' title='bbox 798 1198 943 1250; x_wconf 48' lang='grc' dir='ltr'>ςΈτερος</span> <span class='ocrx_word' id='word_1_136' title='bbox 965 1195 1163 1249; x_wconf 69' lang='grc' dir='ltr'>ἀφαιρεῖταί</span> 
     </span>
     <span class='ocr_line' id='line_1_18' title="bbox 142 1258 1164 1313; baseline -0.002 -14"><span class='ocrx_word' id='word_1_137' title='bbox 142 1277 201 1300; x_wconf 91' lang='grc' dir='ltr'>σου</span> <span class='ocrx_word' id='word_1_138' title='bbox 220 1262 264 1299; x_wconf 81' lang='grc' dir='ltr'>τὰ</span> <span class='ocrx_word' id='word_1_139' title='bbox 289 1261 477 1313; x_wconf 67' lang='grc' dir='ltr'>χρήματα,</span> <span class='ocrx_word' id='word_1_140' title='bbox 495 1258 555 1297; x_wconf 78' lang='grc' dir='ltr'>Ἂν</span> <span class='ocrx_word' id='word_1_141' title='bbox 571 1259 735 1310; x_wconf 81' lang='grc' dir='ltr'>γενναίως</span> <span class='ocrx_word' id='word_1_142' title='bbox 763 1259 921 1310; x_wconf 78' lang='grc' dir='ltr'>ἐνέγκῃς,</span> <span class='ocrx_word' id='word_1_143' title='bbox 941 1265 1011 1302; x_wconf 72' lang='grc' dir='ltr'>’τοῖς</span> <span class='ocrx_word' id='word_1_144' title='bbox 1031 1261 1079 1301; x_wconf 84' lang='grc' dir='ltr'>εἷς</span> <span class='ocrx_word' id='word_1_145' title='bbox 1103 1258 1164 1299; x_wconf 51' lang='grc' dir='ltr'>πέέ</span> 
     </span>
     <span class='ocr_line' id='line_1_19' title="bbox 141 1319 1162 1372; baseline -0.003 -12"><span class='ocrx_word' id='word_1_146' title='bbox 141 1339 246 1369; x_wconf 90' lang='grc' dir='ltr'>νητας</span> <span class='ocrx_word' id='word_1_147' title='bbox 274 1322 390 1359; x_wconf 90' lang='grc' dir='ltr'>πάντα</span> <span class='ocrx_word' id='word_1_148' title='bbox 410 1321 664 1368; x_wconf 88' lang='grc' dir='ltr'>δεδαπανηκόσι</span> <span class='ocrx_word' id='word_1_149' title='bbox 685 1321 742 1358; x_wconf 83' lang='grc' dir='ltr'>τὸν</span> <span class='ocrx_word' id='word_1_150' title='bbox 772 1321 874 1358; x_wconf 71' lang='grc' dir='ltr'>αὐτὸν</span> <span class='ocrx_word' id='word_1_151' title='bbox 901 1320 997 1372; x_wconf 72' lang='grc' dir='ltr'>λήψῃ</span> <span class='ocrx_word' id='word_1_152' title='bbox 1028 1319 1162 1370; x_wconf 86' lang='grc' dir='ltr'>μισθόν.</span> 
     </span>
     <span class='ocr_line' id='line_1_20' title="bbox 141 1381 1160 1435; baseline -0.003 -14"><span class='ocrx_word' id='word_1_153' title='bbox 141 1384 210 1421; x_wconf 77' lang='grc' dir='ltr'>Καὶ</span> <span class='ocrx_word' id='word_1_154' title='bbox 230 1383 297 1435; x_wconf 78' lang='grc' dir='ltr'>γὰρ</span> <span class='ocrx_word' id='word_1_155' title='bbox 314 1382 376 1429; x_wconf 77' lang='grc' dir='ltr'>τὴν</span> <span class='ocrx_word' id='word_1_156' title='bbox 397 1381 558 1433; x_wconf 80' lang='grc' dir='ltr'>ἁρπαγὴν</span> <span class='ocrx_word' id='word_1_157' title='bbox 575 1385 642 1419; x_wconf 84' lang='grc' dir='ltr'>τῶν</span> <span class='ocrx_word' id='word_1_158' title='bbox 668 1381 894 1432; x_wconf 77' lang='grc' dir='ltr'>ὑπαρχόντων</span> <span class='ocrx_word' id='word_1_159' title='bbox 915 1384 1026 1431; x_wconf 79' lang='grc' dir='ltr'>ὑμῶν,</span> <span class='ocrx_word' id='word_1_160' title='bbox 1057 1381 1160 1432; x_wconf 76' lang='grc' dir='ltr'>φησὶ,</span> 
     </span>
     <span class='ocr_line' id='line_1_21' title="bbox 143 1442 1162 1496; baseline -0.001 -15"><span class='ocrx_word' id='word_1_161' title='bbox 143 1444 231 1494; x_wconf 83' lang='grc' dir='ltr'>μετὰ</span> <span class='ocrx_word' id='word_1_162' title='bbox 259 1451 371 1496; x_wconf 75' lang='grc' dir='ltr'>χαρᾶς</span> <span class='ocrx_word' id='word_1_163' title='bbox 406 1443 658 1494; x_wconf 80' lang='grc' dir='ltr'>προσεδέξασθε</span> <span class='ocrx_word' id='word_1_164' title='bbox 672 1472 681 1489; x_wconf 97' lang='grc'>,</span> <span class='ocrx_word' id='word_1_165' title='bbox 721 1442 950 1493; x_wconf 81' lang='grc' dir='ltr'>γινώσκοντες</span> <span class='ocrx_word' id='word_1_166' title='bbox 982 1442 1162 1495; x_wconf 83' lang='grc' dir='ltr'>κρείττονα</span> 
     </span>
     <span class='ocr_line' id='line_1_22' title="bbox 142 1496 1162 1556; baseline -0.003 -14"><span class='ocrx_word' id='word_1_167' title='bbox 142 1506 232 1556; x_wconf 78' lang='grc' dir='ltr'>ἔχειν</span> <span class='ocrx_word' id='word_1_168' title='bbox 255 1503 399 1555; x_wconf 76' lang='grc' dir='ltr'>ὓπαρξιν</span> <span class='ocrx_word' id='word_1_169' title='bbox 426 1507 459 1542; x_wconf 81' lang='grc' dir='ltr'>ἐν</span> <span class='ocrx_word' id='word_1_170' title='bbox 482 1505 659 1556; x_wconf 78' lang='grc' dir='ltr'>οὐρανοῖς,</span> <span class='ocrx_word' id='word_1_171' title='bbox 688 1503 747 1540; x_wconf 74' lang='grc' dir='ltr'>καὶ</span> <span class='ocrx_word' id='word_1_172' title='bbox 784 1503 965 1553; x_wconf 82' lang='grc' dir='ltr'>μένουσαν.</span> <span class='ocrx_word' id='word_1_173' title='bbox 989 1496 1080 1540; x_wconf 54' lang='lat' dir='ltr'>Eine</span> <span class='ocrx_word' id='word_1_174' title='bbox 1110 1518 1162 1546; x_wconf 88' lang='grc' dir='ltr'>τις</span> 
     </span>
     <span class='ocr_line' id='line_1_23' title="bbox 141 1558 1163 1614; baseline -0.002 -12"><span class='ocrx_word' id='word_1_175' title='bbox 141 1569 257 1608; x_wconf 84' lang='grc' dir='ltr'>κακῶς</span> <span class='ocrx_word' id='word_1_176' title='bbox 277 1565 335 1603; x_wconf 82' lang='grc' dir='ltr'>καῖ</span> <span class='ocrx_word' id='word_1_177' title='bbox 366 1564 561 1610; x_wconf 75' lang='grc' dir='ltr'>ὠνείδισεν,</span> <span class='ocrx_word' id='word_1_178' title='bbox 577 1563 635 1602; x_wconf 83' lang='grc' dir='ltr'>Ἄν</span> <span class='ocrx_word' id='word_1_179' title='bbox 656 1580 693 1601; x_wconf 92' lang='grc' dir='ltr'>τε</span> <span class='ocrx_word' id='word_1_180' title='bbox 727 1565 840 1609; x_wconf 73' lang='grc' dir='ltr'>ἀληθῆ</span> <span class='ocrx_word' id='word_1_181' title='bbox 863 1566 973 1601; x_wconf 70' lang='grc' dir='ltr'>ταῦτα</span> <span class='ocrx_word' id='word_1_182' title='bbox 995 1558 1035 1614; x_wconf 67' lang='grc' dir='ltr'>ἦ,</span> <span class='ocrx_word' id='word_1_183' title='bbox 1065 1563 1106 1600; x_wconf 82' lang='grc' dir='ltr'>ἄν</span> <span class='ocrx_word' id='word_1_184' title='bbox 1126 1578 1163 1600; x_wconf 88' lang='grc' dir='ltr'>τε</span> 
     </span>
     <span class='ocr_line' id='line_1_24' title="bbox 141 1622 1161 1676; baseline -0.001 -14"><span class='ocrx_word' id='word_1_185' title='bbox 141 1627 249 1676; x_wconf 64' lang='grc' dir='ltr'>ψευδῆ</span> <span class='ocrx_word' id='word_1_186' title='bbox 262 1654 272 1672; x_wconf 91' lang='grc'>,</span> <span class='ocrx_word' id='word_1_187' title='bbox 302 1624 467 1676; x_wconf 75' lang='grc' dir='ltr'>στέφανόν</span> <span class='ocrx_word' id='word_1_188' title='bbox 488 1639 540 1662; x_wconf 86' lang='grc' dir='ltr'>σοι</span> <span class='ocrx_word' id='word_1_189' title='bbox 559 1624 719 1676; x_wconf 81' lang='grc' dir='ltr'>μέγιστον</span> <span class='ocrx_word' id='word_1_190' title='bbox 736 1623 887 1672; x_wconf 78' lang='grc' dir='ltr'>ἔπλεξεν,</span> <span class='ocrx_word' id='word_1_191' title='bbox 905 1623 943 1661; x_wconf 82' lang='grc' dir='ltr'>ἂν</span> <span class='ocrx_word' id='word_1_192' title='bbox 966 1623 1085 1676; x_wconf 83' lang='grc' dir='ltr'>πράως</span> <span class='ocrx_word' id='word_1_193' title='bbox 1098 1622 1161 1669; x_wconf 81' lang='grc' dir='ltr'>τὴν</span> 
     </span>
     <span class='ocr_line' id='line_1_25' title="bbox 141 1682 1162 1737; baseline -0.003 -14"><span class='ocrx_word' id='word_1_194' title='bbox 141 1685 311 1737; x_wconf 82' lang='grc' dir='ltr'>λοιδορίαν</span> <span class='ocrx_word' id='word_1_195' title='bbox 331 1685 483 1736; x_wconf 79' lang='grc' dir='ltr'>ἐνέγκῃς.</span> <span class='ocrx_word' id='word_1_196' title='bbox 503 1684 553 1723; x_wconf 54' lang='grc' dir='ltr'>ρΌ</span> <span class='ocrx_word' id='word_1_197' title='bbox 579 1701 615 1722; x_wconf 83' lang='grc' dir='ltr'>τε</span> <span class='ocrx_word' id='word_1_198' title='bbox 634 1685 700 1736; x_wconf 80' lang='grc' dir='ltr'>γὰρ</span> <span class='ocrx_word' id='word_1_199' title='bbox 715 1687 936 1735; x_wconf 69' lang='grc' dir='ltr'>συκοφαντῶν</span> <span class='ocrx_word' id='word_1_200' title='bbox 956 1682 1063 1721; x_wconf 81' lang='grc' dir='ltr'>πολὺν</span> <span class='ocrx_word' id='word_1_201' title='bbox 1078 1687 1162 1733; x_wconf 83' lang='grc' dir='ltr'>ἡμῖν</span> 
     </span>
     <span class='ocr_line' id='line_1_26' title="bbox 141 1743 1161 1798; baseline -0.002 -15"><span class='ocrx_word' id='word_1_202' title='bbox 141 1745 296 1798; x_wconf 78' lang='grc' dir='ltr'>προξενεῖ</span> <span class='ocrx_word' id='word_1_203' title='bbox 322 1745 378 1782; x_wconf 66' lang='grc' dir='ltr'>τὸν</span> <span class='ocrx_word' id='word_1_204' title='bbox 399 1744 520 1794; x_wconf 87' lang='grc' dir='ltr'>μισθόν</span> <span class='ocrx_word' id='word_1_205' title='bbox 539 1744 711 1797; x_wconf 77' lang='grc' dir='ltr'>(Χαίρετε</span> <span class='ocrx_word' id='word_1_206' title='bbox 737 1743 825 1796; x_wconf 80' lang='grc' dir='ltr'>γὰρ,</span> <span class='ocrx_word' id='word_1_207' title='bbox 847 1744 949 1796; x_wconf 75' lang='grc' dir='ltr'>φησὶ,</span> <span class='ocrx_word' id='word_1_208' title='bbox 969 1744 1028 1782; x_wconf 79' lang='grc' dir='ltr'>καὶ</span> <span class='ocrx_word' id='word_1_209' title='bbox 1054 1745 1161 1793; x_wconf 80' lang='grc' dir='ltr'>ἀγαλ-</span> 
     </span>
     <span class='ocr_line' id='line_1_27' title="bbox 141 1804 1161 1857; baseline 0 -15"><span class='ocrx_word' id='word_1_210' title='bbox 141 1807 280 1853; x_wconf 82' lang='grc' dir='ltr'>λιᾶσθε,</span> <span class='ocrx_word' id='word_1_211' title='bbox 312 1805 391 1843; x_wconf 79' lang='grc' dir='ltr'>ὅταν</span> <span class='ocrx_word' id='word_1_212' title='bbox 420 1805 543 1843; x_wconf 81' lang='grc' dir='ltr'>εἴπωσι</span> <span class='ocrx_word' id='word_1_213' title='bbox 574 1812 643 1843; x_wconf 85' lang='grc' dir='ltr'>πᾶν</span> <span class='ocrx_word' id='word_1_214' title='bbox 664 1805 812 1857; x_wconf 80' lang='grc' dir='ltr'>πονηρὸν</span> <span class='ocrx_word' id='word_1_215' title='bbox 840 1808 934 1856; x_wconf 70' lang='grc' dir='ltr'>ῥῆμα</span> <span class='ocrx_word' id='word_1_216' title='bbox 966 1804 1045 1842; x_wconf 82' lang='grc' dir='ltr'>καθ’</span> <span class='ocrx_word' id='word_1_217' title='bbox 1064 1807 1161 1854; x_wconf 74' lang='grc' dir='ltr'>ὑμῶν</span> 
     </span>
     <span class='ocr_line' id='line_1_28' title="bbox 141 1864 1160 1917; baseline -0.003 -14"><span class='ocrx_word' id='word_1_218' title='bbox 141 1866 363 1917; x_wconf 70' lang='grc' dir='ltr'>ψευδόμενοι,</span> <span class='ocrx_word' id='word_1_219' title='bbox 389 1865 442 1904; x_wconf 75' lang='grc' dir='ltr'>ὅτι</span> <span class='ocrx_word' id='word_1_220' title='bbox 462 1870 479 1904; x_wconf 83' lang='grc' dir='ltr'>ὃ</span> <span class='ocrx_word' id='word_1_221' title='bbox 501 1866 622 1916; x_wconf 81' lang='grc' dir='ltr'>μισθὸς</span> <span class='ocrx_word' id='word_1_222' title='bbox 642 1869 738 1915; x_wconf 77' lang='grc' dir='ltr'>ὑμῶν</span> <span class='ocrx_word' id='word_1_223' title='bbox 770 1864 876 1908; x_wconf 78' lang='grc' dir='ltr'>πολὺς</span> <span class='ocrx_word' id='word_1_224' title='bbox 901 1867 934 1902; x_wconf 79' lang='grc' dir='ltr'>ἓν</span> <span class='ocrx_word' id='word_1_225' title='bbox 965 1870 1035 1906; x_wconf 86' lang='grc' dir='ltr'>τοῖς</span> <span class='ocrx_word' id='word_1_226' title='bbox 1060 1866 1160 1916; x_wconf 79' lang='grc' dir='ltr'>οὖρα-</span> 
     </span>
     <span class='ocr_line' id='line_1_29' title="bbox 139 1925 1159 1977; baseline -0.001 -15"><span class='ocrx_word' id='word_1_227' title='bbox 139 1926 250 1977; x_wconf 79' lang='grc' dir='ltr'>νοῖς)·</span> <span class='ocrx_word' id='word_1_228' title='bbox 271 1926 291 1964; x_wconf 77' lang='grc' dir='ltr'>ὅ</span> <span class='ocrx_word' id='word_1_229' title='bbox 306 1942 342 1963; x_wconf 86' lang='grc' dir='ltr'>τε</span> <span class='ocrx_word' id='word_1_230' title='bbox 363 1928 475 1973; x_wconf 76' lang='grc' dir='ltr'>ἀληθῆ</span> <span class='ocrx_word' id='word_1_231' title='bbox 508 1926 618 1977; x_wconf 79' lang='grc' dir='ltr'>λέγων</span> <span class='ocrx_word' id='word_1_232' title='bbox 643 1925 747 1964; x_wconf 87' lang='grc' dir='ltr'>πάλιν</span> <span class='ocrx_word' id='word_1_233' title='bbox 767 1925 810 1963; x_wconf 79' lang='grc' dir='ltr'>τὰ</span> <span class='ocrx_word' id='word_1_234' title='bbox 834 1925 983 1976; x_wconf 81' lang='grc' dir='ltr'>μέγιστα</span> <span class='ocrx_word' id='word_1_235' title='bbox 1013 1925 1159 1976; x_wconf 63' lang='grc' dir='ltr'>ὠφελεῖ,</span> 
     </span>
     <span class='ocr_line' id='line_1_30' title="bbox 140 1986 1160 2040; baseline -0.001 -16"><span class='ocrx_word' id='word_1_236' title='bbox 140 1987 241 2036; x_wconf 85' lang='grc' dir='ltr'>μόνον</span> <span class='ocrx_word' id='word_1_237' title='bbox 267 1987 306 2024; x_wconf 74' lang='grc' dir='ltr'>ἂν</span> <span class='ocrx_word' id='word_1_238' title='bbox 338 1987 459 2040; x_wconf 82' lang='grc' dir='ltr'>πράως</span> <span class='ocrx_word' id='word_1_239' title='bbox 486 1987 682 2038; x_wconf 75' lang='grc' dir='ltr'>ε’νέγκωμεν</span> <span class='ocrx_word' id='word_1_240' title='bbox 707 1986 750 2024; x_wconf 77' lang='grc' dir='ltr'>τὰ</span> <span class='ocrx_word' id='word_1_241' title='bbox 769 1986 952 2038; x_wconf 84' lang='grc' dir='ltr'>λεγόμενα.</span> <span class='ocrx_word' id='word_1_242' title='bbox 992 1986 1061 2024; x_wconf 82' lang='grc' dir='ltr'>Καὶ</span> <span class='ocrx_word' id='word_1_243' title='bbox 1093 1986 1160 2037; x_wconf 72' lang='grc' dir='ltr'>γὰρ</span> 
     </span>
     <span class='ocr_line' id='line_1_31' title="bbox 141 2047 1159 2101; baseline -0.001 -16"><span class='ocrx_word' id='word_1_244' title='bbox 141 2051 158 2085; x_wconf 75' lang='grc' dir='ltr'><em>ὃ</em></span> <span class='ocrx_word' id='word_1_245' title='bbox 193 2049 388 2101; x_wconf 81' lang='grc' dir='ltr'>Φαρισαῖος</span> <span class='ocrx_word' id='word_1_246' title='bbox 423 2048 598 2094; x_wconf 82' lang='grc' dir='ltr'>ἀληθεύων</span> <span class='ocrx_word' id='word_1_247' title='bbox 626 2048 683 2085; x_wconf 75' lang='grc' dir='ltr'>τὸν</span> <span class='ocrx_word' id='word_1_248' title='bbox 704 2047 854 2094; x_wconf 77' lang='grc' dir='ltr'>τελώνην</span> <span class='ocrx_word' id='word_1_249' title='bbox 895 2047 991 2098; x_wconf 83' lang='grc' dir='ltr'>ἔλεγε</span> <span class='ocrx_word' id='word_1_250' title='bbox 1024 2050 1159 2094; x_wconf 81' lang='grc' dir='ltr'>κακῶς,</span> 
     </span>
     <span class='ocr_line' id='line_1_32' title="bbox 139 2107 1159 2157; baseline 0 -13"><span class='ocrx_word' id='word_1_251' title='bbox 139 2109 216 2145; x_wconf 82' lang='grc' dir='ltr'>ἀλλ’</span> <span class='ocrx_word' id='word_1_252' title='bbox 237 2109 329 2157; x_wconf 79' lang='grc' dir='ltr'>ὅμως</span> <span class='ocrx_word' id='word_1_253' title='bbox 348 2108 424 2146; x_wconf 72' lang='grc' dir='ltr'>ἀντὶ</span> <span class='ocrx_word' id='word_1_254' title='bbox 453 2108 602 2147; x_wconf 56' lang='grc' dir='ltr'>τελώνου</span> <span class='ocrx_word' id='word_1_255' title='bbox 626 2108 756 2146; x_wconf 87' lang='grc' dir='ltr'>δίκαιον</span> <span class='ocrx_word' id='word_1_256' title='bbox 781 2107 932 2155; x_wconf 78' lang='grc' dir='ltr'>ἐποίησε.</span> <span class='ocrx_word' id='word_1_257' title='bbox 954 2107 1026 2146; x_wconf 75' lang='grc' dir='ltr'>Καὶ</span> <span class='ocrx_word' id='word_1_258' title='bbox 1054 2107 1088 2144; x_wconf 84' lang='grc' dir='ltr'>τί</span> <span class='ocrx_word' id='word_1_259' title='bbox 1108 2109 1159 2144; x_wconf 89' lang='grc' dir='ltr'>δεῖ</span> 
     </span>
     <span class='ocr_line' id='line_1_33' title="bbox 138 2167 1160 2222; baseline 0 -17"><span class='ocrx_word' id='word_1_260' title='bbox 138 2171 214 2206; x_wconf 85' lang='grc' dir='ltr'>καθ’</span> <span class='ocrx_word' id='word_1_261' title='bbox 250 2169 394 2207; x_wconf 78' lang='grc' dir='ltr'>ἕκαστον</span> <span class='ocrx_word' id='word_1_262' title='bbox 430 2170 562 2222; x_wconf 84' lang='grc' dir='ltr'>λε’γειν;</span> <span class='ocrx_word' id='word_1_263' title='bbox 599 2169 710 2213; x_wconf 82' lang='grc' dir='ltr'>ἔξεστι</span> <span class='ocrx_word' id='word_1_264' title='bbox 747 2169 815 2221; x_wconf 83' lang='grc' dir='ltr'>γὰρ</span> <span class='ocrx_word' id='word_1_265' title='bbox 852 2168 1040 2207; x_wconf 83' lang='grc' dir='ltr'>ἐπελθόντα</span> <span class='ocrx_word' id='word_1_266' title='bbox 1081 2167 1160 2211; x_wconf 73' lang='grc' dir='ltr'>τοὺς</span> 
     </span>
     <span class='ocr_line' id='line_1_34' title="bbox 136 2228 1158 2281; baseline 0.002 -16"><span class='ocrx_word' id='word_1_267' title='bbox 136 2229 258 2273; x_wconf 79' lang='grc' dir='ltr'>ἄθλους</span> <span class='ocrx_word' id='word_1_268' title='bbox 282 2233 340 2268; x_wconf 75' lang='grc' dir='ltr'>τοῦ</span> <span class='ocrx_word' id='word_1_269' title='bbox 361 2229 444 2267; x_wconf 68' lang='grc' dir='ltr'>Ἰὼὸ</span> <span class='ocrx_word' id='word_1_270' title='bbox 469 2230 605 2268; x_wconf 84' lang='grc' dir='ltr'>ἅπαντα</span> <span class='ocrx_word' id='word_1_271' title='bbox 628 2235 737 2267; x_wconf 77' lang='grc' dir='ltr'>ταῦτα</span> <span class='ocrx_word' id='word_1_272' title='bbox 773 2232 848 2280; x_wconf 89' lang='grc' dir='ltr'>μετ’</span> <span class='ocrx_word' id='word_1_273' title='bbox 873 2228 1050 2281; x_wconf 54' lang='grc' dir='ltr'>ἀκριβείας</span> <span class='ocrx_word' id='word_1_274' title='bbox 1085 2245 1158 2280; x_wconf 85' lang='grc' dir='ltr'>μα-</span> 
     </span>
     <span class='ocr_line' id='line_1_35' title="bbox 133 2289 1156 2342; baseline 0.002 -16"><span class='ocrx_word' id='word_1_275' title='bbox 133 2293 215 2327; x_wconf 81' lang='grc' dir='ltr'>θεῖν.</span> <span class='ocrx_word' id='word_1_276' title='bbox 236 2289 303 2328; x_wconf 80' lang='grc' dir='ltr'>Διὰ</span> <span class='ocrx_word' id='word_1_277' title='bbox 318 2294 418 2329; x_wconf 75' lang='grc' dir='ltr'>τοῦτο</span> <span class='ocrx_word' id='word_1_278' title='bbox 437 2291 495 2328; x_wconf 79' lang='grc' dir='ltr'>καὶ</span> <span class='ocrx_word' id='word_1_279' title='bbox 511 2294 528 2328; x_wconf 84' lang='grc' dir='ltr'>ὃ</span> <span class='ocrx_word' id='word_1_280' title='bbox 543 2291 682 2334; x_wconf 73' lang='grc' dir='ltr'>Παῦλος</span> <span class='ocrx_word' id='word_1_281' title='bbox 703 2291 817 2341; x_wconf 71' lang='grc' dir='ltr'>ἔλεγεν</span> <span class='ocrx_word' id='word_1_282' title='bbox 833 2306 840 2313; x_wconf 91' lang='grc'><em>·</em></span> <span class='ocrx_word' id='word_1_283' title='bbox 858 2292 902 2328; x_wconf 83' lang='grc' dir='ltr'>Εἰ</span> <span class='ocrx_word' id='word_1_284' title='bbox 922 2294 939 2328; x_wconf 86' lang='grc' dir='ltr'><em>ὃ</em></span> <span class='ocrx_word' id='word_1_285' title='bbox 961 2291 1050 2334; x_wconf 79' lang='grc' dir='ltr'>Θεὸς</span> <span class='ocrx_word' id='word_1_286' title='bbox 1070 2290 1156 2342; x_wconf 76' lang='grc' dir='ltr'>ὑπὲρ</span> 
     </span>
     <span class='ocr_line' id='line_1_36' title="bbox 133 2347 1154 2403; baseline 0.002 -16"><span class='ocrx_word' id='word_1_287' title='bbox 133 2353 248 2399; x_wconf 72' lang='grc' dir='ltr'>ἡμῶν,</span> <span class='ocrx_word' id='word_1_288' title='bbox 265 2351 316 2394; x_wconf 85' lang='grc' dir='ltr'>τίς</span> <span class='ocrx_word' id='word_1_289' title='bbox 343 2354 419 2389; x_wconf 84' lang='grc' dir='ltr'>καθ’</span> <span class='ocrx_word' id='word_1_290' title='bbox 438 2355 560 2402; x_wconf 70' lang='grc' dir='ltr'>ἡμῶν,</span> <span class='ocrx_word' id='word_1_291' title='bbox 584 2350 723 2403; x_wconf 49' lang='grc' dir='ltr'>(Ὠσπερ</span> <span class='ocrx_word' id='word_1_292' title='bbox 744 2347 801 2390; x_wconf 63' lang='grc' dir='ltr'>οὖν</span> <span class='ocrx_word' id='word_1_293' title='bbox 821 2352 1071 2395; x_wconf 73' lang='grc' dir='ltr'>σπουδάζοντες</span> <span class='ocrx_word' id='word_1_294' title='bbox 1098 2352 1154 2389; x_wconf 84' lang='grc' dir='ltr'>καὶ</span> 
     </span>
     <span class='ocr_line' id='line_1_37' title="bbox 134 2411 1157 2464; baseline 0.004 -17"><span class='ocrx_word' id='word_1_295' title='bbox 134 2411 203 2448; x_wconf 81' lang='grc' dir='ltr'>ἀπὸ</span> <span class='ocrx_word' id='word_1_296' title='bbox 234 2415 300 2449; x_wconf 83' lang='grc' dir='ltr'>τῶν</span> <span class='ocrx_word' id='word_1_297' title='bbox 324 2412 523 2450; x_wconf 81' lang='grc' dir='ltr'>λυπούντων</span> <span class='ocrx_word' id='word_1_298' title='bbox 545 2412 782 2464; x_wconf 78' lang='grc' dir='ltr'>κερδαίνομεν,</span> <span class='ocrx_word' id='word_1_299' title='bbox 809 2411 899 2450; x_wconf 77' lang='grc' dir='ltr'>οὕτω</span> <span class='ocrx_word' id='word_1_300' title='bbox 928 2415 1157 2464; x_wconf 68' lang='grc' dir='ltr'>ῥᾳθυμοῦντες</span> 
     </span>
     <span class='ocr_line' id='line_1_38' title="bbox 134 2472 1155 2526; baseline 0.002 -17"><span class='ocrx_word' id='word_1_301' title='bbox 134 2472 210 2510; x_wconf 70' lang='grc' dir='ltr'>οὐδὲ</span> <span class='ocrx_word' id='word_1_302' title='bbox 231 2473 299 2510; x_wconf 79' lang='grc' dir='ltr'>ἀπὸ</span> <span class='ocrx_word' id='word_1_303' title='bbox 315 2476 382 2510; x_wconf 75' lang='grc' dir='ltr'>τῶν</span> <span class='ocrx_word' id='word_1_304' title='bbox 406 2473 627 2524; x_wconf 64' lang='grc' dir='ltr'>ὠφελούντων</span> <span class='ocrx_word' id='word_1_305' title='bbox 645 2473 805 2523; x_wconf 82' lang='grc' dir='ltr'>ἀμείνους</span> <span class='ocrx_word' id='word_1_306' title='bbox 825 2473 1004 2524; x_wconf 81' lang='grc' dir='ltr'>γινόμεθα.</span> <span class='ocrx_word' id='word_1_307' title='bbox 1027 2472 1073 2511; x_wconf 86' lang='grc' dir='ltr'>Τί</span> <span class='ocrx_word' id='word_1_308' title='bbox 1088 2473 1155 2526; x_wconf 78' lang='grc' dir='ltr'>γὰρ</span> 
     </span>
     <span class='ocr_line' id='line_1_39' title="bbox 134 2531 1153 2586; baseline 0.005 -19"><span class='ocrx_word' id='word_1_309' title='bbox 134 2532 189 2569; x_wconf 74' lang='grc' dir='ltr'>τὸν</span> <span class='ocrx_word' id='word_1_310' title='bbox 211 2531 342 2569; x_wconf 76' lang='grc' dir='ltr'>Ἰούδαν</span> <span class='ocrx_word' id='word_1_311' title='bbox 359 2532 549 2584; x_wconf 65' lang='grc' dir='ltr'>ὠφέλησεν,</span> <span class='ocrx_word' id='word_1_312' title='bbox 566 2533 642 2571; x_wconf 79' lang='grc' dir='ltr'>εἶπέ</span> <span class='ocrx_word' id='word_1_313' title='bbox 656 2537 764 2583; x_wconf 80' lang='grc' dir='ltr'>μοι,ἦ</span> <span class='ocrx_word' id='word_1_314' title='bbox 785 2539 844 2572; x_wconf 72' lang='grc' dir='ltr'>τοῦ</span> <span class='ocrx_word' id='word_1_315' title='bbox 863 2535 1015 2586; x_wconf 73' lang='grc' dir='ltr'>Χριστοῦ</span> <span class='ocrx_word' id='word_1_316' title='bbox 1033 2550 1153 2572; x_wconf 82' lang='grc' dir='ltr'>συνου-</span> 
     </span>
     <span class='ocr_line' id='line_1_40' title="bbox 135 2591 1154 2645; baseline 0.005 -17"><span class='ocrx_word' id='word_1_317' title='bbox 135 2591 213 2637; x_wconf 83' lang='grc' dir='ltr'>σία;</span> <span class='ocrx_word' id='word_1_318' title='bbox 232 2592 266 2628; x_wconf 85' lang='grc' dir='ltr'>τί</span> <span class='ocrx_word' id='word_1_319' title='bbox 286 2592 320 2630; x_wconf 77' lang='grc' dir='ltr'>δὲ</span> <span class='ocrx_word' id='word_1_320' title='bbox 335 2593 412 2636; x_wconf 68' lang='grc' dir='ltr'>τοὺς</span> <span class='ocrx_word' id='word_1_321' title='bbox 430 2593 616 2636; x_wconf 83' lang='grc' dir='ltr'>Ἰουδαίους</span> <span class='ocrx_word' id='word_1_322' title='bbox 634 2597 651 2631; x_wconf 90' lang='grc' dir='ltr'><strong><em>ὃ</em></strong></span> <span class='ocrx_word' id='word_1_323' title='bbox 672 2593 795 2644; x_wconf 81' lang='grc' dir='ltr'>νόμος;</span> <span class='ocrx_word' id='word_1_324' title='bbox 822 2594 856 2632; x_wconf 86' lang='grc' dir='ltr'>τί</span> <span class='ocrx_word' id='word_1_325' title='bbox 877 2595 911 2632; x_wconf 83' lang='grc' dir='ltr'>δὲ</span> <span class='ocrx_word' id='word_1_326' title='bbox 934 2595 990 2632; x_wconf 67' lang='grc' dir='ltr'>τὸν</span> <span class='ocrx_word' id='word_1_327' title='bbox 1008 2594 1117 2645; x_wconf 81' lang='grc' dir='ltr'>Ἀδὰμ</span> <span class='ocrx_word' id='word_1_328' title='bbox 1137 2599 1154 2633; x_wconf 86' lang='grc' dir='ltr'><em>ὃ</em></span> 
     </span>
     <span class='ocr_line' id='line_1_41' title="bbox 132 2652 1155 2706; baseline 0.006 -19"><span class='ocrx_word' id='word_1_329' title='bbox 132 2652 358 2702; x_wconf 70' lang='grc' dir='ltr'>παράδεισος,</span> <span class='ocrx_word' id='word_1_330' title='bbox 377 2653 411 2690; x_wconf 83' lang='grc' dir='ltr'>τί</span> <span class='ocrx_word' id='word_1_331' title='bbox 431 2654 466 2691; x_wconf 79' lang='grc' dir='ltr'>δὲ</span> <span class='ocrx_word' id='word_1_332' title='bbox 481 2654 558 2696; x_wconf 79' lang='grc' dir='ltr'>τοὺς</span> <span class='ocrx_word' id='word_1_333' title='bbox 574 2657 606 2692; x_wconf 81' lang='grc' dir='ltr'>ἐν</span> <span class='ocrx_word' id='word_1_334' title='bbox 627 2657 670 2704; x_wconf 71' lang='grc' dir='ltr'>τῇ</span> <span class='ocrx_word' id='word_1_335' title='bbox 686 2653 807 2706; x_wconf 76' lang='grc' dir='ltr'>ἐρήμῳ</span> <span class='ocrx_word' id='word_1_336' title='bbox 824 2656 996 2703; x_wconf 68' lang='grc' dir='ltr'>Μωῦσῆς,</span> <span class='ocrx_word' id='word_1_337' title='bbox 1017 2656 1085 2693; x_wconf 52' lang='lat' dir='ltr'>Aa&amp;</span> <span class='ocrx_word' id='word_1_338' title='bbox 1100 2671 1155 2694; x_wconf 91' lang='grc' dir='ltr'>τοι</span> 
     </span>
     <span class='ocr_line' id='line_1_42' title="bbox 132 2713 1153 2765; baseline 0.005 -17"><span class='ocrx_word' id='word_1_339' title='bbox 132 2715 233 2750; x_wconf 73' lang='grc' dir='ltr'>τοῦτο</span> <span class='ocrx_word' id='word_1_340' title='bbox 255 2713 369 2751; x_wconf 84' lang='grc' dir='ltr'>πάντα</span> <span class='ocrx_word' id='word_1_341' title='bbox 394 2714 588 2765; x_wconf 57' lang='grc' dir='ltr'>ῧάφέντας,</span> <span class='ocrx_word' id='word_1_342' title='bbox 611 2714 645 2751; x_wconf 85' lang='grc' dir='ltr'>ἓν</span> <span class='ocrx_word' id='word_1_343' title='bbox 673 2715 722 2752; x_wconf 78' lang='grc' dir='ltr'>δεῖ</span> <span class='ocrx_word' id='word_1_344' title='bbox 755 2721 896 2752; x_wconf 87' lang='grc' dir='ltr'>σκοπεῖν</span> <span class='ocrx_word' id='word_1_345' title='bbox 926 2715 1040 2765; x_wconf 90' lang='grc' dir='ltr'>μόνον,</span> <span class='ocrx_word' id='word_1_346' title='bbox 1060 2716 1153 2759; x_wconf 81' lang='grc' dir='ltr'>ὅπως</span> 
     </span>
     <span class='ocr_line' id='line_1_43' title="bbox 131 2771 1152 2825; baseline 0.006 -17"><span class='ocrx_word' id='word_1_347' title='bbox 131 2771 175 2809; x_wconf 80' lang='grc' dir='ltr'>τὰ</span> <span class='ocrx_word' id='word_1_348' title='bbox 207 2775 284 2810; x_wconf 77' lang='grc' dir='ltr'>καθ’</span> <span class='ocrx_word' id='word_1_349' title='bbox 317 2773 457 2816; x_wconf 67' lang='grc' dir='ltr'>ἑαυτοὺς</span> <span class='ocrx_word' id='word_1_350' title='bbox 485 2774 768 2825; x_wconf 72' lang='grc' dir='ltr'>οἷκονομησωμεν</span> <span class='ocrx_word' id='word_1_351' title='bbox 801 2777 935 2818; x_wconf 83' lang='grc' dir='ltr'>καλῶς·</span> <span class='ocrx_word' id='word_1_352' title='bbox 959 2776 1021 2813; x_wconf 75' lang='grc' dir='ltr'>κᾶν</span> <span class='ocrx_word' id='word_1_353' title='bbox 1052 2782 1152 2814; x_wconf 72' lang='grc' dir='ltr'>τοῦτο</span> 
     </span>
     <span class='ocr_line' id='line_1_44' title="bbox 130 2834 1150 2888; baseline 0.005 -18"><span class='ocrx_word' id='word_1_354' title='bbox 130 2836 296 2883; x_wconf 77' lang='grc' dir='ltr'>ποιῶμεν,</span> <span class='ocrx_word' id='word_1_355' title='bbox 313 2834 389 2873; x_wconf 62' lang='grc' dir='ltr'>οὐδὲ</span> <span class='ocrx_word' id='word_1_356' title='bbox 406 2836 505 2878; x_wconf 81' lang='grc' dir='ltr'>αὐτὸς</span> <span class='ocrx_word' id='word_1_357' title='bbox 520 2839 537 2873; x_wconf 85' lang='grc' dir='ltr'><strong><em>ὃ</em></strong></span> <span class='ocrx_word' id='word_1_358' title='bbox 551 2836 712 2878; x_wconf 68' lang='grc' dir='ltr'>διάὲολος</span> <span class='ocrx_word' id='word_1_359' title='bbox 728 2838 828 2887; x_wconf 77' lang='grc' dir='ltr'>ἡμῶν</span> <span class='ocrx_word' id='word_1_360' title='bbox 845 2836 1027 2888; x_wconf 75' lang='grc' dir='ltr'>περιέσται</span> <span class='ocrx_word' id='word_1_361' title='bbox 1046 2836 1150 2884; x_wconf 76' lang='grc' dir='ltr'>ποτὲ,</span> 
     </span>
     <span class='ocr_line' id='line_1_45' title="bbox 131 2893 1151 2949; baseline 0.006 -20"><span class='ocrx_word' id='word_1_362' title='bbox 131 2893 220 2930; x_wconf 83' lang='grc' dir='ltr'>ἀλλὰ</span> <span class='ocrx_word' id='word_1_363' title='bbox 232 2895 289 2931; x_wconf 78' lang='grc' dir='ltr'>καὶ</span> <span class='ocrx_word' id='word_1_364' title='bbox 305 2895 468 2945; x_wconf 84' lang='grc' dir='ltr'>μειζόνως</span> <span class='ocrx_word' id='word_1_365' title='bbox 481 2899 574 2946; x_wconf 74' lang='grc' dir='ltr'>ἡμᾶς</span> <span class='ocrx_word' id='word_1_366' title='bbox 589 2896 780 2947; x_wconf 68' lang='grc' dir='ltr'>ὠφελήσει,</span> <span class='ocrx_word' id='word_1_367' title='bbox 791 2897 908 2948; x_wconf 73' lang='grc' dir='ltr'>νήφειν</span> <span class='ocrx_word' id='word_1_368' title='bbox 925 2897 1151 2949; x_wconf 87' lang='grc' dir='ltr'>παρασκευά-</span> 
     </span>
     <span class='ocr_line' id='line_1_46' title="bbox 131 2954 1150 3009; baseline 0.001 -14"><span class='ocrx_word' id='word_1_369' title='bbox 131 2954 210 2995; x_wconf 84' lang='grc' dir='ltr'>ζων.</span> <span class='ocrx_word' id='word_1_370' title='bbox 234 2955 337 2992; x_wconf 75' lang='grc' dir='ltr'>Οὕτω</span> <span class='ocrx_word' id='word_1_371' title='bbox 362 2959 442 3007; x_wconf 76' lang='grc' dir='ltr'>γοῦν</span> <span class='ocrx_word' id='word_1_372' title='bbox 459 2957 518 2994; x_wconf 78' lang='grc' dir='ltr'>καὶ</span> <span class='ocrx_word' id='word_1_373' title='bbox 537 2957 612 3000; x_wconf 81' lang='grc' dir='ltr'>τοὺς</span> <span class='ocrx_word' id='word_1_374' title='bbox 628 2957 809 3009; x_wconf 73' lang='grc' dir='ltr'>Ἐφεσίους</span> <span class='ocrx_word' id='word_1_375' title='bbox 823 2961 840 2995; x_wconf 79' lang='grc' dir='ltr'>ὃ</span> <span class='ocrx_word' id='word_1_376' title='bbox 861 2959 997 3001; x_wconf 76' lang='grc' dir='ltr'>Παῦλος</span> <span class='ocrx_word' id='word_1_377' title='bbox 1018 2958 1150 3008; x_wconf 72' lang='grc' dir='ltr'>διήγει-</span> 
     </span>
     <span class='ocr_line' id='line_1_47' title="bbox 133 3013 1151 3070; baseline 0.007 -22"><span class='ocrx_word' id='word_1_378' title='bbox 133 3026 185 3061; x_wconf 86' lang='grc' dir='ltr'>ρε,</span> <span class='ocrx_word' id='word_1_379' title='bbox 214 3013 274 3059; x_wconf 73' lang='grc' dir='ltr'>τὴν</span> <span class='ocrx_word' id='word_1_380' title='bbox 295 3015 422 3052; x_wconf 85' lang='grc' dir='ltr'>ἐκείνου</span> <span class='ocrx_word' id='word_1_381' title='bbox 450 3016 672 3068; x_wconf 76' lang='grc' dir='ltr'>διηγούμενος</span> <span class='ocrx_word' id='word_1_382' title='bbox 707 3018 909 3070; x_wconf 82' lang='grc' dir='ltr'>ἀγριότητα.</span> <span class='ocrx_word' id='word_1_383' title='bbox 937 3017 1028 3055; x_wconf 75' lang='grc' dir='ltr'>Ἀλλ’</span> <span class='ocrx_word' id='word_1_384' title='bbox 1049 3021 1151 3067; x_wconf 79' lang='grc' dir='ltr'>ἡμεῖς</span> 
     </span>
     <span class='ocr_line' id='line_1_48' title="bbox 131 3072 1151 3131; baseline 0.007 -24"><span class='ocrx_word' id='word_1_385' title='bbox 131 3073 339 3123; x_wconf 75' lang='grc' dir='ltr'>καθεύδομεν</span> <span class='ocrx_word' id='word_1_386' title='bbox 360 3075 418 3112; x_wconf 76' lang='grc' dir='ltr'>καὶ</span> <span class='ocrx_word' id='word_1_387' title='bbox 438 3076 607 3128; x_wconf 78' lang='grc' dir='ltr'>ῥέγχομεν</span> <span class='ocrx_word' id='word_1_388' title='bbox 627 3077 686 3115; x_wconf 83' lang='grc' dir='ltr'>καὶ</span> <span class='ocrx_word' id='word_1_389' title='bbox 704 3084 813 3116; x_wconf 78' lang='grc' dir='ltr'>ταῦτα</span> <span class='ocrx_word' id='word_1_390' title='bbox 833 3079 916 3131; x_wconf 82' lang='grc' dir='ltr'>πρὸς</span> <span class='ocrx_word' id='word_1_391' title='bbox 940 3077 1029 3116; x_wconf 79' lang='grc' dir='ltr'>οὕτω</span> <span class='ocrx_word' id='word_1_392' title='bbox 1043 3072 1151 3124; x_wconf 84' lang='grc' dir='ltr'>πονη-</span> 
     </span>
     <span class='ocr_line' id='line_1_49' title="bbox 135 3130 1151 3189; baseline 0.008 -22"><span class='ocrx_word' id='word_1_393' title='bbox 135 3130 191 3180; x_wconf 75' lang='grc' dir='ltr'>ρὸν</span> <span class='ocrx_word' id='word_1_394' title='bbox 212 3133 397 3183; x_wconf 62' lang='grc' dir='ltr'>λ’πολέμιον</span> <span class='ocrx_word' id='word_1_395' title='bbox 415 3135 561 3186; x_wconf 76' lang='grc' dir='ltr'>ἔχοντες.</span> <span class='ocrx_word' id='word_1_396' title='bbox 584 3137 651 3175; x_wconf 81' lang='grc' dir='ltr'>Καὶ</span> <span class='ocrx_word' id='word_1_397' title='bbox 677 3140 706 3175; x_wconf 84' lang='grc' dir='ltr'>εἷ</span> <span class='ocrx_word' id='word_1_398' title='bbox 727 3137 788 3188; x_wconf 78' lang='grc' dir='ltr'>μὲν</span> <span class='ocrx_word' id='word_1_399' title='bbox 810 3138 886 3189; x_wconf 70' lang='grc' dir='ltr'>ὄφιν</span> <span class='ocrx_word' id='word_1_400' title='bbox 903 3138 1151 3189; x_wconf 67' lang='grc' dir='ltr'>ἓμςρωλεύοντα</span> 
     </span>
    </p>
   </div>
   <div class='ocr_carea' id='block_1_3' title="bbox 176 3264 1141 3366">
    <p class='ocr_par' dir='ltr' id='par_1_3' title="bbox 176 3264 1141 3366">
     <span class='ocr_line' id='line_1_50' title="bbox 176 3264 848 3313; baseline 0.013 -18"><span class='ocrx_word' id='word_1_401' title='bbox 176 3276 187 3289; x_wconf 73' lang='lat'>³</span> <span class='ocrx_word' id='word_1_402' title='bbox 214 3264 267 3297; x_wconf 83' lang='lat' dir='ltr'>Sic</span> <span class='ocrx_word' id='word_1_403' title='bbox 281 3266 356 3299; x_wconf 76' lang='lat' dir='ltr'>Mss.</span> <span class='ocrx_word' id='word_1_404' title='bbox 376 3268 415 3298; x_wconf 87' lang='lat' dir='ltr'>In</span> <span class='ocrx_word' id='word_1_405' title='bbox 432 3267 538 3301; x_wconf 76' lang='lat' dir='ltr'>Editis</span> <span class='ocrx_word' id='word_1_406' title='bbox 554 3271 602 3312; x_wconf 83' lang='lat' dir='ltr'>[et</span> <span class='ocrx_word' id='word_1_407' title='bbox 619 3272 672 3313; x_wconf 83' lang='lat' dir='ltr'>A.]</span> <span class='ocrx_word' id='word_1_408' title='bbox 690 3278 728 3310; x_wconf 79' lang='grc' dir='ltr'>εἰς</span> <span class='ocrx_word' id='word_1_409' title='bbox 745 3272 848 3304; x_wconf 86' lang='lat' dir='ltr'>deest·</span> 
     </span>
     <span class='ocr_line' id='line_1_51' title="bbox 178 3317 1141 3366; baseline 0.008 -21"><span class='ocrx_word' id='word_1_410' title='bbox 178 3326 189 3339; x_wconf 65' lang='lat'>¹</span> <span class='ocrx_word' id='word_1_411' title='bbox 214 3317 287 3347; x_wconf 73' lang='lat' dir='ltr'>Mss.</span> <span class='ocrx_word' id='word_1_412' title='bbox 308 3324 444 3360; x_wconf 48' lang='grc' dir='ltr'>ἀφέντας.</span> <span class='ocrx_word' id='word_1_413' title='bbox 464 3319 539 3359; x_wconf 83' lang='lat' dir='ltr'>[Ita</span> <span class='ocrx_word' id='word_1_414' title='bbox 563 3328 596 3352; x_wconf 85' lang='lat' dir='ltr'>et</span> <span class='ocrx_word' id='word_1_415' title='bbox 618 3321 717 3354; x_wconf 77' lang='lat' dir='ltr'>Savil.</span> <span class='ocrx_word' id='word_1_416' title='bbox 739 3330 771 3354; x_wconf 79' lang='lat' dir='ltr'>et,</span> <span class='ocrx_word' id='word_1_417' title='bbox 787 3325 823 3354; x_wconf 86' lang='lat' dir='ltr'>A.</span> <span class='ocrx_word' id='word_1_418' title='bbox 844 3334 932 3355; x_wconf 82' lang='lat' dir='ltr'>corr.</span> <span class='ocrx_word' id='word_1_419' title='bbox 956 3321 1141 3366; x_wconf 77' lang='lat' dir='ltr'>Legebatur</span> 
     </span>
    </p>
   </div>
   <div class='ocr_carea' id='block_1_4' title="bbox 1049 219 1252 249">
    <p class='ocr_par' dir='ltr' id='par_1_4' title="bbox 1049 219 1252 249">
     <span class='ocr_line' id='line_1_52' title="bbox 1049 219 1252 249; baseline 0 -1"><span class='ocrx_word' id='word_1_420' title='bbox 1049 219 1108 249; x_wconf 74' lang='lat' dir='ltr'>AD</span> <span class='ocrx_word' id='word_1_421' title='bbox 1144 219 1233 249; x_wconf 79' lang='lat' dir='ltr'>ROM</span> <span class='ocrx_word' id='word_1_422' title='bbox 1242 238 1252 248; x_wconf 87' lang='grc'><strong>.</strong></span> 
     </span>
    </p>
   </div>
   <div class='ocr_carea' id='block_1_5' title="bbox 2121 201 2206 246">
    <p class='ocr_par' dir='ltr' id='par_1_5' title="bbox 2121 201 2206 246">
     <span class='ocr_line' id='line_1_53' title="bbox 2121 201 2206 246; baseline -0.012 0"><span class='ocrx_word' id='word_1_423' title='bbox 2121 201 2206 246; x_wconf 75' lang='lat'>581</span> 
     </span>
    </p>
   </div>
   <div class='ocr_carea' id='block_1_6' title="bbox 1232 298 2215 769">
    <p class='ocr_par' dir='ltr' id='par_1_6' title="bbox 1232 298 2215 769">
     <span class='ocr_line' id='line_1_54' title="bbox 1233 298 2214 351; baseline -0.002 -15"><span class='ocrx_word' id='word_1_424' title='bbox 1233 313 1298 351; x_wconf 87' lang='lat' dir='ltr'>pro</span> <span class='ocrx_word' id='word_1_425' title='bbox 1330 299 1406 351; x_wconf 85' lang='lat' dir='ltr'>ipso</span> <span class='ocrx_word' id='word_1_426' title='bbox 1441 299 1532 351; x_wconf 89' lang='lat' dir='ltr'>passi</span> <span class='ocrx_word' id='word_1_427' title='bbox 1569 298 1740 336; x_wconf 82' lang='lat' dir='ltr'><strong>fuerimus</strong></span> <span class='ocrx_word' id='word_1_428' title='bbox 1753 327 1764 347; x_wconf 88' lang='lat'>,</span> <span class='ocrx_word' id='word_1_429' title='bbox 1803 311 1870 336; x_wconf 90' lang='lat' dir='ltr'>non</span> <span class='ocrx_word' id='word_1_430' title='bbox 1896 305 2039 349; x_wconf 84' lang='lat' dir='ltr'>propter</span> <span class='ocrx_word' id='word_1_431' title='bbox 2059 311 2214 335; x_wconf 85' lang='lat' dir='ltr'>amorem</span> 
     </span>
     <span class='ocr_line' id='line_1_55' title="bbox 1234 357 2214 412; baseline -0.002 -16"><span class='ocrx_word' id='word_1_432' title='bbox 1234 368 1382 410; x_wconf 86' lang='lat' dir='ltr'>tantum,</span> <span class='ocrx_word' id='word_1_433' title='bbox 1402 360 1460 398; x_wconf 86' lang='lat' dir='ltr'>sed</span> <span class='ocrx_word' id='word_1_434' title='bbox 1477 360 1583 398; x_wconf 89' lang='lat' dir='ltr'>etiam</span> <span class='ocrx_word' id='word_1_435' title='bbox 1597 368 1742 412; x_wconf 83' lang='lat' dir='ltr'>propter</span> <span class='ocrx_word' id='word_1_436' title='bbox 1756 358 1862 396; x_wconf 86' lang='lat' dir='ltr'>amati</span> <span class='ocrx_word' id='word_1_437' title='bbox 1881 358 2029 409; x_wconf 83' lang='lat' dir='ltr'>gloriam</span> <span class='ocrx_word' id='word_1_438' title='bbox 2044 367 2078 395; x_wconf 89' lang='lat' dir='ltr'>et</span> <span class='ocrx_word' id='word_1_439' title='bbox 2095 357 2214 408; x_wconf 83' lang='lat' dir='ltr'>digni-</span> 
     </span>
     <span class='ocr_line' id='line_1_56' title="bbox 1234 418 2214 471; baseline -0.001 -15"><span class='ocrx_word' id='word_1_440' title='bbox 1234 429 1354 467; x_wconf 84' lang='lat' dir='ltr'>tatem,</span> <span class='ocrx_word' id='word_1_441' title='bbox 1374 420 1485 471; x_wconf 86' lang='lat' dir='ltr'>gloria</span> <span class='ocrx_word' id='word_1_442' title='bbox 1498 434 1580 458; x_wconf 77' lang='lat' dir='ltr'>vere</span> <span class='ocrx_word' id='word_1_443' title='bbox 1605 429 1774 458; x_wconf 85' lang='lat' dir='ltr'>vocentur</span> <span class='ocrx_word' id='word_1_444' title='bbox 1793 428 1825 456; x_wconf 91' lang='lat' dir='ltr'>et</span> <span class='ocrx_word' id='word_1_445' title='bbox 1842 418 1982 456; x_wconf 87' lang='lat' dir='ltr'>fuerint.</span> <span class='ocrx_word' id='word_1_446' title='bbox 2004 418 2115 464; x_wconf 82' lang='lat' dir='ltr'>Quasi</span> <span class='ocrx_word' id='word_1_447' title='bbox 2131 432 2214 469; x_wconf 81' lang='lat' dir='ltr'>ergo</span> 
     </span>
     <span class='ocr_line' id='line_1_57' title="bbox 1233 478 2214 532; baseline 0 -16"><span class='ocrx_word' id='word_1_448' title='bbox 1233 479 1278 517; x_wconf 90' lang='lat' dir='ltr'>ad</span> <span class='ocrx_word' id='word_1_449' title='bbox 1291 494 1433 519; x_wconf 87' lang='lat' dir='ltr'>coronas</span> <span class='ocrx_word' id='word_1_450' title='bbox 1445 480 1632 528; x_wconf 80' lang='lat' dir='ltr'>maximas,</span> <span class='ocrx_word' id='word_1_451' title='bbox 1647 479 1692 517; x_wconf 90' lang='lat' dir='ltr'>ad</span> <span class='ocrx_word' id='word_1_452' title='bbox 1704 479 1859 532; x_wconf 83' lang='lat' dir='ltr'>pericula</span> <span class='ocrx_word' id='word_1_453' title='bbox 1869 493 1933 530; x_wconf 87' lang='lat' dir='ltr'>pro</span> <span class='ocrx_word' id='word_1_454' title='bbox 1943 478 2019 530; x_wconf 91' lang='lat' dir='ltr'>ipso</span> <span class='ocrx_word' id='word_1_455' title='bbox 2031 478 2214 516; x_wconf 85' lang='lat' dir='ltr'>subeunda</span> 
     </span>
     <span class='ocr_line' id='line_1_58' title="bbox 1235 539 2215 592; baseline 0 -16"><span class='ocrx_word' id='word_1_456' title='bbox 1235 554 1432 589; x_wconf 83' lang='lat' dir='ltr'>curramus,</span> <span class='ocrx_word' id='word_1_457' title='bbox 1468 555 1531 578; x_wconf 88' lang='lat' dir='ltr'>nec</span> <span class='ocrx_word' id='word_1_458' title='bbox 1564 550 1825 592; x_wconf 76' lang='lat' dir='ltr'>paupertatem,</span> <span class='ocrx_word' id='word_1_459' title='bbox 1855 539 1913 577; x_wconf 79' lang='lat' dir='ltr'>vel</span> <span class='ocrx_word' id='word_1_460' title='bbox 1941 539 2128 584; x_wconf 85' lang='lat' dir='ltr'>morbum,</span> <span class='ocrx_word' id='word_1_461' title='bbox 2157 539 2215 577; x_wconf 71' lang='lat' dir='ltr'>vel</span> 
     </span>
     <span class='ocr_line' id='line_1_59' title="bbox 1233 597 2214 650; baseline 0.001 -17"><span class='ocrx_word' id='word_1_462' title='bbox 1233 598 1444 647; x_wconf 75' lang='lat' dir='ltr'>molestiam,</span> <span class='ocrx_word' id='word_1_463' title='bbox 1465 599 1523 636; x_wconf 67' lang='lat' dir='ltr'>vel</span> <span class='ocrx_word' id='word_1_464' title='bbox 1542 599 1811 650; x_wconf 68' lang='lat' dir='ltr'>sycophantiam</span> <span class='ocrx_word' id='word_1_465' title='bbox 1823 628 1834 648; x_wconf 89' lang='lat'>,</span> <span class='ocrx_word' id='word_1_466' title='bbox 1857 598 1915 635; x_wconf 90' lang='lat' dir='ltr'>vel</span> <span class='ocrx_word' id='word_1_467' title='bbox 1933 597 2047 649; x_wconf 87' lang='lat' dir='ltr'>ipsam</span> <span class='ocrx_word' id='word_1_468' title='bbox 2064 606 2214 634; x_wconf 87' lang='lat' dir='ltr'>mortem</span> 
     </span>
     <span class='ocr_line' id='line_1_60' title="bbox 1233 657 2214 709; baseline -0.001 -14"><span class='ocrx_word' id='word_1_469' title='bbox 1233 671 1377 707; x_wconf 85' lang='lat' dir='ltr'>gravem</span> <span class='ocrx_word' id='word_1_470' title='bbox 1413 668 1446 696; x_wconf 89' lang='lat' dir='ltr'>et</span> <span class='ocrx_word' id='word_1_471' title='bbox 1483 659 1664 696; x_wconf 80' lang='lat' dir='ltr'>molestam</span> <span class='ocrx_word' id='word_1_472' title='bbox 1695 673 1767 695; x_wconf 85' lang='lat' dir='ltr'>esse</span> <span class='ocrx_word' id='word_1_473' title='bbox 1807 667 1991 709; x_wconf 82' lang='lat' dir='ltr'>putemus,</span> <span class='ocrx_word' id='word_1_474' title='bbox 2027 672 2108 695; x_wconf 90' lang='lat' dir='ltr'>cum</span> <span class='ocrx_word' id='word_1_475' title='bbox 2138 657 2214 694; x_wconf 82' lang='lat' dir='ltr'>haec</span> 
     </span>
     <span class='ocr_line' id='line_1_61' title="bbox 1232 717 2210 769; baseline -0.001 -15"><span class='ocrx_word' id='word_1_476' title='bbox 1232 727 1377 769; x_wconf 84' lang='lat' dir='ltr'>propter</span> <span class='ocrx_word' id='word_1_477' title='bbox 1399 718 1502 755; x_wconf 91' lang='lat' dir='ltr'>illum</span> <span class='ocrx_word' id='word_1_478' title='bbox 1522 717 1725 755; x_wconf 86' lang='lat' dir='ltr'>sustinenda</span> <span class='ocrx_word' id='word_1_479' title='bbox 1745 718 1827 755; x_wconf 81' lang='lat' dir='ltr'>sint.</span> <span class='ocrx_word' id='word_1_480' title='bbox 1856 719 1947 755; x_wconf 88' lang='lat' dir='ltr'>Nam</span> <span class='ocrx_word' id='word_1_481' title='bbox 1969 718 1997 754; x_wconf 86' lang='lat' dir='ltr'>si</span> <span class='ocrx_word' id='word_1_482' title='bbox 2017 717 2210 769; x_wconf 83' lang='lat' dir='ltr'>sapiamus,</span> 
     </span>
    </p>
   </div>
   <div class='ocr_carea' id='block_1_7' title="bbox 1290 218 1529 249">
    <p class='ocr_par' dir='ltr' id='par_1_7' title="bbox 1290 218 1529 249">
     <span class='ocr_line' id='line_1_62' title="bbox 1290 218 1529 249; baseline -0.004 -1"><span class='ocrx_word' id='word_1_483' title='bbox 1290 218 1444 249; x_wconf 75' lang='lat' dir='ltr'>HOMIL.</span> <span class='ocrx_word' id='word_1_484' title='bbox 1484 219 1529 247; x_wconf 79' lang='lat' dir='ltr'>X.</span> 
     </span>
    </p>
   </div>
   <div class='ocr_carea' id='block_1_8' title="bbox 1197 777 2213 828">
    <p class='ocr_par' dir='ltr' id='par_1_8' title="bbox 1197 777 2213 828">
     <span class='ocr_line' id='line_1_63' title="bbox 1197 777 2213 828; baseline 0 -14"><span class='ocrx_word' id='word_1_485' title='bbox 1197 797 1203 805; x_wconf 75' lang='lat'>‹</span> <span class='ocrx_word' id='word_1_486' title='bbox 1232 791 1402 828; x_wconf 82' lang='lat' dir='ltr'>magnum</span> <span class='ocrx_word' id='word_1_487' title='bbox 1426 778 1507 815; x_wconf 86' lang='lat' dir='ltr'>inde</span> <span class='ocrx_word' id='word_1_488' title='bbox 1530 779 1686 815; x_wconf 87' lang='lat' dir='ltr'>fructum</span> <span class='ocrx_word' id='word_1_489' title='bbox 1711 777 1958 828; x_wconf 83' lang='lat' dir='ltr'>decerpemus;</span> <span class='ocrx_word' id='word_1_490' title='bbox 1985 777 2213 828; x_wconf 88' lang='lat' dir='ltr'>quemadmo-</span> 
     </span>
    </p>
   </div>
   <div class='ocr_carea' id='block_1_9' title="bbox 1228 837 2394 1368">
    <p class='ocr_par' dir='ltr' id='par_1_9' title="bbox 1231 837 2215 888">
     <span class='ocr_line' id='line_1_64' title="bbox 1231 837 2215 888; baseline 0 -14"><span class='ocrx_word' id='word_1_491' title='bbox 1231 837 1319 874; x_wconf 86' lang='lat' dir='ltr'>dum</span> <span class='ocrx_word' id='word_1_492' title='bbox 1334 837 1401 874; x_wconf 87' lang='lat' dir='ltr'>nisi</span> <span class='ocrx_word' id='word_1_493' title='bbox 1414 837 1607 888; x_wconf 84' lang='lat' dir='ltr'>sapiamus,</span> <span class='ocrx_word' id='word_1_494' title='bbox 1625 851 1667 874; x_wconf 92' lang='lat' dir='ltr'>ne</span> <span class='ocrx_word' id='word_1_495' title='bbox 1681 851 1699 873; x_wconf 88' lang='lat' dir='ltr'>a</span> <span class='ocrx_word' id='word_1_496' title='bbox 1717 837 1900 874; x_wconf 80' lang='lat' dir='ltr'>contrariis</span> <span class='ocrx_word' id='word_1_497' title='bbox 1915 837 2060 887; x_wconf 87' lang='lat' dir='ltr'>quidem</span> <span class='ocrx_word' id='word_1_498' title='bbox 2075 837 2215 887; x_wconf 82' lang='lat' dir='ltr'>aliquid</span> 
     </span>
    </p>

    <p class='ocr_par' dir='ltr' id='par_1_10' title="bbox 1230 897 2215 1009">
     <span class='ocr_line' id='line_1_65' title="bbox 1230 897 2215 950; baseline 0 -15"><span class='ocrx_word' id='word_1_499' title='bbox 1230 898 1313 935; x_wconf 85' lang='lat' dir='ltr'>boni</span> <span class='ocrx_word' id='word_1_500' title='bbox 1332 898 1564 935; x_wconf 87' lang='lat' dir='ltr'>lucrabimur.</span> <span class='ocrx_word' id='word_1_501' title='bbox 1585 897 1766 948; x_wconf 87' lang='lat' dir='ltr'>Perpende</span> <span class='ocrx_word' id='word_1_502' title='bbox 1783 907 1900 935; x_wconf 86' lang='lat' dir='ltr'>autem</span> <span class='ocrx_word' id='word_1_503' title='bbox 1918 914 1925 934; x_wconf 76' lang='grc' dir='ltr'>ε</span> <span class='ocrx_word' id='word_1_504' title='bbox 1943 898 2008 936; x_wconf 85' lang='lat' dir='ltr'>tibi</span> <span class='ocrx_word' id='word_1_505' title='bbox 2036 899 2215 950; x_wconf 84' lang='lat' dir='ltr'>quispiam</span> 
     </span>
     <span class='ocr_line' id='line_1_66' title="bbox 1230 957 2215 1009; baseline 0.001 -14"><span class='ocrx_word' id='word_1_506' title='bbox 1230 959 1398 996; x_wconf 86' lang='lat' dir='ltr'>molestus</span> <span class='ocrx_word' id='word_1_507' title='bbox 1427 967 1490 1004; x_wconf 84' lang='lat' dir='ltr'>est,</span> <span class='ocrx_word' id='word_1_508' title='bbox 1526 967 1559 995; x_wconf 90' lang='lat' dir='ltr'>et</span> <span class='ocrx_word' id='word_1_509' title='bbox 1588 957 1828 996; x_wconf 72' lang='lat' dir='ltr'><strong>adversatur?</strong></span> <span class='ocrx_word' id='word_1_510' title='bbox 1861 958 1915 995; x_wconf 85' lang='lat' dir='ltr'>Ad</span> <span class='ocrx_word' id='word_1_511' title='bbox 1940 959 2166 1009; x_wconf 68' lang='lat' dir='ltr'>vigilandum</span> <span class='ocrx_word' id='word_1_512' title='bbox 2181 969 2215 996; x_wconf 89' lang='lat' dir='ltr'>te</span> 
     </span>
    </p>

    <p class='ocr_par' dir='ltr' id='par_1_11' title="bbox 1228 1018 2215 1069">
     <span class='ocr_line' id='line_1_67' title="bbox 1228 1018 2215 1069; baseline 0.001 -14"><span class='ocrx_word' id='word_1_513' title='bbox 1228 1018 1290 1055; x_wconf 87' lang='lat' dir='ltr'>ille</span> <span class='ocrx_word' id='word_1_514' title='bbox 1314 1027 1496 1069; x_wconf 76' lang='lat' dir='ltr'>provocat,</span> <span class='ocrx_word' id='word_1_515' title='bbox 1519 1018 1804 1068; x_wconf 84' lang='lat' dir='ltr'>occasionemque</span> <span class='ocrx_word' id='word_1_516' title='bbox 1834 1018 1900 1055; x_wconf 81' lang='lat' dir='ltr'>tibi</span> <span class='ocrx_word' id='word_1_517' title='bbox 1925 1019 2070 1069; x_wconf 62' lang='lat' dir='ltr'>praebet,</span> <span class='ocrx_word' id='word_1_518' title='bbox 2100 1028 2139 1055; x_wconf 88' lang='lat' dir='ltr'>ut</span> <span class='ocrx_word' id='word_1_519' title='bbox 2168 1020 2215 1056; x_wconf 89' lang='lat' dir='ltr'>sis</span> 
     </span>
    </p>

    <p class='ocr_par' dir='ltr' id='par_1_12' title="bbox 1230 1075 2214 1127">
     <span class='ocr_line' id='line_1_68' title="bbox 1230 1075 2214 1127; baseline 0 -14"><span class='ocrx_word' id='word_1_520' title='bbox 1230 1077 1306 1113; x_wconf 88' lang='lat' dir='ltr'>Deo</span> <span class='ocrx_word' id='word_1_521' title='bbox 1325 1076 1466 1113; x_wconf 88' lang='lat' dir='ltr'>similis.</span> <span class='ocrx_word' id='word_1_522' title='bbox 1501 1075 1541 1113; x_wconf 88' lang='lat' dir='ltr'>Si</span> <span class='ocrx_word' id='word_1_523' title='bbox 1571 1075 1799 1113; x_wconf 79' lang='lat' dir='ltr'>insidiantem</span> <span class='ocrx_word' id='word_1_524' title='bbox 1820 1075 1885 1113; x_wconf 85' lang='lat' dir='ltr'>tibi</span> <span class='ocrx_word' id='word_1_525' title='bbox 1911 1076 2056 1127; x_wconf 79' lang='lat' dir='ltr'>diligas,</span> <span class='ocrx_word' id='word_1_526' title='bbox 2087 1076 2214 1113; x_wconf 87' lang='lat' dir='ltr'>similis</span> 
     </span>
    </p>

    <p class='ocr_par' dir='ltr' id='par_1_13' title="bbox 1229 1135 2394 1307">
     <span class='ocr_line' id='line_1_69' title="bbox 1230 1135 2394 1187; baseline 0.003 -14"><span class='ocrx_word' id='word_1_527' title='bbox 1230 1135 1297 1173; x_wconf 87' lang='lat' dir='ltr'>eris</span> <span class='ocrx_word' id='word_1_528' title='bbox 1319 1135 1365 1185; x_wconf 90' lang='lat' dir='ltr'>ei,</span> <span class='ocrx_word' id='word_1_529' title='bbox 1405 1137 1480 1186; x_wconf 80' lang='lat' dir='ltr'>Qui</span> <span class='ocrx_word' id='word_1_530' title='bbox 1501 1137 1618 1174; x_wconf 78' lang='lat' dir='ltr'>solem</span> <span class='ocrx_word' id='word_1_531' title='bbox 1651 1139 1743 1173; x_wconf 83' lang='lat' dir='ltr'>oriri</span> <span class='ocrx_word' id='word_1_532' title='bbox 1759 1137 1860 1187; x_wconf 83' lang='lat' dir='ltr'>facit</span> <span class='ocrx_word' id='word_1_533' title='bbox 1885 1150 1997 1187; x_wconf 78' lang='lat' dir='ltr'>super</span> <span class='ocrx_word' id='word_1_534' title='bbox 2022 1137 2146 1174; x_wconf 79' lang='lat' dir='ltr'>malos</span> <span class='ocrx_word' id='word_1_535' title='bbox 2178 1145 2212 1173; x_wconf 82' lang='lat' dir='ltr'>et</span> <span class='ocrx_word' id='word_1_536' title='bbox 2231 1151 2341 1179; x_wconf 56' lang='lat' dir='ltr'>Asaak,</span> <span class='ocrx_word' id='word_1_537' title='bbox 2365 1152 2394 1181; x_wconf 74' lang='lat'>5,</span> 
     </span>
     <span class='ocr_line' id='line_1_70' title="bbox 1231 1188 2279 1248; baseline 0.002 -16"><span class='ocrx_word' id='word_1_538' title='bbox 1231 1198 1360 1233; x_wconf 81' lang='lat' dir='ltr'>bonos.</span> <span class='ocrx_word' id='word_1_539' title='bbox 1395 1196 1495 1233; x_wconf 88' lang='lat' dir='ltr'>Alius</span> <span class='ocrx_word' id='word_1_540' title='bbox 1514 1196 1581 1234; x_wconf 88' lang='lat' dir='ltr'>tibi</span> <span class='ocrx_word' id='word_1_541' title='bbox 1611 1196 1778 1248; x_wconf 83' lang='lat' dir='ltr'>pecunias</span> <span class='ocrx_word' id='word_1_542' title='bbox 1797 1196 1956 1247; x_wconf 74' lang='lat' dir='ltr'>abripit?</span> <span class='ocrx_word' id='word_1_543' title='bbox 1989 1196 2027 1235; x_wconf 87' lang='lat' dir='ltr'>Si</span> <span class='ocrx_word' id='word_1_544' title='bbox 2051 1210 2214 1247; x_wconf 85' lang='lat' dir='ltr'>generose</span> <span class='ocrx_word' id='word_1_545' title='bbox 2229 1188 2279 1228; x_wconf 66' lang='lat'>45.</span> 
     </span>
     <span class='ocr_line' id='line_1_71' title="bbox 1229 1254 2214 1307; baseline 0.001 -16"><span class='ocrx_word' id='word_1_546' title='bbox 1229 1254 1333 1303; x_wconf 85' lang='lat' dir='ltr'>feras,</span> <span class='ocrx_word' id='word_1_547' title='bbox 1366 1254 1525 1292; x_wconf 89' lang='lat' dir='ltr'>eamdem</span> <span class='ocrx_word' id='word_1_548' title='bbox 1544 1254 1692 1307; x_wconf 86' lang='lat' dir='ltr'>recipies</span> <span class='ocrx_word' id='word_1_549' title='bbox 1722 1254 1933 1303; x_wconf 84' lang='lat' dir='ltr'>mercedem,</span> <span class='ocrx_word' id='word_1_550' title='bbox 1969 1269 2076 1306; x_wconf 84' lang='lat' dir='ltr'>quam</span> <span class='ocrx_word' id='word_1_551' title='bbox 2105 1255 2214 1306; x_wconf 86' lang='lat' dir='ltr'>siqui</span> 
     </span>
    </p>

    <p class='ocr_par' dir='ltr' id='par_1_14' title="bbox 1230 1314 2391 1368">
     <span class='ocr_line' id='line_1_72' title="bbox 1230 1314 2391 1368; baseline -0.001 -15"><span class='ocrx_word' id='word_1_552' title='bbox 1230 1314 1348 1353; x_wconf 81' lang='lat' dir='ltr'>omnia</span> <span class='ocrx_word' id='word_1_553' title='bbox 1365 1316 1581 1367; x_wconf 86' lang='lat' dir='ltr'>pauperibus</span> <span class='ocrx_word' id='word_1_554' title='bbox 1596 1315 1810 1366; x_wconf 80' lang='lat' dir='ltr'>largiuntur.</span> <span class='ocrx_word' id='word_1_555' title='bbox 1830 1317 1933 1353; x_wconf 76' lang='lat' dir='ltr'>Nam</span> <span class='ocrx_word' id='word_1_556' title='bbox 1950 1318 2133 1367; x_wconf 82' lang='lat' dir='ltr'>rapinam</span> <span class='ocrx_word' id='word_1_557' title='bbox 2149 1317 2214 1368; x_wconf 79' lang='lat' dir='ltr'>fa·</span> <span class='ocrx_word' id='word_1_558' title='bbox 2234 1323 2323 1351; x_wconf 60' lang='lat' dir='ltr'>Helm.</span> <span class='ocrx_word' id='word_1_559' title='bbox 2347 1331 2391 1350; x_wconf 82' lang='grc' dir='ltr'>ιο.</span> 
     </span>
    </p>
   </div>
   <div class='ocr_carea' id='block_1_10' title="bbox 2255 1366 2264 1379">
    <p class='ocr_par' dir='ltr' id='par_1_15' title="bbox 2255 1366 2264 1379">
     <span class='ocr_line' id='line_1_73' title="bbox 2255 1366 2264 1379; baseline 0 0"><span class='ocrx_word' id='word_1_560' title='bbox 2255 1366 2264 1379; x_wconf 90' lang='grc' dir='ltr'><em>Ι</em></span> 
     </span>
    </p>
   </div>
   <div class='ocr_carea' id='block_1_11' title="bbox 1230 1375 2282 1427">
    <p class='ocr_par' dir='ltr' id='par_1_16' title="bbox 1230 1375 2282 1427">
     <span class='ocr_line' id='line_1_74' title="bbox 1230 1375 2282 1427; baseline 0.002 -15"><span class='ocrx_word' id='word_1_561' title='bbox 1230 1376 1421 1413; x_wconf 81' lang='lat' dir='ltr'>cultatum</span> <span class='ocrx_word' id='word_1_562' title='bbox 1441 1385 1675 1422; x_wconf 79' lang='lat' dir='ltr'>vestrarum,</span> <span class='ocrx_word' id='word_1_563' title='bbox 1698 1375 1826 1426; x_wconf 86' lang='lat' dir='ltr'>inquit,</span> <span class='ocrx_word' id='word_1_564' title='bbox 1845 1390 1931 1413; x_wconf 85' lang='lat' dir='ltr'>cum</span> <span class='ocrx_word' id='word_1_565' title='bbox 1950 1377 2094 1427; x_wconf 76' lang='lat' dir='ltr'>gaudio</span> <span class='ocrx_word' id='word_1_566' title='bbox 2110 1391 2216 1414; x_wconf 76' lang='lat' dir='ltr'>exce-</span> <span class='ocrx_word' id='word_1_567' title='bbox 2252 1378 2282 1400; x_wconf 71' lang='lat'>&#39;⁴&#39;</span> 
     </span>
    </p>
   </div>
   <div class='ocr_carea' id='block_1_12' title="bbox 1176 1437 2217 1536">
    <p class='ocr_par' dir='ltr' id='par_1_17' title="bbox 1176 1437 2217 1536">
     <span class='ocr_line' id='line_1_75' title="bbox 1176 1437 2217 1494; baseline 0.002 -22"><span class='ocrx_word' id='word_1_568' title='bbox 1176 1471 1222 1494; x_wconf 63' lang='lat'>5⁹9</span> <span class='ocrx_word' id='word_1_569' title='bbox 1230 1438 1355 1487; x_wconf 80' lang='lat' dir='ltr'>pistis,</span> <span class='ocrx_word' id='word_1_570' title='bbox 1374 1439 1536 1474; x_wconf 82' lang='lat' dir='ltr'>scientes</span> <span class='ocrx_word' id='word_1_571' title='bbox 1551 1450 1621 1474; x_wconf 84' lang='lat' dir='ltr'>vos</span> <span class='ocrx_word' id='word_1_572' title='bbox 1636 1437 1830 1473; x_wconf 84' lang='lat' dir='ltr'>meliorem</span> <span class='ocrx_word' id='word_1_573' title='bbox 1848 1437 1988 1473; x_wconf 81' lang='lat' dir='ltr'>habere</span> <span class='ocrx_word' id='word_1_574' title='bbox 2003 1446 2038 1474; x_wconf 81' lang='lat' dir='ltr'>et</span> <span class='ocrx_word' id='word_1_575' title='bbox 2057 1451 2217 1474; x_wconf 82' lang='lat' dir='ltr'>manen-</span> 
     </span>
     <span class='ocr_line' id='line_1_76' title="bbox 1189 1489 2217 1536; baseline 0 0"><span class='ocrx_word' id='word_1_576' title='bbox 1189 1489 1211 1536; x_wconf 77' lang='grc' dir='ltr'><strong>Ᾰ</strong></span> <span class='ocrx_word' id='word_1_577' title='bbox 1233 1505 1307 1534; x_wconf 82' lang='lat' dir='ltr'>tem</span> <span class='ocrx_word' id='word_1_578' title='bbox 1330 1499 1371 1533; x_wconf 88' lang='lat' dir='ltr'>in</span> <span class='ocrx_word' id='word_1_579' title='bbox 1390 1498 1494 1534; x_wconf 82' lang='lat' dir='ltr'>coelis</span> <span class='ocrx_word' id='word_1_580' title='bbox 1518 1499 1791 1535; x_wconf 79' lang='lat' dir='ltr'>substantiam.</span> <span class='ocrx_word' id='word_1_581' title='bbox 1813 1497 2016 1534; x_wconf 82' lang='lat' dir='ltr'>Maledictis</span> <span class='ocrx_word' id='word_1_582' title='bbox 2037 1506 2069 1534; x_wconf 88' lang='lat' dir='ltr'>et</span> <span class='ocrx_word' id='word_1_583' title='bbox 2095 1499 2217 1536; x_wconf 73' lang='lat' dir='ltr'>convi-</span> 
     </span>
    </p>
   </div>
   <div class='ocr_carea' id='block_1_13' title="bbox 1222 1556 2417 3185">
    <p class='ocr_par' dir='ltr' id='par_1_18' title="bbox 1233 1556 2216 1609">
     <span class='ocr_line' id='line_1_77' title="bbox 1233 1556 2216 1609; baseline 0.003 -16"><span class='ocrx_word' id='word_1_584' title='bbox 1233 1556 1297 1593; x_wconf 90' lang='lat' dir='ltr'>ciis</span> <span class='ocrx_word' id='word_1_585' title='bbox 1317 1565 1351 1594; x_wconf 86' lang='lat' dir='ltr'>te</span> <span class='ocrx_word' id='word_1_586' title='bbox 1370 1557 1546 1609; x_wconf 83' lang='lat' dir='ltr'>quispiam</span> <span class='ocrx_word' id='word_1_587' title='bbox 1566 1557 1730 1595; x_wconf 74' lang='lat' dir='ltr'>incessit?</span> <span class='ocrx_word' id='word_1_588' title='bbox 1751 1558 1821 1596; x_wconf 85' lang='lat' dir='ltr'>Seu</span> <span class='ocrx_word' id='word_1_589' title='bbox 1839 1572 1935 1607; x_wconf 80' lang='lat' dir='ltr'>vera,</span> <span class='ocrx_word' id='word_1_590' title='bbox 1963 1572 2023 1596; x_wconf 88' lang='lat' dir='ltr'>seu</span> <span class='ocrx_word' id='word_1_591' title='bbox 2046 1559 2132 1596; x_wconf 89' lang='lat' dir='ltr'>falsa</span> <span class='ocrx_word' id='word_1_592' title='bbox 2154 1559 2216 1597; x_wconf 87' lang='lat' dir='ltr'>illa</span> 
     </span>
    </p>

    <p class='ocr_par' dir='ltr' id='par_1_19' title="bbox 1231 1617 2216 1670">
     <span class='ocr_line' id='line_1_78' title="bbox 1231 1617 2216 1670; baseline 0.003 -16"><span class='ocrx_word' id='word_1_593' title='bbox 1231 1617 1313 1661; x_wconf 91' lang='lat' dir='ltr'>sint,</span> <span class='ocrx_word' id='word_1_594' title='bbox 1348 1631 1513 1655; x_wconf 89' lang='lat' dir='ltr'>coronam</span> <span class='ocrx_word' id='word_1_595' title='bbox 1552 1618 1619 1655; x_wconf 87' lang='lat' dir='ltr'>tibi</span> <span class='ocrx_word' id='word_1_596' title='bbox 1648 1619 1844 1656; x_wconf 78' lang='lat' dir='ltr'>maximam</span> <span class='ocrx_word' id='word_1_597' title='bbox 1875 1619 2014 1668; x_wconf 78' lang='lat' dir='ltr'>nexuit,</span> <span class='ocrx_word' id='word_1_598' title='bbox 2057 1620 2086 1657; x_wconf 89' lang='lat' dir='ltr'>si</span> <span class='ocrx_word' id='word_1_599' title='bbox 2114 1634 2216 1670; x_wconf 82' lang='lat' dir='ltr'>aequo</span> 
     </span>
    </p>

    <p class='ocr_par' dir='ltr' id='par_1_20' title="bbox 1230 1675 2215 1728">
     <span class='ocr_line' id='line_1_79' title="bbox 1230 1675 2215 1728; baseline 0.004 -17"><span class='ocrx_word' id='word_1_600' title='bbox 1230 1675 1351 1712; x_wconf 88' lang='lat' dir='ltr'>animo</span> <span class='ocrx_word' id='word_1_601' title='bbox 1366 1675 1465 1714; x_wconf 89' lang='lat' dir='ltr'>feras.</span> <span class='ocrx_word' id='word_1_602' title='bbox 1483 1678 1574 1715; x_wconf 89' lang='lat' dir='ltr'>Nam</span> <span class='ocrx_word' id='word_1_603' title='bbox 1591 1677 1809 1728; x_wconf 85' lang='lat' dir='ltr'>sycophanta</span> <span class='ocrx_word' id='word_1_604' title='bbox 1826 1690 1991 1728; x_wconf 82' lang='lat' dir='ltr'>magnam</span> <span class='ocrx_word' id='word_1_605' title='bbox 2008 1678 2109 1715; x_wconf 89' lang='lat' dir='ltr'>nobis</span> <span class='ocrx_word' id='word_1_606' title='bbox 2126 1692 2215 1715; x_wconf 90' lang='lat' dir='ltr'>mer-</span> 
     </span>
    </p>

    <p class='ocr_par' dir='ltr' id='par_1_21' title="bbox 1231 1734 2395 1911">
     <span class='ocr_line' id='line_1_80' title="bbox 1231 1734 2395 1787; baseline 0.003 -15"><span class='ocrx_word' id='word_1_607' title='bbox 1231 1734 1352 1773; x_wconf 88' lang='lat' dir='ltr'>cedem</span> <span class='ocrx_word' id='word_1_608' title='bbox 1374 1736 1537 1773; x_wconf 75' lang='lat' dir='ltr'>conciliat</span> <span class='ocrx_word' id='word_1_609' title='bbox 1558 1737 1768 1786; x_wconf 79' lang='lat' dir='ltr'>(Gaudete,</span> <span class='ocrx_word' id='word_1_610' title='bbox 1791 1737 1918 1786; x_wconf 85' lang='lat' dir='ltr'>inquit,</span> <span class='ocrx_word' id='word_1_611' title='bbox 1955 1746 1991 1774; x_wconf 87' lang='lat' dir='ltr'>et</span> <span class='ocrx_word' id='word_1_612' title='bbox 2011 1738 2214 1787; x_wconf 60' lang='lat' dir='ltr'>taz-sultare,</span> <span class='ocrx_word' id='word_1_613' title='bbox 2232 1754 2346 1781; x_wconf 58' lang='lat' dir='ltr'>Manli.</span> <span class='ocrx_word' id='word_1_614' title='bbox 2366 1753 2395 1782; x_wconf 70' lang='lat'>5,</span> 
     </span>
     <span class='ocr_line' id='line_1_81' title="bbox 1232 1798 2352 1845; baseline 0.003 -12"><span class='ocrx_word' id='word_1_615' title='bbox 1232 1810 1319 1834; x_wconf 79' lang='lat' dir='ltr'>cum</span> <span class='ocrx_word' id='word_1_616' title='bbox 1358 1811 1469 1834; x_wconf 87' lang='lat' dir='ltr'>omne</span> <span class='ocrx_word' id='word_1_617' title='bbox 1512 1798 1657 1835; x_wconf 80' lang='lat' dir='ltr'>mulum</span> <span class='ocrx_word' id='word_1_618' title='bbox 1683 1799 1852 1835; x_wconf 70' lang='lat' dir='ltr'>dixerint</span> <span class='ocrx_word' id='word_1_619' title='bbox 1886 1799 2089 1836; x_wconf 75' lang='lat' dir='ltr'>adversum</span> <span class='ocrx_word' id='word_1_620' title='bbox 2121 1812 2212 1845; x_wconf 80' lang='lat' dir='ltr'>vos,</span> <span class='ocrx_word' id='word_1_621' title='bbox 2236 1802 2284 1822; x_wconf 85' lang='lat'>¹2·</span> <span class='ocrx_word' id='word_1_622' title='bbox 2307 1803 2352 1823; x_wconf 88' lang='lat'>¹¹·</span> 
     </span>
     <span class='ocr_line' id='line_1_82' title="bbox 1233 1860 2218 1911; baseline 0.002 -17"><span class='ocrx_word' id='word_1_623' title='bbox 1233 1860 1458 1895; x_wconf 79' lang='lat' dir='ltr'>mentientes</span> <span class='ocrx_word' id='word_1_624' title='bbox 1473 1874 1488 1902; x_wconf 88' lang='lat'>,·</span> <span class='ocrx_word' id='word_1_625' title='bbox 1509 1861 1601 1911; x_wconf 81' lang='lat' dir='ltr'>quia</span> <span class='ocrx_word' id='word_1_626' title='bbox 1617 1873 1760 1896; x_wconf 80' lang='lat' dir='ltr'>merces</span> <span class='ocrx_word' id='word_1_627' title='bbox 1780 1868 1913 1897; x_wconf 78' lang='lat' dir='ltr'>vestra</span> <span class='ocrx_word' id='word_1_628' title='bbox 1932 1863 2086 1911; x_wconf 77' lang='lat' dir='ltr'>copiosa</span> <span class='ocrx_word' id='word_1_629' title='bbox 2104 1869 2159 1898; x_wconf 83' lang='lat' dir='ltr'>est</span> <span class='ocrx_word' id='word_1_630' title='bbox 2176 1863 2218 1897; x_wconf 84' lang='lat' dir='ltr'>in</span> 
     </span>
    </p>

    <p class='ocr_par' dir='ltr' id='par_1_22' title="bbox 1232 1919 2217 1972">
     <span class='ocr_line' id='line_1_83' title="bbox 1232 1919 2217 1972; baseline 0.004 -18"><span class='ocrx_word' id='word_1_631' title='bbox 1232 1919 1337 1955; x_wconf 80' lang='lat' dir='ltr'>coelis</span> <span class='ocrx_word' id='word_1_632' title='bbox 1353 1934 1364 1954; x_wconf 88' lang='grc'>.·</span> <span class='ocrx_word' id='word_1_633' title='bbox 1383 1922 1396 1968; x_wconf 88' lang='lat'><em>)</em></span> <span class='ocrx_word' id='word_1_634' title='bbox 1411 1933 1561 1969; x_wconf 77' lang='lat' dir='ltr'>cunique</span> <span class='ocrx_word' id='word_1_635' title='bbox 1577 1934 1661 1957; x_wconf 80' lang='lat' dir='ltr'>vera</span> <span class='ocrx_word' id='word_1_636' title='bbox 1687 1919 1776 1956; x_wconf 85' lang='lat' dir='ltr'>dicit</span> <span class='ocrx_word' id='word_1_637' title='bbox 1793 1920 1921 1969; x_wconf 87' lang='lat' dir='ltr'>etiam,</span> <span class='ocrx_word' id='word_1_638' title='bbox 1953 1921 2107 1958; x_wconf 89' lang='lat' dir='ltr'>multum</span> <span class='ocrx_word' id='word_1_639' title='bbox 2132 1935 2217 1972; x_wconf 85' lang='lat' dir='ltr'>pro-</span> 
     </span>
    </p>

    <p class='ocr_par' dir='ltr' id='par_1_23' title="bbox 1230 1978 2416 2156">
     <span class='ocr_line' id='line_1_84' title="bbox 1233 1978 2216 2032; baseline 0.003 -16"><span class='ocrx_word' id='word_1_640' title='bbox 1233 1978 1325 2029; x_wconf 89' lang='lat' dir='ltr'>dest,</span> <span class='ocrx_word' id='word_1_641' title='bbox 1353 1979 1383 2016; x_wconf 92' lang='lat' dir='ltr'>si</span> <span class='ocrx_word' id='word_1_642' title='bbox 1409 1988 1525 2017; x_wconf 89' lang='lat' dir='ltr'>tamen</span> <span class='ocrx_word' id='word_1_643' title='bbox 1552 1980 1646 2017; x_wconf 86' lang='lat' dir='ltr'>dicta</span> <span class='ocrx_word' id='word_1_644' title='bbox 1672 1980 1844 2032; x_wconf 83' lang='lat' dir='ltr'>patienter</span> <span class='ocrx_word' id='word_1_645' title='bbox 1874 1981 2040 2018; x_wconf 88' lang='lat' dir='ltr'>feramus.</span> <span class='ocrx_word' id='word_1_646' title='bbox 2073 1981 2216 2020; x_wconf 88' lang='lat' dir='ltr'>Etenim</span> 
     </span>
     <span class='ocr_line' id='line_1_85' title="bbox 1232 2041 2416 2095; baseline 0.003 -18"><span class='ocrx_word' id='word_1_647' title='bbox 1232 2041 1432 2079; x_wconf 85' lang='lat' dir='ltr'>Pharisaeus</span> <span class='ocrx_word' id='word_1_648' title='bbox 1454 2042 1516 2079; x_wconf 88' lang='lat' dir='ltr'>ille</span> <span class='ocrx_word' id='word_1_649' title='bbox 1548 2056 1632 2080; x_wconf 69' lang='lat' dir='ltr'>vera</span> <span class='ocrx_word' id='word_1_650' title='bbox 1658 2051 1780 2079; x_wconf 86' lang='lat' dir='ltr'>contra</span> <span class='ocrx_word' id='word_1_651' title='bbox 1804 2042 2035 2094; x_wconf 86' lang='lat' dir='ltr'>publicanum</span> <span class='ocrx_word' id='word_1_652' title='bbox 2061 2044 2210 2095; x_wconf 87' lang='lat' dir='ltr'>profere-</span> <span class='ocrx_word' id='word_1_653' title='bbox 2232 2048 2416 2080; x_wconf 78' lang='lat' dir='ltr'>Luc.18‚11.</span> 
     </span>
     <span class='ocr_line' id='line_1_86' title="bbox 1230 2101 2215 2156; baseline 0.003 -18"><span class='ocrx_word' id='word_1_654' title='bbox 1230 2101 1293 2139; x_wconf 88' lang='lat' dir='ltr'>bat</span> <span class='ocrx_word' id='word_1_655' title='bbox 1306 2117 1318 2152; x_wconf 75' lang='lat'><em>3</em></span> <span class='ocrx_word' id='word_1_656' title='bbox 1352 2111 1387 2139; x_wconf 89' lang='lat' dir='ltr'>at</span> <span class='ocrx_word' id='word_1_657' title='bbox 1402 2102 1447 2139; x_wconf 87' lang='lat' dir='ltr'>de</span> <span class='ocrx_word' id='word_1_658' title='bbox 1466 2103 1657 2154; x_wconf 87' lang='lat' dir='ltr'>publicano</span> <span class='ocrx_word' id='word_1_659' title='bbox 1682 2103 1819 2154; x_wconf 86' lang='lat' dir='ltr'>justum</span> <span class='ocrx_word' id='word_1_660' title='bbox 1848 2103 1975 2141; x_wconf 88' lang='lat' dir='ltr'>effecit.</span> <span class='ocrx_word' id='word_1_661' title='bbox 2010 2103 2108 2150; x_wconf 85' lang='lat' dir='ltr'>Quid</span> <span class='ocrx_word' id='word_1_662' title='bbox 2127 2119 2215 2156; x_wconf 88' lang='lat' dir='ltr'>opus</span> 
     </span>
    </p>

    <p class='ocr_par' dir='ltr' id='par_1_24' title="bbox 1231 2164 2217 2218">
     <span class='ocr_line' id='line_1_87' title="bbox 1231 2164 2217 2218; baseline 0.002 -17"><span class='ocrx_word' id='word_1_663' title='bbox 1231 2173 1282 2201; x_wconf 88' lang='lat' dir='ltr'>est</span> <span class='ocrx_word' id='word_1_664' title='bbox 1301 2164 1439 2215; x_wconf 84' lang='lat' dir='ltr'>singula</span> <span class='ocrx_word' id='word_1_665' title='bbox 1455 2164 1646 2216; x_wconf 73' lang='lat' dir='ltr'>prosequi?</span> <span class='ocrx_word' id='word_1_666' title='bbox 1666 2178 1748 2201; x_wconf 91' lang='lat' dir='ltr'>nam</span> <span class='ocrx_word' id='word_1_667' title='bbox 1766 2164 1847 2203; x_wconf 82' lang='lat' dir='ltr'>Jobi</span> <span class='ocrx_word' id='word_1_668' title='bbox 1862 2165 2053 2202; x_wconf 89' lang='lat' dir='ltr'>certamina</span> <span class='ocrx_word' id='word_1_669' title='bbox 2068 2180 2217 2218; x_wconf 87' lang='lat' dir='ltr'>perpen-</span> 
     </span>
    </p>

    <p class='ocr_par' dir='ltr' id='par_1_25' title="bbox 1231 2224 2218 2275">
     <span class='ocr_line' id='line_1_88' title="bbox 1231 2224 2218 2275; baseline 0.002 -14"><span class='ocrx_word' id='word_1_670' title='bbox 1231 2224 1328 2262; x_wconf 86' lang='lat' dir='ltr'>denti</span> <span class='ocrx_word' id='word_1_671' title='bbox 1344 2225 1426 2262; x_wconf 87' lang='lat' dir='ltr'>licet</span> <span class='ocrx_word' id='word_1_672' title='bbox 1439 2225 1557 2262; x_wconf 85' lang='lat' dir='ltr'>omnia</span> <span class='ocrx_word' id='word_1_673' title='bbox 1573 2234 1735 2262; x_wconf 85' lang='lat' dir='ltr'>accurate</span> <span class='ocrx_word' id='word_1_674' title='bbox 1750 2224 1895 2263; x_wconf 88' lang='lat' dir='ltr'>discere.</span> <span class='ocrx_word' id='word_1_675' title='bbox 1913 2225 2069 2275; x_wconf 87' lang='lat' dir='ltr'>Ideoque</span> <span class='ocrx_word' id='word_1_676' title='bbox 2085 2227 2218 2263; x_wconf 82' lang='lat' dir='ltr'>Paulus</span> 
     </span>
    </p>

    <p class='ocr_par' dir='ltr' id='par_1_26' title="bbox 1225 2285 2417 2701">
     <span class='ocr_line' id='line_1_89' title="bbox 1229 2285 2415 2337; baseline 0 -15"><span class='ocrx_word' id='word_1_677' title='bbox 1229 2285 1370 2322; x_wconf 87' lang='lat' dir='ltr'>dicebat</span> <span class='ocrx_word' id='word_1_678' title='bbox 1390 2301 1398 2321; x_wconf 77' lang='lat' dir='ltr'>t</span> <span class='ocrx_word' id='word_1_679' title='bbox 1416 2286 1456 2323; x_wconf 79' lang='lat' dir='ltr'>Si</span> <span class='ocrx_word' id='word_1_680' title='bbox 1474 2287 1580 2323; x_wconf 83' lang='lat' dir='ltr'>Deus</span> <span class='ocrx_word' id='word_1_681' title='bbox 1604 2299 1674 2336; x_wconf 87' lang='lat' dir='ltr'>pro</span> <span class='ocrx_word' id='word_1_682' title='bbox 1696 2288 1816 2333; x_wconf 79' lang='lat' dir='ltr'>nobis,</span> <span class='ocrx_word' id='word_1_683' title='bbox 1843 2289 1928 2337; x_wconf 79' lang='lat' dir='ltr'>quis</span> <span class='ocrx_word' id='word_1_684' title='bbox 1953 2295 2090 2324; x_wconf 78' lang='lat' dir='ltr'>contra</span> <span class='ocrx_word' id='word_1_685' title='bbox 2117 2301 2185 2325; x_wconf 79' lang='lat' dir='ltr'>nos</span> <span class='ocrx_word' id='word_1_686' title='bbox 2201 2292 2217 2324; x_wconf 73' lang='grc' dir='ltr'><strong><em>Ρ</em></strong></span> <span class='ocrx_word' id='word_1_687' title='bbox 2234 2293 2415 2325; x_wconf 79' lang='lat' dir='ltr'>Rom.8.3r.</span> 
     </span>
     <span class='ocr_line' id='line_1_90' title="bbox 1229 2345 2216 2397; baseline 0.002 -14"><span class='ocrx_word' id='word_1_688' title='bbox 1229 2347 1280 2383; x_wconf 84' lang='lat' dir='ltr'>Ut</span> <span class='ocrx_word' id='word_1_689' title='bbox 1298 2359 1380 2396; x_wconf 81' lang='lat' dir='ltr'>ergo</span> <span class='ocrx_word' id='word_1_690' title='bbox 1400 2346 1428 2383; x_wconf 88' lang='lat' dir='ltr'>si</span> <span class='ocrx_word' id='word_1_691' title='bbox 1450 2346 1609 2383; x_wconf 83' lang='lat' dir='ltr'>studium</span> <span class='ocrx_word' id='word_1_692' title='bbox 1628 2345 1875 2395; x_wconf 82' lang='lat' dir='ltr'>adhibeamus,</span> <span class='ocrx_word' id='word_1_693' title='bbox 1902 2347 1947 2384; x_wconf 87' lang='lat' dir='ltr'>ab</span> <span class='ocrx_word' id='word_1_694' title='bbox 1970 2347 2013 2384; x_wconf 91' lang='lat' dir='ltr'>iis</span> <span class='ocrx_word' id='word_1_695' title='bbox 2034 2347 2095 2397; x_wconf 92' lang='lat' dir='ltr'>qui</span> <span class='ocrx_word' id='word_1_696' title='bbox 2114 2348 2216 2385; x_wconf 89' lang='lat' dir='ltr'>nobis</span> 
     </span>
     <span class='ocr_line' id='line_1_91' title="bbox 1228 2407 2417 2459; baseline 0.003 -16"><span class='ocrx_word' id='word_1_697' title='bbox 1228 2407 1427 2444; x_wconf 85' lang='lat' dir='ltr'>molestiam</span> <span class='ocrx_word' id='word_1_698' title='bbox 1458 2407 1628 2455; x_wconf 87' lang='lat' dir='ltr'>inferunt,</span> <span class='ocrx_word' id='word_1_699' title='bbox 1661 2407 1803 2443; x_wconf 89' lang='lat' dir='ltr'>lucrum</span> <span class='ocrx_word' id='word_1_700' title='bbox 1836 2417 2084 2459; x_wconf 85' lang='lat' dir='ltr'>reportamus:</span> <span class='ocrx_word' id='word_1_701' title='bbox 2104 2408 2154 2446; x_wconf 88' lang='lat' dir='ltr'>sic</span> <span class='ocrx_word' id='word_1_702' title='bbox 2185 2408 2214 2445; x_wconf 90' lang='lat' dir='ltr'>si</span> <span class='ocrx_word' id='word_1_703' title='bbox 2232 2424 2309 2452; x_wconf 75' lang='lat' dir='ltr'>Vero</span> <span class='ocrx_word' id='word_1_704' title='bbox 2326 2425 2417 2452; x_wconf 77' lang='lat' dir='ltr'>Chrl-</span> 
     </span>
     <span class='ocr_line' id='line_1_92' title="bbox 1228 2467 2417 2520; baseline 0.003 -16"><span class='ocrx_word' id='word_1_705' title='bbox 1228 2467 1348 2518; x_wconf 78' lang='lat' dir='ltr'>ignavi</span> <span class='ocrx_word' id='word_1_706' title='bbox 1366 2468 1491 2517; x_wconf 89' lang='lat' dir='ltr'>simus,</span> <span class='ocrx_word' id='word_1_707' title='bbox 1513 2482 1555 2505; x_wconf 88' lang='lat' dir='ltr'>ne</span> <span class='ocrx_word' id='word_1_708' title='bbox 1571 2468 1616 2504; x_wconf 86' lang='lat' dir='ltr'>ab</span> <span class='ocrx_word' id='word_1_709' title='bbox 1635 2468 1678 2504; x_wconf 89' lang='lat' dir='ltr'>iis</span> <span class='ocrx_word' id='word_1_710' title='bbox 1694 2467 1853 2518; x_wconf 86' lang='lat' dir='ltr'>quidem,</span> <span class='ocrx_word' id='word_1_711' title='bbox 1884 2468 1946 2518; x_wconf 88' lang='lat' dir='ltr'>qui</span> <span class='ocrx_word' id='word_1_712' title='bbox 1963 2468 2129 2520; x_wconf 86' lang='lat' dir='ltr'>prodesse</span> <span class='ocrx_word' id='word_1_713' title='bbox 2146 2483 2211 2507; x_wconf 66' lang='grc' dir='ltr'>Υο-</span> <span class='ocrx_word' id='word_1_714' title='bbox 2230 2467 2321 2493; x_wconf 65' lang='grc' dir='ltr'>5[ῑ““0</span> <span class='ocrx_word' id='word_1_715' title='bbox 2350 2477 2417 2512; x_wconf 68' lang='grc' dir='ltr'><strong>1“·“οῗ</strong></span> 
     </span>
     <span class='ocr_line' id='line_1_93' title="bbox 1227 2513 2417 2581; baseline 0.003 -16"><span class='ocrx_word' id='word_1_716' title='bbox 1227 2529 1320 2578; x_wconf 88' lang='lat' dir='ltr'>lunt,</span> <span class='ocrx_word' id='word_1_717' title='bbox 1342 2528 1504 2565; x_wconf 90' lang='lat' dir='ltr'>meliores</span> <span class='ocrx_word' id='word_1_718' title='bbox 1523 2527 1710 2565; x_wconf 85' lang='lat' dir='ltr'>efficimur.</span> <span class='ocrx_word' id='word_1_719' title='bbox 1731 2527 1829 2573; x_wconf 86' lang='lat' dir='ltr'>Quid</span> <span class='ocrx_word' id='word_1_720' title='bbox 1848 2528 1965 2577; x_wconf 82' lang='lat' dir='ltr'>Judae,</span> <span class='ocrx_word' id='word_1_721' title='bbox 1983 2544 2112 2579; x_wconf 75' lang='lat' dir='ltr'>quaeso,</span> <span class='ocrx_word' id='word_1_722' title='bbox 2131 2545 2213 2581; x_wconf 85' lang='lat' dir='ltr'>pro·</span> <span class='ocrx_word' id='word_1_723' title='bbox 2229 2513 2313 2574; x_wconf 46' lang='grc' dir='ltr'>,ἫΞῘᾸ</span> <span class='ocrx_word' id='word_1_724' title='bbox 2366 2517 2417 2573; x_wconf 48' lang='lat' dir='ltr'>‘iffi</span> 
     </span>
     <span class='ocr_line' id='line_1_94' title="bbox 1225 2588 2310 2639; baseline 0.003 -14"><span class='ocrx_word' id='word_1_725' title='bbox 1225 2589 1295 2626; x_wconf 90' lang='lat' dir='ltr'>fuit</span> <span class='ocrx_word' id='word_1_726' title='bbox 1334 2589 1467 2627; x_wconf 87' lang='lat' dir='ltr'>Christi</span> <span class='ocrx_word' id='word_1_727' title='bbox 1501 2588 1801 2626; x_wconf 73' lang='lat' dir='ltr'>contubernium?</span> <span class='ocrx_word' id='word_1_728' title='bbox 1842 2589 1929 2639; x_wconf 90' lang='lat' dir='ltr'>quid</span> <span class='ocrx_word' id='word_1_729' title='bbox 1958 2589 2092 2627; x_wconf 79' lang='lat' dir='ltr'>Judaeis</span> <span class='ocrx_word' id='word_1_730' title='bbox 2121 2591 2310 2628; x_wconf 59' lang='lat' dir='ltr'>lexi&#39;x‘ffl‘·</span> 
     </span>
     <span class='ocr_line' id='line_1_95' title="bbox 1227 2649 2214 2701; baseline 0.001 -14"><span class='ocrx_word' id='word_1_731' title='bbox 1227 2650 1312 2701; x_wconf 88' lang='lat' dir='ltr'>quid</span> <span class='ocrx_word' id='word_1_732' title='bbox 1337 2650 1474 2687; x_wconf 86' lang='lat' dir='ltr'>Adamo</span> <span class='ocrx_word' id='word_1_733' title='bbox 1495 2649 1710 2700; x_wconf 70' lang='lat' dir='ltr'>paradisus?</span> <span class='ocrx_word' id='word_1_734' title='bbox 1737 2649 1826 2699; x_wconf 86' lang='lat' dir='ltr'>quid</span> <span class='ocrx_word' id='word_1_735' title='bbox 1845 2649 1900 2697; x_wconf 84' lang='lat' dir='ltr'>iis,</span> <span class='ocrx_word' id='word_1_736' title='bbox 1925 2650 1985 2699; x_wconf 90' lang='lat' dir='ltr'>qui</span> <span class='ocrx_word' id='word_1_737' title='bbox 2012 2650 2047 2686; x_wconf 90' lang='lat' dir='ltr'>in</span> <span class='ocrx_word' id='word_1_738' title='bbox 2077 2650 2214 2688; x_wconf 89' lang='lat' dir='ltr'>deserto</span> 
     </span>
    </p>

    <p class='ocr_par' dir='ltr' id='par_1_27' title="bbox 1225 2709 2214 2761">
     <span class='ocr_line' id='line_1_96' title="bbox 1225 2709 2214 2761; baseline 0.001 -13"><span class='ocrx_word' id='word_1_739' title='bbox 1225 2720 1337 2757; x_wconf 85' lang='lat' dir='ltr'>erant,</span> <span class='ocrx_word' id='word_1_740' title='bbox 1351 2711 1524 2761; x_wconf 72' lang='lat' dir='ltr'>Moyses?</span> <span class='ocrx_word' id='word_1_741' title='bbox 1540 2710 1783 2757; x_wconf 87' lang='lat' dir='ltr'>Quamobrem</span> <span class='ocrx_word' id='word_1_742' title='bbox 1793 2709 1849 2746; x_wconf 89' lang='lat' dir='ltr'>his</span> <span class='ocrx_word' id='word_1_743' title='bbox 1866 2709 2038 2758; x_wconf 85' lang='lat' dir='ltr'>dimissis,</span> <span class='ocrx_word' id='word_1_744' title='bbox 2054 2711 2091 2747; x_wconf 90' lang='lat' dir='ltr'>id</span> <span class='ocrx_word' id='word_1_745' title='bbox 2103 2725 2214 2749; x_wconf 89' lang='lat' dir='ltr'>unum</span> 
     </span>
    </p>

    <p class='ocr_par' dir='ltr' id='par_1_28' title="bbox 1224 2769 2214 2823">
     <span class='ocr_line' id='line_1_97' title="bbox 1224 2769 2214 2823; baseline 0.001 -15"><span class='ocrx_word' id='word_1_746' title='bbox 1224 2780 1382 2822; x_wconf 86' lang='lat' dir='ltr'>spectare</span> <span class='ocrx_word' id='word_1_747' title='bbox 1401 2770 1585 2818; x_wconf 88' lang='lat' dir='ltr'>debemus,</span> <span class='ocrx_word' id='word_1_748' title='bbox 1611 2769 1788 2819; x_wconf 90' lang='lat' dir='ltr'>quomodo</span> <span class='ocrx_word' id='word_1_749' title='bbox 1808 2778 1926 2806; x_wconf 89' lang='lat' dir='ltr'>nostra</span> <span class='ocrx_word' id='word_1_750' title='bbox 1945 2778 2038 2807; x_wconf 85' lang='lat' dir='ltr'>recte</span> <span class='ocrx_word' id='word_1_751' title='bbox 2065 2784 2214 2823; x_wconf 90' lang='lat' dir='ltr'>compo-</span> 
     </span>
    </p>

    <p class='ocr_par' dir='ltr' id='par_1_29' title="bbox 1224 2832 2213 2885">
     <span class='ocr_line' id='line_1_98' title="bbox 1224 2832 2213 2885; baseline 0 -14"><span class='ocrx_word' id='word_1_752' title='bbox 1224 2848 1361 2871; x_wconf 87' lang='lat' dir='ltr'>namus.</span> <span class='ocrx_word' id='word_1_753' title='bbox 1382 2833 1422 2872; x_wconf 90' lang='lat' dir='ltr'>Si</span> <span class='ocrx_word' id='word_1_754' title='bbox 1440 2833 1508 2885; x_wconf 88' lang='lat' dir='ltr'>hoe</span> <span class='ocrx_word' id='word_1_755' title='bbox 1523 2832 1708 2881; x_wconf 79' lang='lat' dir='ltr'>faciamus,</span> <span class='ocrx_word' id='word_1_756' title='bbox 1732 2846 1774 2869; x_wconf 88' lang='lat' dir='ltr'>ne</span> <span class='ocrx_word' id='word_1_757' title='bbox 1794 2832 1870 2884; x_wconf 89' lang='lat' dir='ltr'>ipse</span> <span class='ocrx_word' id='word_1_758' title='bbox 1887 2832 2034 2882; x_wconf 87' lang='lat' dir='ltr'>quidem</span> <span class='ocrx_word' id='word_1_759' title='bbox 2049 2832 2213 2872; x_wconf 89' lang='lat' dir='ltr'>diabolus</span> 
     </span>
    </p>

    <p class='ocr_par' dir='ltr' id='par_1_30' title="bbox 1223 2890 2213 2946">
     <span class='ocr_line' id='line_1_99' title="bbox 1223 2890 2213 2946; baseline 0.001 -15"><span class='ocrx_word' id='word_1_760' title='bbox 1223 2893 1325 2931; x_wconf 87' lang='lat' dir='ltr'>nobis</span> <span class='ocrx_word' id='word_1_761' title='bbox 1344 2890 1501 2943; x_wconf 78' lang='lat' dir='ltr'>unquam</span> <span class='ocrx_word' id='word_1_762' title='bbox 1518 2892 1679 2944; x_wconf 89' lang='lat' dir='ltr'>superior</span> <span class='ocrx_word' id='word_1_763' title='bbox 1697 2892 1761 2929; x_wconf 87' lang='lat' dir='ltr'>erit</span> <span class='ocrx_word' id='word_1_764' title='bbox 1775 2906 1785 2940; x_wconf 86' lang='lat'>;</span> <span class='ocrx_word' id='word_1_765' title='bbox 1806 2892 1866 2930; x_wconf 91' lang='lat' dir='ltr'>sed</span> <span class='ocrx_word' id='word_1_766' title='bbox 1883 2893 1997 2944; x_wconf 81' lang='lat' dir='ltr'>magis</span> <span class='ocrx_word' id='word_1_767' title='bbox 2012 2893 2115 2931; x_wconf 86' lang='lat' dir='ltr'>nobis</span> <span class='ocrx_word' id='word_1_768' title='bbox 2129 2908 2213 2946; x_wconf 88' lang='lat' dir='ltr'>pro-</span> 
     </span>
    </p>

    <p class='ocr_par' dir='ltr' id='par_1_31' title="bbox 1222 2952 2391 3060">
     <span class='ocr_line' id='line_1_100' title="bbox 1222 2952 2391 3006; baseline -0.002 -14"><span class='ocrx_word' id='word_1_769' title='bbox 1222 2954 1330 2999; x_wconf 84' lang='lat' dir='ltr'>derit,</span> <span class='ocrx_word' id='word_1_770' title='bbox 1351 2953 1437 2990; x_wconf 89' lang='lat' dir='ltr'>dum</span> <span class='ocrx_word' id='word_1_771' title='bbox 1457 2967 1520 2990; x_wconf 91' lang='lat' dir='ltr'>nos</span> <span class='ocrx_word' id='word_1_772' title='bbox 1536 2953 1583 2990; x_wconf 80' lang='lat' dir='ltr'>ad</span> <span class='ocrx_word' id='word_1_773' title='bbox 1598 2952 1826 3002; x_wconf 79' lang='lat' dir='ltr'>vigilandum</span> <span class='ocrx_word' id='word_1_774' title='bbox 1840 2952 1991 2990; x_wconf 89' lang='lat' dir='ltr'>inducit.</span> <span class='ocrx_word' id='word_1_775' title='bbox 2016 2954 2076 2992; x_wconf 86' lang='lat' dir='ltr'>Sic</span> <span class='ocrx_word' id='word_1_776' title='bbox 2091 2954 2211 3006; x_wconf 89' lang='lat' dir='ltr'>Ephe-</span> <span class='ocrx_word' id='word_1_777' title='bbox 2228 2962 2337 3000; x_wconf 73' lang='lat' dir='ltr'>Ephes.</span> <span class='ocrx_word' id='word_1_778' title='bbox 2360 2961 2391 2990; x_wconf 82' lang='lat'>6.</span> 
     </span>
     <span class='ocr_line' id='line_1_101' title="bbox 1222 3012 2212 3060; baseline 0 -7"><span class='ocrx_word' id='word_1_779' title='bbox 1222 3015 1292 3053; x_wconf 88' lang='lat' dir='ltr'>sios</span> <span class='ocrx_word' id='word_1_780' title='bbox 1312 3015 1444 3051; x_wconf 88' lang='lat' dir='ltr'>Paulus</span> <span class='ocrx_word' id='word_1_781' title='bbox 1463 3014 1647 3060; x_wconf 82' lang='lat' dir='ltr'>excitavit,</span> <span class='ocrx_word' id='word_1_782' title='bbox 1673 3012 1761 3050; x_wconf 88' lang='lat' dir='ltr'>dum</span> <span class='ocrx_word' id='word_1_783' title='bbox 1781 3013 1916 3050; x_wconf 86' lang='lat' dir='ltr'>diaboli</span> <span class='ocrx_word' id='word_1_784' title='bbox 1936 3014 2108 3052; x_wconf 85' lang='lat' dir='ltr'>feritatem</span> <span class='ocrx_word' id='word_1_785' title='bbox 2128 3029 2212 3053; x_wconf 89' lang='lat' dir='ltr'>nar-</span> 
     </span>
    </p>

    <p class='ocr_par' dir='ltr' id='par_1_32' title="bbox 1222 3073 2215 3123">
     <span class='ocr_line' id='line_1_102' title="bbox 1222 3073 2215 3123; baseline 0 -10"><span class='ocrx_word' id='word_1_786' title='bbox 1222 3084 1326 3113; x_wconf 83' lang='lat' dir='ltr'>raret.</span> <span class='ocrx_word' id='word_1_787' title='bbox 1348 3077 1486 3114; x_wconf 89' lang='lat' dir='ltr'>Verum</span> <span class='ocrx_word' id='word_1_788' title='bbox 1516 3088 1579 3111; x_wconf 93' lang='lat' dir='ltr'>nos</span> <span class='ocrx_word' id='word_1_789' title='bbox 1600 3088 1724 3111; x_wconf 90' lang='lat' dir='ltr'>somno</span> <span class='ocrx_word' id='word_1_790' title='bbox 1754 3073 1868 3111; x_wconf 81' lang='lat' dir='ltr'>dediti</span> <span class='ocrx_word' id='word_1_791' title='bbox 1904 3074 2098 3123; x_wconf 85' lang='lat' dir='ltr'>stertimus,</span> <span class='ocrx_word' id='word_1_792' title='bbox 2133 3089 2215 3113; x_wconf 86' lang='lat' dir='ltr'>cum</span> 
     </span>
    </p>

    <p class='ocr_par' dir='ltr' id='par_1_33' title="bbox 1222 3134 2215 3185">
     <span class='ocr_line' id='line_1_103' title="bbox 1222 3134 2215 3185; baseline 0 -11"><span class='ocrx_word' id='word_1_793' title='bbox 1222 3150 1294 3174; x_wconf 89' lang='lat' dir='ltr'>rem</span> <span class='ocrx_word' id='word_1_794' title='bbox 1306 3135 1503 3173; x_wconf 86' lang='lat' dir='ltr'>habeamus</span> <span class='ocrx_word' id='word_1_795' title='bbox 1520 3143 1639 3172; x_wconf 86' lang='lat' dir='ltr'>contra</span> <span class='ocrx_word' id='word_1_796' title='bbox 1654 3142 1725 3171; x_wconf 88' lang='lat' dir='ltr'>tam</span> <span class='ocrx_word' id='word_1_797' title='bbox 1741 3134 1939 3185; x_wconf 83' lang='lat' dir='ltr'>malignum</span> <span class='ocrx_word' id='word_1_798' title='bbox 1957 3134 2106 3173; x_wconf 89' lang='lat' dir='ltr'>hostem.</span> <span class='ocrx_word' id='word_1_799' title='bbox 2125 3136 2215 3174; x_wconf 87' lang='lat' dir='ltr'>Sane</span> 
     </span>
    </p>
   </div>
   <div class='ocr_carea' id='block_1_14' title="bbox 1207 3271 1944 3365">
    <p class='ocr_par' dir='ltr' id='par_1_34' title="bbox 1207 3271 1944 3365">
     <span class='ocr_line' id='line_1_104' title="bbox 1207 3275 1338 3309; baseline -0.015 -4"><span class='ocrx_word' id='word_1_800' title='bbox 1207 3278 1227 3305; x_wconf 83' lang='grc' dir='ltr'><em>ἀ</em></span> <span class='ocrx_word' id='word_1_801' title='bbox 1252 3275 1338 3309; x_wconf 74' lang='grc' dir='ltr'>ε’ντες,</span> 
     </span>
     <span class='ocr_line' id='line_1_105' title="bbox 1230 3271 1944 3365; baseline -0.004 -9"><span class='ocrx_word' id='word_1_802' title='bbox 1230 3288 1268 3340; x_wconf 57' lang='grc' dir='ltr'>Ρ*</span> <span class='ocrx_word' id='word_1_803' title='bbox 1295 3271 1447 3365; x_wconf 51' lang='grc' dir='ltr'>[πόλεμον</span> <span class='ocrx_word' id='word_1_804' title='bbox 1464 3319 1679 3363; x_wconf 77' lang='lat' dir='ltr'>probabiliter</span> <span class='ocrx_word' id='word_1_805' title='bbox 1698 3321 1837 3363; x_wconf 84' lang='lat' dir='ltr'>conjecit</span> <span class='ocrx_word' id='word_1_806' title='bbox 1852 3320 1944 3356; x_wconf 80' lang='lat' dir='ltr'>Sav.]</span> 
     </span>
    </p>
   </div>
  </div>
 </body>
</html>
