2502 3810
712 229 754 257 lx·
792 226 931 256 EPtST.

82 313 140 350 ἐὰν
163 312 210 362 μὴ
231 312 315 362 ἔργα
335 311 483 362 ἔχωμεν,
506 311 544 348 τὸ
563 312 711 359 Πνεῦμα
733 308 939 360 ἀφίπταται.
963 305 1047 344 Ἐὰν
1068 305 1102 343 δὲ

81 376 140 410 τοῦ
159 371 362 422 Πνεύματος
393 373 641 423 ἓρημωθῶμεν,
661 369 719 407 καὶ
751 369 830 406 πεοὶ
852 368 896 405 τὰ
918 367 1002 419 ἔργα
1025 383 1102 419 χω-

82 432 248 481 λεύσομεν
262 446 269 454 ·
288 430 370 468 ὅταν
391 430 458 484 γὰρ
483 435 584 468 τοῦτο
603 430 756 480 ἀπέλθῃ,
775 429 814 466 τὸ
833 428 1028 479 ἀκάθαρτον
1048 426 1102 478 ἔρ·

82 508 200 544 [erar
220 491 278 530 καὶ
299 493 400 537 δῆλον
422 492 564 530 ἀπὸτοῦ
582 490 710 528 Σαούλ.
732 488 779 527 Τί
799 488 887 541 γὰρ,
907 490 937 525 εἷ
958 487 1005 538 μὴ
1025 486 1103 524 πνί-

83 568 136 602 γει
161 555 254 602 ἡμᾶς
284 551 403 603 ὥσπερ
438 555 584 598 ἐκεῖνον;
602 550 694 588 Ἀλλ’
718 550 845 602 ἑτέρως
877 546 1104 599 ἀπαγχονίζει

85 612 142 650 διὰ
161 611 318 663 πράξεων
350 616 523 664 πονηρῶν.
546 614 607 648 Δεῖ
626 610 738 648 τοίνυν
758 613 841 659 ἡμῖν
871 611 934 654 τῆς
961 606 1105 657 κιθάρας

84 676 144 710 τοῦ
162 673 270 710 aaut&
282 703 292 720 ,
310 673 366 709 ἵνα
383 672 564 724 ἐπᾴδωμεν
581 675 623 723 τῇ
643 673 738 723 ψυχῇ
759 670 821 713 τὰς
840 668 931 711 θείας
950 667 1104 719 ἐπῳδὰς,

86 732 145 770 καὶ
167 732 228 775 τὰς
249 735 400 771 ἐντεῦθεν
418 733 478 770 καὶ
494 733 556 776 τὰς
574 732 667 770 coint>
682 734 751 768 τῶν
772 732 908 781 ἀγαθῶν
925 728 1083 779 πράξεων
1099 742 1106 749 ·

87 795 133 836 ὡς
150 793 190 829 ἂν
211 793 352 844 θάτερον
374 793 475 844 μόνον
494 796 663 843 ποιῶμεν,
683 791 741 829 καὶ
765 795 827 837 τῆς
846 790 937 841 ᾠδῆς
962 788 1108 827 ἀκούον-

88 869 144 898 τες
157 884 166 901 ,
184 856 233 905 τῷ
263 859 375 891 ταῦτα
395 854 556 905 ἐτι-ᾄδοντι
575 855 783 902 πολεμῶμεν
815 850 872 889 διὰ
891 853 958 887 τῶν
986 849 1109 901 ἔργων,

88 913 245 965 καθάπερ
264 916 392 957 ἐκεῖνος
420 914 519 952 τότε·
539 913 597 952 καὶ
621 915 668 954 εἷς
687 912 798 963 κρίμα
822 914 906 961 ἡμῖν
940 910 1037 950 ἔσται
1070 909 1110 947 τὸ

89 973 285 1025 φάρμακον,
305 974 364 1011 καὶ
394 973 589 1026 ἀγριωτέρα
620 977 642 1019 ἦ
677 972 785 1023 μανία
817 971 1014 1022 γενήσεται.
1033 970 1111 1022 Πρὸ

91 1035 152 1085 μὲν
175 1035 242 1086 γὰρ
256 1040 316 1073 τοῦ
337 1039 485 1073 ἀκοῦσαι
506 1035 656 1073 δέδοικεν
682 1038 699 1073 ὃ
715 1032 864 1086 πονηρὸς
880 1033 1026 1082 δαίμων,
1043 1031 1112 1081 μή-

89 1111 172 1133 ποτε
206 1095 414 1137 ἀκούσαντες
433 1095 710 1146 κατορθώσωμεν
725 1109 732 1117 ·
753 1094 834 1131 ὅταν
867 1092 902 1130 δὲ
925 1092 984 1129 καὶ
1004 1091 1112 1130 ἀκού-

90 1170 211 1199 σαντες
245 1158 275 1193 οἱ
306 1155 401 1192 αὐτοὶ
426 1154 598 1205 μένωμεν,
632 1154 811 1192 καὶτοῦτο
839 1153 1025 1205 ἐξαιρεῖται
1045 1150 1114 1189 ἀτὸ

90 1215 164 1258 δέος
193 1217 310 1253 αὐτοῦ.
331 1215 515 1265 ιΙ’”<>ί>.ιυμεν
535 1214 648 1252 τοίνυν
668 1214 729 1261 τὴν
763 1215 832 1252 ἀπὸ
866 1216 935 1251 τῶν
955 1212 1114 1263 πράξεων

89 1275 195 1327 ᾠδὴν,
230 1275 288 1312 ἵνα
322 1274 384 1321 τὴν
425 1274 585 1325 δαίμονος
625 1274 876 1326 χαλεπωτέραν
909 1273 1114 1324 ἐκέάλωμεν

92 1335 278 1389 ἁμαρτίαν.
298 1335 444 1385 Δαίμων
469 1335 531 1385 μὲν
552 1335 620 1386 γὰρ
639 1337 677 1373 οὗ
691 1335 830 1378 πάντως
847 1336 1032 1385 ἀποστερεῖ
1047 1336 1115 1371 τῶν

92 1399 257 1448 οὐρανῶν,
275 1397 351 1434 ἀλλ’
366 1396 458 1434 ἔστιν
473 1396 557 1434 ὅπου
575 1395 634 1433 καὶ
654 1395 873 1447 συμπράττει
890 1398 939 1447 τῷ
957 1395 1115 1446 νήφοντι·

94 1456 252 1508 ἁμαρτία
268 1456 303 1494 δὲ
322 1456 462 1498 πάντως
481 1456 656 1494 ἐκῧάλλει.
671 1456 817 1505 Δαίμων
831 1455 898 1506 γάρ
913 1456 1005 1493 ἐστιν
1022 1453 1118 1492 ἑκού-

94 1533 164 1560 σιος
185 1516 289 1563 αὕτη,
310 1517 369 1554 καὶ
401 1516 507 1566 μανία
542 1516 762 1570 αὐθαίρετος·
792 1515 911 1567 διόπερ
945 1515 1021 1553 οὐδὲ
1042 1515 1118 1557 τοὺς

94 1579 274 1620 ἐλεοῦντας
295 1578 368 1630 ἔχει
396 1577 455 1615 καὶ
485 1577 795 1629 συγγινώσκοντας.
815 1576 1026 1629 Ἔπᾴδωμεν
1045 1576 1120 1614 τοί-

95 1655 152 1677 νυν
173 1642 216 1689 τῇ
246 1638 334 1676 οὕτω
366 1639 566 1691 διακειμένῃ
597 1641 711 1690 ψυχῇ,
732 1638 791 1676 καὶ
820 1638 888 1676 ἀπὸ
915 1642 983 1676 τῶν
1004 1638 1119 1676 ἄλλων

95 1701 259 1751 Γραφῶν,
274 1699 334 1737 καὶ
348 1699 416 1737 ἀπὸ
430 1703 488 1736 τοῦ
504 1699 676 1752 μακαρίου
688 1699 798 1736 Δαυίδ
809 1714 818 1722 ’
835 1699 892 1736 καὶ
907 1699 1069 1751 ψαλλέτω
1080 1698 1119 1736 τὸ

97 1760 231 1810 στόμα,
250 1760 310 1797 καὶ
329 1759 549 1798 παιδευέσθω
570 1763 587 1797 ὃ
614 1763 702 1802 νοῦς.
723 1762 800 1797 Οὐκ
817 1759 910 1798 ἔστιν
927 1759 1119 1798 οὐδὲτοῦτο

97 1820 180 1858 αὐτὸ
202 1820 345 1872 μικρόν·
368 1820 405 1858 ἂν
424 1820 492 1872 γὰρ
513 1821 755 1870 παιδεύσωμεν
775 1820 836 1867 τὴν
847 1822 1004 1870 γλῶτταν
1026 1821 1119 1872 ψάλ-

95 1884 180 1928 λειν,
195 1882 467 1934 αἰσχυνθήσεται
481 1885 502 1928 ἡ
518 1881 612 1934 ψυχὴ
629 1881 757 1928 ταύτης
771 1881 971 1933 ψαλλούσης
991 1885 1120 1920 τάναν-

96 1943 155 1980 τία
175 1943 193 1960 *
210 1943 416 1993 βουλομένη.
436 1945 488 1981 Οὐ
514 1948 616 1981 τοῦτο
636 1941 671 1980 δὲ
691 1942 792 1993 μόνον
808 1943 1068 1996 καρπωσόμεθα
1082 1943 1121 1981 τὸ

98 2003 217 2051 καλὸν,
233 2004 308 2040 ἀλλ’
339 2005 391 2041 ὅτι
407 2003 467 2041 καὶ
491 2002 605 2042 πολλὰ
620 2007 721 2053 ἡμεῖς
753 2003 914 2054 εἰσόμεθα
943 2006 1011 2041 τῶν
1035 2008 1119 2054 ἡμῖν

100 2063 328 2115 διαφερόντων
342 2079 349 2086 ·
370 2063 428 2101 καὶ
441 2064 508 2117 γὰρ
523 2064 581 2101 καὶ
599 2063 678 2116 περὶ
693 2067 759 2101 τῶν
782 2064 960 2116 παρόντων
977 2064 1036 2102 καὶ
1051 2068 1120 2102 τῶν

101 2122 297 2172 μελλόντων
325 2139 379 2162 σοι
398 2124 614 2175 διαλέγεται,
636 2125 695 2162 καὶ
719 2124 798 2176 περὶ
825 2114 893 2162 τῶν
923 2125 1120 2178 ὁρωμένων,

100 2183 159 2221 καὶ
178 2183 260 2235 περὶ
277 2188 338 2230 τῆς
358 2184 506 2236 ἀοράτου
533 2185 688 2228 κτίσεως.
706 2185 780 2223 Κᾶν
801 2186 881 2236 περὶ
900 2188 1043 2237 οὐρανοῦ
1063 2186 1118 2224 θέ-

100 2245 164 2295 λῃς
188 2249 322 2294 μαθεῖν,
343 2246 487 2299 π’τερον
512 2246 608 2295 με’νει
629 2252 779 2290 τοιοῦτος
799 2246 820 2292 ἢ
843 2247 1120 2297 μεταὸοἱλλεται,

100 2309 219 2357 σαφῶς
239 2307 477 2359 ἀποκρινεῖταί
497 2323 550 2346 σοι
577 2308 636 2345 καὶ
661 2307 819 2359 ἐρεῖ,ὁ’τι
838 2310 883 2346 Οἱ
913 2308 1050 2360 οὐρανοὶ
1076 2311 1123 2352 ὡς

101 2366 240 2416 ἱμάτιον
268 2368 592 2414 παλαιωθήσονται,
612 2368 671 2406 καὶ
700 2369 782 2407 ὡσεὶ
809 2368 1031 2422 περιὸόλαιον
1051 2370 1123 2408 ἑλί-

102 2427 168 2471 ξεις
188 2428 311 2471 αὐτοὺς
330 2431 347 2466 ὁ
364 2429 452 2472 Θεὸς
476 2459 486 2476 ,
506 2430 565 2467 καὶ
593 2430 863 2480 ἀλλαγήσονται.
881 2431 951 2470 Καὶ
967 2432 1047 2483 περὶ
1064 2436 1123 2469 τοῦ

104 2487 285 2538 σχήματος
304 2489 343 2526 ἂν
362 2489 462 2541 θέλῃς
493 2492 659 2537 ἀκοῦσαι,
680 2491 810 2543 ἀκούσῃ
829 2492 934 2530 πάλιν
949 2508 956 2515 ·
986 2492 1030 2531 ‘O
1060 2494 1123 2530 ἐκ·

103 2548 222 2585 τείνων
242 2549 299 2586 τὸν
319 2550 460 2600 οὐρανὸν
477 2550 559 2587 ὡσεὶ
579 2551 705 2603 δέῤῥιν.
726 2552 801 2590 Κᾶν
817 2553 897 2604 περὶ
915 2555 984 2590 τῶν
1006 2552 1123 2591 νώτων

106 2612 209 2648 αὐτοῦ
238 2611 416 2661 ἱιβουληθῇ
446 2627 498 2653 τις
517 2611 621 2649 πλέον
643 2612 787 2658 εἰδέναι,
814 2615 884 2664 ἐρεῖ
914 2628 968 2650 σοι
999 2613 1122 2651 πάλιν·

106 2671 150 2708 Ὁ
170 2672 343 2722 στεγάζων
365 2673 399 2708 ἐν
427 2671 527 2709 ὕδασι
554 2671 598 2710 τὰ
629 2674 772 2724 ὑπερῷα
798 2675 915 2711 αὐτοῦ.
947 2673 1016 2711 Καὶ
1049 2674 1126 2713 οὐδὲ

105 2734 250 2769 ἐνταῦθα
269 2732 429 2780 ἵσταται,
452 2732 541 2770 ἀλλὰ
558 2732 618 2770 καὶ
637 2748 678 2769 πε
686 2733 716 2785 pt
738 2737 798 2769 τοῦ
820 2732 971 2777 πλάτους
990 2734 1048 2771 καὶ
1067 2738 1126 2772 τοῦ

106 2794 210 2844 ὕψους
227 2807 279 2829 σοι
303 2792 522 2844 διαλέγεται,
545 2793 677 2836 δεικνὺς
696 2799 806 2832 ταῦτα
832 2793 1000 2846 ἰσόμετροι
1027 2794 1124 2832 ὄντα·

106 2856 193 2892 Καθ’
214 2852 292 2891 ὅσον
312 2853 397 2906 γὰρ,
419 2854 537 2905 φησὶν,
561 2854 750 2906 ἀπέχουσιν
781 2855 946 2893 ἀνατολαὶ
977 2855 1045 2893 ἀπὸ
1074 2857 1127 2892 δυ-

106 2918 216 2965 σμῶν,
234 2914 422 2967 ε’μάκρυνεν
444 2917 502 2967 ἀφ’
523 2918 623 2965 ἡμῶν
643 2915 704 2958 τὰς
722 2915 866 2967 ἀνομίας
885 2919 996 2966 ἡμῶν.
1024 2916 1126 2954 Κατὰ

106 2975 145 3012 τὸ
163 2974 247 3026 ὕψος
269 2979 328 3012 τοῦ
344 2977 488 3027 οὐρανοῦ
508 2975 577 3013 ἀπὸ
595 2977 657 3020 τῆς
675 2978 739 3024 γῆς
758 2976 972 3029 ἐκραταίωσε
1002 2976 1127 3028 Κύριος

107 3034 146 3070 τὸ
161 3035 253 3077 ἔλεος
268 3036 371 3073 αὐτοῦ
389 3036 447 3073 ἐπὶ
465 3035 542 3079 τοὺς
567 3036 800 3088 φοὲουμένους
827 3037 942 3075 αὐτόν.
971 3038 1044 3076 Κᾶν
1065 3041 1127 3085 τῆς

110 3097 172 3144 γῆς
191 3094 235 3132 τὰ
254 3095 398 3145 θεμέλια
414 3098 628 3150 περιεργάσῃ
642 3129 651 3146 ,
669 3098 747 3137 οὐδὲ
773 3099 881 3138 ταῦτά
912 3116 949 3138 σε
972 3099 1126 3153 ἀποκρό-

109 3156 233 3204 ψεται,
256 3157 330 3213 ἀλλ’
349 3156 478 3208 ἀκούσῃ
511 3160 702 3209 ψάλλοντος
728 3160 832 3198 αὐτοῦ
863 3160 923 3198 καὶ
949 3159 1127 3211 λέγοντος,

110 3216 195 3253 εὈτι
216 3216 271 3253 ἐπὶ
289 3218 468 3255 θαλασσῶν
490 3219 716 3268 ἐθεμελίωσεν
733 3221 850 3267 αὐτήν.
872 3220 945 3259 Κᾶν
965 3221 1044 3272 περὶ
1062 3224 1127 3258 τῶν

158 3339 169 3351 Γ
196 3330 278 3368 [ἀπό
293 3327 384 3361 abest
400 3328 442 3360 ab
461 3331 495 3362 A.
513 3339 544 3363 et
561 3331 721 3364 inclusum
740 3333 839 3366 habet
856 3334 972 3376 savit]

159 3382 173 3404 d
200 3380 337 3422 [verbis
356 3388 387 3416 τὸ
405 3385 465 3421 δέος
485 3387 572 3417 αὐτοῦ
590 3393 680 3417 caret
698 3387 751 3428 A.]

973 225 1032 254 AD
1068 223 1176 253 ROM.

2066 217 2157 263 799
2191 192 2194 195 ’

1124 307 1148 336 D
1171 304 1320 341 abeunte
1341 302 1517 353 siquidem
1548 301 1610 338 illo
1625 329 1634 348 ‚
1668 298 1816 352 spiritus
1854 296 2061 335 immundus
2094 311 2154 335 ac-

1172 365 1263 404 cedit
1281 381 1288 401 :
1304 364 1402 416 quod
1416 358 1535 416 palam
1555 371 1605 400 est
1625 376 1669 399 ex
1681 361 1798 399 Saule.
1814 358 1913 406 Quid
1926 359 2033 407 enim,
2050 359 2079 396 si
2098 372 2159 396 nos

1171 439 1240 463 non
1263 426 1411 463 suffocat
1424 423 1572 476 perinde
1594 432 1699 473 atque
1721 421 1826 458 illum
1843 421 1861 458 ἶ)
1882 419 1953 458 Sed
1969 419 2040 457 alio
2054 418 2160 458 modo

1172 486 1411 538 praefocatper
1426 485 1518 522 mala
1533 498 1649 536 opera.
1660 482 1804 520 Cithara
1817 495 1899 532 ergo
1908 479 2061 519 Davidis
2072 494 2162 532 opus

1173 546 1274 584 nobis
1289 547 1405 595 fuerit,
1429 554 1469 582 ut
1488 544 1612 583 divina
1627 543 1762 581 cantica
1779 542 1904 580 animae
1920 540 2161 587 concinamus,

1173 615 1206 644 et
1225 620 1266 644 ea
1292 621 1370 656 quae
1392 605 1438 643 ad
1459 606 1563 642 illum
1581 604 1770 656 pertinent,
1786 612 1819 641 et
1835 617 1873 640 ea
1893 617 1970 653 quae
1991 616 2034 640 ex
2058 601 2162 638 bonis

1173 666 1339 718 operibus
1350 665 1556 718 procedunt.
1567 666 1657 703 Nam
1673 664 1701 701 si
1719 663 1777 702 vel
1793 663 1943 700 alterum
1958 661 2160 712 fecerimus,

1175 736 1208 764 et
1227 726 1425 764 cantionem
1457 725 1652 769 audientes,
1683 723 1817 761 canenti
1839 737 1900 774 per
1919 736 2024 774 opera
2051 736 2163 775 repu-

1177 800 1339 837 gnemus,
1356 795 1394 823 ut
1412 795 1498 822 tunc
1521 784 1607 823 Saiil
1626 784 1792 832 faciebat;
1811 783 2043 834 pharmacum
2063 782 2165 820 nobis
2179 787 2288 814 Canere
2315 797 2367 823 per

1178 846 1215 884 in
1229 846 1493 883 damnationem
1502 845 1579 893 erit,
1593 853 1625 881 et
1639 843 1827 880 immanior
1841 843 1900 880 fiet
1913 843 2059 880 insania.
2073 844 2166 880 Nam
2181 839 2267 866 ⁰P⁰m
2282 829 2365 865 ΨΜ·

1177 917 1366 958 antequam
1397 906 1601 951 audiamus,
1623 905 1724 942 timet
1754 904 1932 955 malignus
1952 904 2103 951 daemon,
2124 919 2167 942 ne

1178 969 1359 1007 audientes
1372 968 1592 1019 corrigamur
1606 983 1612 1003 :
1632 980 1713 1004 cum
1729 975 1845 1003 autem
1860 966 2039 1003 audientes
2058 966 2168 1005 iidem

1179 1030 1247 1081 ipsi
1266 1044 1464 1079 manemus,
1478 1028 1546 1080 ipsi
1562 1036 1675 1065 metus
1692 1026 1861 1064 abscedit.
1879 1026 2078 1064 Psallamus
2088 1040 2170 1064 ean-

1180 1090 1291 1128 ticum
1310 1104 1373 1141 per
1392 1102 1496 1141 opera
1503 1119 1516 1137 ,
1537 1097 1576 1125 ut
1601 1091 1787 1139 peccatum
1804 1087 1881 1139 ipso
1900 1087 2059 1124 daemone
2075 1086 2171 1124 dete-

1181 1150 1257 1188 rius
1276 1149 1475 1201 ejiciamus.
1506 1150 1654 1186 Daemon
1684 1148 1777 1185 enim
1800 1161 1868 1184 non
1889 1147 2033 1184 omnino
2052 1147 2172 1198 privat

1182 1224 1246 1248 nos
1276 1224 1385 1261 regno
1408 1209 1589 1255 caelorum,
1628 1208 1689 1245 sed
1723 1216 1757 1245 et
1794 1205 1985 1257 aliquando
2006 1206 2172 1257 vigilanti

1183 1270 1341 1323 prodest;
1358 1278 1543 1322 peccatum
1557 1277 1675 1306 autem
1687 1267 1829 1305 omnino
1845 1265 2021 1305 excludit.
2043 1268 2174 1304 Pecca-

1185 1340 1263 1368 tum
1290 1330 1383 1368 enim
1412 1329 1551 1366 daemon
1579 1337 1630 1365 est
1661 1327 1898 1375 voluntarius,
1925 1340 1964 1363 ac
1984 1334 2173 1377 spontanea

1185 1391 1338 1439 insania3
1370 1390 1521 1440 ideoque
1539 1403 1607 1427 non
1634 1389 1741 1426 habet
1760 1388 1821 1438 qui
1841 1386 2120 1425 misericordiam
2141 1396 2175 1424 et

1185 1453 1328 1491 veniam
1351 1451 1522 1489 tribuant.
1549 1450 1624 1487 Hoc
1653 1463 1736 1500 ergo
1774 1447 2020 1485 incantationis
2051 1460 2176 1498 genere

1187 1523 1370 1553 cantemus
1386 1513 1512 1550 animae
1531 1512 1580 1550 sic
1599 1511 1748 1560 affectae,
1771 1519 1804 1547 et
1823 1510 1868 1547 ab
1885 1509 1963 1546 aliis
1980 1508 2175 1559 Scripturis

1188 1588 1221 1616 et
1242 1593 1261 1615 a
1287 1578 1390 1615 beato
1419 1575 1582 1615 Davide:
1604 1574 1736 1627 psallat
1756 1587 1794 1611 os
1809 1582 1841 1611 et
1862 1587 1960 1610 mens
1973 1571 2170 1609 erudiatur.

1188 1640 1311 1689 Neque
1332 1638 1426 1675 enim
1454 1635 1544 1674 illud
1566 1634 1762 1687 spernenda
1779 1648 1832 1671 res
1850 1642 1921 1670 est:
1945 1647 2027 1670 nam
2045 1632 2074 1670 si
2100 1632 2172 1669 lin-

1130 1736 1178 1759 727
1190 1714 1297 1751 guam
1310 1712 1432 1736 canere
1441 1697 1644 1746 doceamus,
1658 1695 1720 1732 illa
1729 1703 1871 1732 canente
1888 1693 2041 1731 animam
2054 1692 2172 1744 pude-

1142 1772 1168 1801 Α
1189 1760 1244 1797 bit
1263 1758 1438 1797 contraria
1457 1757 1645 1796 volentem.
1670 1756 1790 1806 Neque
1812 1753 1904 1791 enim
1925 1752 2015 1790 illud
2037 1761 2175 1789 tantum

1188 1819 1272 1859 boni
1287 1820 1371 1857 hinc
1393 1818 1636 1869 decerpemus,
1658 1815 1717 1853 sed
1738 1824 1771 1852 et
1791 1829 1854 1852 nos
1874 1814 1985 1851 multa
2007 1813 2172 1863 sciemus,

1189 1896 1267 1932 quae
1296 1881 1399 1918 nobis
1426 1879 1528 1916 utilia
1547 1886 1648 1916 erunt
1671 1893 1677 1913 :
1711 1890 1794 1914 nam
1823 1884 1856 1913 et
1882 1874 1927 1912 de
1945 1874 2176 1926 praesentibus

1191 1952 1223 1980 et
1243 1942 1288 1980 de
1318 1939 1450 1978 futuris
1477 1939 1544 1976 tibi
1566 1938 1686 1976 David
1708 1937 1881 1987 loquitur,
1903 1935 1950 1973 de
1978 1934 2115 1973 visibili
2142 1943 2176 1972 et

1189 2003 1234 2041 de
1252 2001 1427 2040 invisibili
1446 2009 1618 2038 creatura.
1640 1999 1679 2037 Si
1694 1998 1739 2036 de
1756 1997 1839 2036 caelo
1855 1997 1990 2035 discere
2008 1996 2110 2044 velis,
2132 2009 2176 2033 an

1190 2078 1315 2116 nempe
1342 2071 1481 2100 maneat
1503 2061 1557 2099 vel
1577 2069 1756 2109 mutetur3
1781 2059 1873 2097 clare
1897 2058 1962 2096 tibi
1990 2057 2176 2110 respondet

1189 2135 1222 2164 et
1238 2125 1325 2163 dicit
1341 2140 1347 2160 :
1365 2124 1461 2161 Cceli
1476 2125 1572 2161 sicut
1585 2124 1856 2159 vestimentum
1867 2127 2121 2164 veterascent,
2139 2126 2174 2155 et
2192 2124 2279 2153 Pscl.
2307 2132 2374 2153 lot.

1189 2190 1287 2225 sicut
1303 2187 1487 2223 amictum
1507 2183 1679 2220 involves
1694 2195 1775 2226 eos,
1794 2182 1889 2217 Deus
1902 2210 1911 2228 ,
1923 2189 1958 2217 et
1973 2181 2176 2217 mutabun-
2192 2174 2242 2203 ²7'

1192 2256 1266 2285 tur.
1287 2246 1325 2285 Si
1337 2245 1382 2283 de
1397 2246 1509 2282 forma
1524 2244 1598 2295 ejus
1612 2241 1735 2279 audire
1748 2240 1848 2287 velis,
1861 2239 1982 2277 audies
2000 2255 2007 2278 :
2030 2241 2177 2277 Exten-
2194 2249 2271 2276 Ital.
2294 2247 2360 2276 103.

1191 2310 1285 2346 dens
1307 2307 1444 2344 caelum
1465 2307 1564 2343 sicut
1580 2304 1735 2355 pellem.
1756 2301 1794 2340 Si
1815 2300 1858 2338 de
1877 2300 1981 2338 dorso
2001 2300 2076 2351 ejus
2092 2300 2175 2352 plu-
2190 2297 2222 2317 ²·

1191 2383 1230 2407 ra
1248 2367 1328 2419 quis
1345 2367 1434 2404 scire
1450 2365 1583 2418 cupiat,
1605 2364 1699 2401 dicet
1717 2363 1783 2400 tibi
1802 2375 1946 2399 rursum
1962 2377 1969 2397 τ
1996 2363 2070 2411 Qui
2084 2364 2177 2412 tegis
2195 2371 2239 2397 lb.
2255 2379 2287 2398 v.
2304 2369 2335 2398 3.

1145 2442 1170 2472 Β
1192 2432 1303 2482 aquis
1322 2430 1518 2480 superiora
1538 2429 1633 2478 ejus.
1655 2425 1777 2475 Neque
1797 2423 1855 2461 hic
1870 2423 1973 2471 sistit,
1994 2422 2053 2459 sed
2074 2422 2179 2459 etiam

1192 2490 1236 2528 de
1265 2488 1455 2526 latitudine
1471 2496 1504 2525 et
1527 2487 1572 2524 de
1600 2485 1788 2523 altitudine
1814 2483 1881 2521 tibi
1913 2483 2072 2531 disserit,
2103 2483 2179 2520 b'aec

1192 2549 1292 2602 paria
1311 2548 1519 2586 ostendens:
1543 2548 1740 2596 Quantum
1757 2545 1875 2582 distat
1893 2551 1998 2580 ortus
2018 2545 2067 2579 ab
2083 2545 2178 2579 occi-
2198 2550 2240 2576 lb.
2263 2559 2290 2576 v.
2310 2554 2356 2574 12,

1193 2612 1320 2656 dente,
1344 2609 1566 2659 longesecit
1594 2620 1618 2642 a
1638 2607 1746 2641 nobis
1766 2605 1993 2655 iniquitates
2014 2611 2177 2641 nostras,
2198 2597 2244 2617 ¹¹·

1193 2670 1409 2707 Secundum
1429 2666 1675 2705 altitudinem
1701 2663 1788 2700 coeli
1809 2677 1833 2699 a
1855 2671 1971 2707 terra,
1996 2663 2177 2698 corroho-

1195 2732 1297 2767 ravit
1312 2730 1418 2766 Deus
1435 2725 1737 2764 misericordiam
1752 2737 1862 2760 suam
1878 2735 1990 2772 super
2004 2723 2179 2758 timentes

1197 2804 1250 2827 se.
1281 2787 1387 2835 Quod
1421 2787 1451 2824 si
1478 2795 1579 2823 terrae
1614 2798 1759 2835 qnoque
1779 2782 2007 2820 fundamenta
2029 2781 2180 2819 scrutari

1196 2848 1352 2887 volueris
1365 2878 1375 2897 ,
1395 2860 1505 2897 neque
1528 2844 1597 2882 'illa
1618 2844 1685 2881 tibi
1715 2843 1924 2881 celabuntur
1942 2857 1952 2891 5
1976 2840 2035 2879 sed
2056 2840 2179 2878 audies

1217 222 1372 252 HOMIL.
1413 221 1574 251 xxviii.

1130 975 1155 1005 E

1197 2911 1403 2964 psallentem
1417 2918 1449 2946 et
1468 2907 1642 2945 dicentem
1659 2921 1666 2942 ε
1689 2907 1789 2956 Quia
1808 2918 1920 2956 super
1936 2906 2061 2941 maria
2071 2904 2178 2955 sun-
2199 2911 2239 2938 Itu.
2275 2910 2325 2939 23.

1198 2975 1306 3010 davit
1326 2986 1422 3009 eam.
1444 2970 1481 3009 Si
1511 2969 1644 3008 discere
1664 2966 1786 3018 cupias
1806 2965 1898 3002 unde
1917 2964 2060 3002 veniant
2081 2973 2179 3002 terrae

1199 3042 1326 3083 motus,
1348 3042 1381 3071 te
1400 3031 1495 3070 omni
1525 3030 1635 3068 dubio
1656 3028 1837 3074 liberabit,
1861 3026 1911 3064 sic
1934 3026 2074 3064 dicens:
2108 3027 2183 3076 Qui
2196 3035 2240 3063 lb.
2257 3035 2379 3064 10332.

1153 3113 1176 3144 C
1200 3098 1352 3147 respicit
1369 3103 1509 3132 terram
1521 3122 1531 3141 ‚
1550 3091 1708 3142 etfacit
1727 3103 1810 3127 eam
1827 3097 1995 3126 tremere.
2017 3088 2053 3125 Si
2070 3089 2181 3126 noctis

1203 3172 1306 3196 usum
1320 3156 1490 3207 requiraS‚
1507 3155 1608 3192 illum
1623 3153 1667 3190 ab
1690 3153 1765 3204 ipso
1782 3151 1895 3189 disces
1911 3165 1918 3186 :
1935 3153 1982 3187 In
1999 3153 2082 3201 ipsa
2094 3165 2180 3202 per-
2199 3154 2242 3182 lb.
2266 3163 2291 3181 v.
2312 3161 2359 3181 20.

1205 3220 1423 3257 transibant
1454 3229 1583 3253 omnes
1611 3217 1736 3252 besam
1758 3213 1876 3251 siluae.
1899 3211 1936 3250 Si
1966 3225 2101 3261 quaeras
2126 3212 2184 3249 cui

1223 3335 1237 3352 ἕ
1266 3331 1358 3364 Idem
1378 3335 1588 3374 βουλευομένη,

1228 3398 1238 3411 ⁷¹
1265 3390 1323 3428 [A.-
1341 3388 1487 3427 βου)ηθῇς
1504 3383 1560 3422 τῃ]
