2502 3810
682 236 691 264 1
699 235 723 264 N
762 235 874 264 ACTK
914 234 939 263 A
946 233 1165 264 POSTOLOR
1172 233 1193 261 U
1201 234 1231 262 M
1241 252 1249 261 .

2117 216 2140 229 Π

2116 228 2208 276 ³29

1290 233 1443 262 HOMtL.
1483 230 1621 261 XXXIX
1631 250 1639 259 .

144 318 273 362 τνίαζεν
293 317 308 336 ¹³
322 317 412 355 ὥστε
434 316 490 353 καὶ
511 318 610 362 ζῆλον
632 317 722 368 ἔχειν
746 316 814 353 ἀπὸ
840 318 899 362 τῆς
918 315 1156 366 γειτνιάσεως,
1169 348 1215 372 296
1231 322 1302 351 tur.
1320 312 1414 352 Vide
1429 311 1604 363 quomodo
1618 311 1756 359 iterum,
1774 324 1855 348 eum
1868 309 2029 360 dixisset,
2048 311 2114 347 Ab
2134 312 2205 348 hoe

144 379 240 431 εἴπερ
270 378 403 423 ἤθελον.
424 376 578 428 Κρίσπος
608 377 663 423 δὲ,
695 376 811 428 φησὶν,
831 380 848 414 ὁ
879 374 1158 428 ἀρχισυνάγωγος
1181 385 1206 413 Λ
1230 382 1407 425 tempore,
1422 387 1490 411 non
1511 372 1590 410 illos
1609 381 1724 409 tamen
1742 371 1891 423 negligit
1907 370 2046 421 :itaque
2065 370 2132 408 hoc
2150 370 2204 408 di-

145 439 324 478 ἕπίστευσε
348 440 398 489 τῷ
430 437 548 489 Κυρίῳ
568 438 627 476 σὺν
655 437 724 489 ὅλῳ
752 441 801 489 τῷ
832 438 915 489 οἴκῳ
945 439 1061 475 αὐτοῦ.
1089 435 1158 474 Καὶ

145 505 244 538 τοῦτο
261 499 414 549 μάλιστα
433 498 549 536 ἱκανὸν
572 499 657 551 πρὸς
677 499 716 536 τὸ
744 498 992 550 ἐπαγαγέσθαι.
1014 490 1104 534 Eia-re
1124 495 1159 533 δὲ

144 564 161 597 ὁ
179 559 304 612 Κύριος
320 560 362 596 δι’
390 558 564 610 ὁράματος
589 560 622 596 ἐν
643 559 740 596 νυκτὶ
765 561 814 610 τῷ
834 557 967 610 Παύλῳ
981 573 988 580 ·
1010 556 1070 603 Μὴ
1099 571 1159 608 φο-

147 621 225 669 ὅοῧ,
253 619 342 657 ἀλλὰ
361 619 483 667 λάλει,
503 619 561 656 καὶ
590 619 637 670 μὴ
665 618 866 670 σιωπήσῃς,
886 618 973 655 διότι
1002 616 1069 668 ἐγώ
1089 618 1161 665 εἰμι

148 680 235 730 μετὰ
256 684 337 725 σοῦ,
353 681 411 718 καὶ
427 680 535 723 οὐδεὶς
557 679 759 725 ἐπιθήσεταί
775 695 828 717 σοι
846 681 905 716 τοῦ
924 676 1082 715 κακῶσαί
1103 692 1162 723 σε,

148 741 235 779 διότι
255 741 335 784 λαός
354 741 430 779 ἐστι’
460 757 518 791 μοι
538 740 644 783 πολὺς
675 742 709 778 ἐν
730 742 773 790 τῇ
796 738 895 776 πόλει
925 737 1049 788 ταύτῃ.
1066 735 1163 786 νΟρα

150 802 205 840 διὰ
224 802 339 841 πόσων
361 802 461 840 αὐτὸν
489 802 623 847 πείθει,
652 801 800 842 καὶπῶς
831 799 848 837 ὃ
876 799 1031 848 μάλιστα
1059 795 1162 832 αὐτὸν

150 922 255 966 πολὺς
275 926 309 961 ἐν
324 926 365 973 τῇ
382 923 482 960 πόλει
496 922 616 974 ταύτῃ.
632 923 713 964 Πῶς
727 922 783 958 οὖν
805 918 1028 957 συνεπέθεντο
1049 918 1142 967 αὐτῷ
1153 945 1162 962 ‚

151 983 240 1021 εἴποι
269 999 319 1026 τις
346 983 406 1030 ἅν;
428 983 496 1020 Καὶ
517 981 585 1033 μὴν
619 980 712 1019 οὐδὲν
736 980 895 1030 ἴσχυσαν,
925 977 1003 1015 ἀλλ’
1032 976 1162 1027 ἤγαγον

150 863 244 914 ἥρει,
261 867 360 901 τοῦτο
388 862 530 913 ὕστερον
550 864 643 913 αὐτῷ
664 861 777 911 λέγει·
793 859 877 898 (Ότι
905 857 987 899 λαός
1013 855 1086 894 ἐστί
1104 870 1163 905 μοι

150 1043 249 1080 αὐτὸν
269 1042 370 1093 μόνον
391 1042 474 1094 πρὸς
502 1042 558 1079 τὸν
581 1040 783 1079 ἀνθύπατον.
805 1035 971 1076 Ἐκάθισέ
992 1051 1028 1072 τε
1051 1038 1163 1073 ἐνιαυ-
1190 1039 1211 1068 Β

152 1104 208 1141 τὸν
224 1104 282 1141 καὶ
307 1105 418 1152 μῆνας
444 1102 478 1146 ἓξ
491 1131 500 1149 ,
523 1101 694 1139 διδάσκων
713 1101 747 1136 ἐν
766 1101 877 1140 αὐτοῖς
896 1097 954 1135 τὸν
981 1089 1083 1146 λόγον
1104 1098 1163 1132 τοῦ

151 1166 255 1202 Θεοῦ.
278 1162 475 1204 Γαλλίωνος
513 1161 548 1200 δὲ
587 1159 880 1201 ἀνθυπατεύοντος
911 1160 974 1203 τ’ῆς
999 1154 1164 1208 Ἀχαΐας,

150 1223 412 1269 κατεπέστησαν
447 1220 663 1272 ὁμοθυμαδὸν
694 1223 724 1258 οἱ
754 1220 914 1257 Ἰουδαῖοι
939 1221 988 1271 τῷ
1016 1217 1164 1269 Παύλῳ,

151 1284 208 1321 καὶ
231 1284 362 1335 ἤγαγον
384 1283 485 1321 αὐτὸν
512 1282 570 1320 ἐπὶ
592 1281 632 1319 τὸ
655 1283 772 1332 βῆμα,
799 1279 973 1330 λέγοντες·
993 1279 1047 1317 ὅτι
1071 1278 1167 1330 παρὰ

152 1345 209 1383 τὸν
227 1345 330 1394 νόμον
355 1339 451 1388 οἶτος
477 1343 654 1383 ἀναπείθει
682 1342 760 1386 τοὺς
788 1340 987 1392 ἀνθρώπους
1005 1340 1165 1378 σε’ὅεσθαι

153 1405 208 1443 τὸν
223 1405 326 1444 Θεόν.
345 1404 454 1457 <Ορᾷς
479 1404 536 1443 διὰ
555 1403 588 1441 τί
609 1406 732 1442 ἐκεῖνοι
752 1402 805 1441 ἀεὶ
824 1401 976 1454 δημοσίᾳ
999 1401 1167 1439 θέπλεκον

154 1466 447 1518 κατηγορήματα;
467 1464 561 1516 ζὈρα
580 1467 659 1516 γοῦν
680 1465 825 1502 ἐνταῦθα
843 1462 1008 1501 εἰπόντων
1026 1461 1169 1509 τούτων,

154 1527 206 1564 ὅτι
227 1527 323 1579 παρὰ
341 1526 398 1565 τὸν
418 1525 522 1577 νόμον
542 1525 719 1564 ἀναπείθει
751 1523 828 1566 τοὺς
848 1522 1048 1576 ἀνθρώπους
1070 1523 1170 1562 <5533-

155 1591 234 1625 σθαι
251 1588 308 1625 τὸν
328 1588 432 1635 Θεὸν,
451 1586 546 1625 οὐδὲν
562 1586 693 1623 τούτων
723 1585 871 1636 ἐμέλησε
895 1587 944 1637 τῷ
964 1584 1170 1635 ἀνθυπάτῳ,

156 1647 233 1685 ἀλλ’
266 1647 352 1699 ὑπὲρ
379 1647 520 1685 Παύλου
541 1648 672 1697 μᾶλλον
705 1647 938 1696 ἀπολογεῖται.
969 1644 1040 1683 Καὶ
1068 1644 1171 1682 ἄκουε

156 1711 228 1751 πῶς
251 1708 492 1759 ἀποκρίνεται;
514 1709 556 1744 Εἰ
585 1706 646 1757 μὲν
661 1701 703 1753 ἦν
732 1708 801 1744 τῶν
819 1708 882 1751 τῆς
905 1704 1037 1748 πόλεως
1064 1704 1170 1742 ἁπτό-

157 1784 257 1818 μενον
281 1768 437 1817 ἀόίκημά
462 1784 497 1805 τι
530 1766 552 1812 ἢ
585 1766 824 1819 ῥᾳδιούργημα
852 1766 1013 1816 πονηρὸν,
1033 1767 1061 1802 ὠ
1082 1765 1168 1802 Ἰου-
1196 1772 1219 1803 G

156 1830 266 1876 δαῖοι,
288 1830 377 1866 κατὰ
390 1828 489 1880 λόγον
511 1828 551 1866 ἂν
573 1827 772 1879 ’ἠνεσχόμην
793 1830 904 1878 ὑμῶν.
922 1825 1104 1872 Ἐπιεικής
1121 1841 1173 1869 τις

157 1890 335 1941 ἅνθρωπος
353 1883 449 1932 οὗτος
466 1884 553 1927 εἶναί
571 1905 629 1938 μοι
650 1890 741 1926 δοκεῖ
753 1905 760 1912 -
774 1888 833 1927 καὶ
849 1890 951 1933 δῆλον
972 1887 1006 1931 ἐξ
1023 1884 1070 1925 ὧν
1090 1890 1172 1926 ἀπο-

156 1950 312 2003 κρίνεται
331 1952 491 1993 συνετῶς.
515 1949 712 1992 Μέλλοντος
740 1949 775 1986 δὲ
796 1952 855 1987 τοῦ
876 1947 1038 1996 Παύλου,
1058 1947 1174 2000 φησιν,

159 2010 307 2062 ἀνοίγειν
323 2011 362 2049 τὸ
386 2011 518 2060 στόμα,
539 2004 633 2049 εἶπεν
647 2014 665 2048 ὁ
687 2010 847 2048 Γαλλίων
876 2010 962 2061 πρὸς
988 2009 1064 2052 τοὺς
1084 2009 1173 2046 Ἰου-

160 2071 274 2114 δαίους
287 2087 293 2095 ·
308 2074 336 2109 εἰ
354 2072 415 2122 μὲν
435 2066 477 2118 ἦν
497 2071 654 2122 ἀδίκημά
668 2087 702 2108 τι
719 2070 742 2117 ἢ
758 2071 999 2123 ῥᾳδιούργημα
1014 2071 1176 2121 πονηρὸν,

159 2125 187 2169 ὦ
205 2133 387 2180 Ἰουδαῖοι,
412 2132 503 2170 κατὰ
528 2132 628 2183 λόγον
661 2133 701 2169 ἂν
735 2132 934 2184 ἠνεσχόμην
959 2135 1068 2181 ὑμῶν·
1091 2134 1120 2169 εἷ
1141 2131 1176 2170 δὲ

161 2193 300 2243 ζήτημά
319 2194 391 2230 ἔστι
419 2192 499 2244 περὶ
517 2193 618 2244 λόγου
639 2193 698 2230 καὶ
718 2193 896 2244 ὀνομάτων
914 2192 973 2231 καὶ
992 2192 1098 2242 νόμου
1118 2195 1177 2230 τοῦ

160 2253 237 2292 καθ’
255 2256 363 2303 ὑμᾶς,
384 2253 507 2305 ὄψεσθε
528 2253 644 2291 αὐτοί·
660 2253 780 2305 κριτὴς
807 2253 874 2306 γὰρ
898 2252 967 2306 ἐγὼ
995 2252 1126 2291 τούτων
1141 2255 1179 2291 οὒ

163 2313 330 2364 βούλομαι
348 2308 446 2351 εἶναι.
463 2314 533 2352 Καὶ
568 2313 748 2360 ἀπήλασεν
781 2313 904 2358 αὐτοὺς
930 2313 999 2352 ἀπὸ
1029 2317 1089 2351 τοῦ
1111 2312 1178 2365 βή-

162 2390 279 2425 ματος.
300 2374 575 2426 Ἒπιλαὸόμενοι
595 2375 631 2413 δὲ
647 2374 773 2417 πάντες
795 2377 826 2413 οἱ
843 2374 1015 2422 Ἕλληνες
1034 2374 1178 2413 Σωσθέ-
1205 2385 1230 2414 D

162 2451 221 2481 νην
250 2434 307 2472 τὸν
338 2435 622 2486 ἀρχισυνάγωγον
641 2434 787 2473 ἔτυπτον
805 2435 999 2489 ἔμπροσθεν
1018 2440 1077 2474 τοῦ
1111 2436 1179 2487 βή-

164 2495 359 2545 ματος,καὶ
381 2495 475 2533 οὐδὲν
493 2495 620 2534 τούτων
639 2498 688 2549 τῷ
714 2496 887 2534 Γαλλίωνι
909 2496 1021 2547 ἔμελε.
1040 2498 1110 2535 Καὶ
1129 2500 1180 2536 ἓν-

162 2558 278 2592 τεῧθεν
294 2555 397 2593 πάλιν
416 2555 454 2593 τὸ
468 2555 615 2599 ἐπιεικὲς
629 2560 688 2594 τοῦ
703 2557 824 2609 ἀνδρὸς
842 2557 1027 2596 δείκνυται.
1044 2559 1077 2596 Τ
1078 2574 1181 2596 υπτο·

167 2615 266 2666 μένου
285 2616 352 2669 γὰρ
369 2619 492 2663 αὐτοῦ,
508 2618 574 2668 οὐχ
595 2618 752 2668 ἡγήσατο
771 2617 859 2656 ἰδίαν
875 2618 974 2670 ὕὸριν
997 2612 1084 2657 εἶναι
1097 2635 1104 2642 ·
1123 2618 1183 2658 οὔ·

166 2691 231 2720 τως
246 2671 333 2723 ἦσαν
354 2677 472 2727 ἰταμοὶ
488 2680 519 2716 οἳ
539 2677 713 2716 Ἰουδαῖοι.

227 3102 238 3114 Υ
266 3103 280 3115 Ν
419 3104 427 3119 x
643 3105 650 3119 ἱ

244 3104 373 3153 Ιοωμεν
396 3104 431 3143 δε
460 3105 587 3143 ἄνωθεν
616 3122 659 3143 τα
692 3107 947 3158 ἀνεγνωσμένα.
969 3107 1190 3154 Ἀκούσαντες

177 3164 211 3201 δὲ
232 3164 420 3203 ἀνάστασιν
441 3169 582 3217 νεκρῶν,
600 3169 631 3205 οἱ
655 3167 716 3217 μὲν
737 3168 934 3220 ἐχλεύαζον,
955 3171 986 3207 οἱ
1006 3171 1041 3208 δὲ
1071 3164 1166 3209 εἷπον
1182 3188 1189 3195 ·

177 3222 421 3274 ”ἀ>ιουσόμεθά
455 3242 513 3264 σου
547 3227 663 3265 πάλιν.
697 3229 797 3266 Πόσα
827 3229 962 3280 μεγάλα
989 3230 1047 3268 καὶ
1075 3231 1192 3283 ὑψηλὰ

227 3345 241 3365 ¹·
267 3341 353 3374 Alius
370 3348 443 3378 ὥστε
463 3349 510 3379 καὶ
527 3352 578 3379 τοῦ
599 3350 685 3386 ζῆλον
704 3353 789 3390 ἔχειν.

227 3404 239 3417 ³¹
265 3393 324 3426 Alii
342 3399 462 3430 ἔπλεκον
486 3401 712 3441 ἁμαρτήματα,
732 3403 787 3433 ἵνα..

1228 443 1342 484 xerat,
1357 443 1397 472 ut
1427 434 1507 472 illos
1538 433 1718 472 excitaret.
1734 432 1781 470 Et
1802 441 1921 484 postea
1946 431 2045 471 venit
2068 431 2115 469 ad
2134 433 2204 471 Ju—

1228 503 1337 545 stum,
1353 495 1455 547 cujus
1473 494 1602 532 domus
1623 501 1697 532 erat
1714 493 1899 545 conjuncta
1915 506 2118 545 synagogae.
2134 492 2205 532 Vi-

1229 555 1328 592 cinus
1346 563 1432 604 erat‚
1452 563 1491 592 ut
1512 568 1553 593 ex
1579 554 1712 593 vicinia
1735 553 1848 592 zelum
1871 553 2054 600 haberent,
2072 553 2102 591 si
2132 552 2207 592 vel-

1228 616 1311 653 lent.
1343 618 1498 667 Crispus
1532 625 1680 662 autem,
1714 615 1846 665 inquit,
1875 616 2208 666 archisynagogus

1231 677 1391 713 credidit
1411 677 1580 713 Domino
1612 689 1699 713 eum
1728 684 1811 712 tota
1839 676 1953 712 domo
1977 674 2120 714 saa.Et
2143 676 2210 712 hoc

1233 735 1352 785 utique
1365 735 1447 772 satis
1457 743 1531 771 erat
1546 735 1592 771 ad
1607 734 1688 771 illos
1702 734 1941 772 adducendos.
1959 736 1996 773 9.
2013 736 2127 773 Dixit
2141 749 2210 773 au-

1233 805 1307 833 tem
1332 797 1525 832 Dominus
1547 809 1617 845 per
1637 798 1826 832 visionem
1857 798 1897 833 in
1919 805 2027 835 noete
2048 797 2176 834 Paulo
2198 812 2208 831 :

1232 856 1326 894 Noli
1339 858 1485 904 timere7
1499 855 1568 891 sed
1585 855 1740 907 loquere
1759 863 1856 893 etue
1872 864 2014 902 taceas,
2038 858 2097 893 10.
2120 860 2214 908 quia

1234 928 1300 966 ego
1318 923 1442 952 tecum
1463 928 1560 961 snm,
1579 923 1617 952 et
1637 928 1748 953 nemo
1771 917 1942 965 insurget
1959 919 1999 952 in
2028 924 2064 952 ee
2085 925 2125 953 uc
2152 930 2215 953 no-

1236 983 1320 1013 ceat
1339 977 1420 1022 tibi,
1435 976 1528 1025 quia
1538 975 1702 1025 populus
1725 982 1781 1011 est
1801 975 1897 1011 mihi
1918 975 2060 1012 multus
2080 978 2121 1012 in
2141 978 2215 1014 hac

1237 1037 1405 1073 civitate.
1422 1034 1518 1073 Vide
1537 1043 1623 1084 quot
1642 1034 1837 1072 rationibus
1858 1034 1910 1071 illi
1928 1034 2064 1084 suadet,
2081 1044 2114 1072 et
2130 1050 2217 1086 quo-

1239 1094 1355 1145 modo7
1378 1094 1472 1145 quod
1499 1095 1603 1132 illum
1624 1095 1778 1132 maxime
1806 1094 1978 1146 erigebat,
2001 1095 2069 1133 hoc
2092 1096 2218 1134 ultimo

1238 1156 1326 1193 dicit
1345 1171 1352 1192 ε
1377 1158 1478 1206 Quia
1492 1156 1654 1208 populus
1671 1165 1726 1195 est
1745 1157 1840 1194 mihi
1859 1157 2002 1194 multus
2018 1159 2059 1194 in
2075 1158 2150 1195 hac
2169 1160 2220 1195 ci-

1243 1219 1371 1255 vitate.
1388 1217 1575 1263 Quomodo
1600 1230 1682 1268 ergo
1707 1217 1975 1255 insurrexerunt
1994 1216 2030 1254 in
2052 1231 2146 1267 eum,
2165 1218 2221 1256 di-

1242 1277 1333 1315 xerit
1348 1277 1554 1329 quispiam?
1570 1278 1617 1316 At
1630 1291 1699 1315 non
1715 1277 1988 1330 praevaluerunt‚
2002 1278 2061 1316 scd
2080 1278 2124 1316 ad
2141 1293 2222 1330 pro-

1242 1339 1423 1377 consulem
1454 1348 1592 1377 tantum
1623 1339 1817 1377 duxerunt.
1853 1341 1917 1377 11,
1957 1340 2062 1378 Sedit
2095 1349 2224 1378 autem

1243 1402 1295 1437 ibi
1312 1414 1460 1438 annum
1481 1414 1600 1438 unum
1625 1409 1661 1438 et
1686 1414 1753 1438 sex
1773 1413 1933 1447 menses,
1957 1400 2096 1438 docens
2121 1402 2225 1452 apud

1243 1476 1305 1501 eos
1326 1464 1486 1501 verbum
1510 1463 1598 1500 Dei.
1617 1464 1678 1501 12.
1698 1462 1882 1502 Gallione
1907 1470 2037 1499 autem
2060 1476 2225 1513 procon-

1244 1523 1327 1561 sule
1346 1523 1529 1573 Achaia»,
1543 1525 1833 1562 insurrexerunt
1855 1535 1932 1560 uno
1947 1525 2080 1560 animo
2097 1523 2127 1560 J
2127 1523 2227 1560 zidcei

1245 1586 1286 1621 in
1311 1584 1498 1634 Paulum,
1518 1591 1555 1621 et
1582 1584 1828 1622 adduxerunt
1851 1596 1938 1620 eum
1963 1584 2017 1620 ad
2038 1583 2224 1630 tribunal,

1246 1645 1307 1682 15.
1321 1644 1496 1682 'dicentes
1513 1660 1523 1680 .·
1546 1645 1646 1694 Quia
1671 1652 1808 1682 eontra
1835 1644 1955 1695 legem
1982 1645 2044 1681 hie
2066 1657 2229 1695 persua-

1244 1703 1308 1741 det
1321 1704 1540 1740 hominibus
1554 1703 1680 1742 colere
1692 1701 1971 1742 Deum.Vide11'
1984 1716 2053 1752 qua
2066 1701 2110 1739 de
2124 1716 2229 1739 causa

1246 1763 1299 1801 illi
1321 1777 1460 1815 semper
1478 1763 1642 1815 publicas
1662 1762 1899 1800 accusationes
1917 1763 2112 1800 texebant?
2136 1762 2230 1803 Vide

1242 1827 1331 1878 jam,
1353 1823 1531 1876 quomodo
1555 1824 1755 1862 dicentibus
1785 1823 1873 1874 illis7
1892 1824 2011 1875 ipsum
2038 1833 2159 1862 eontra
2180 1825 2229 1862 lc-

1247 1901 1326 1940 gem
1344 1885 1557 1938 persuadere
1574 1885 1779 1924 hominibus
1793 1885 1905 1924 colere
1921 1887 2051 1935 Deum,
2065 1886 2156 1923 nihil
2170 1886 2231 1924 ho-

1247 1963 1327 1987 rum
1344 1961 1467 1986 curare
1487 1947 1749 1999 proconsulem,
1769 1947 1841 1984 imo
1860 1946 1976 1998 potius
1996 1947 2150 1985 Paulum
2168 1946 2231 1984 dc-

1249 2009 1398 2048 fcnderc.
1423 2011 1468 2047 Et
1499 2008 1598 2058 audi,
1620 2007 1798 2059 quomodo
1831 2007 2039 2060 respondeat
2057 2023 2064 2045 :
2081 2008 2121 2046 Si
2142 2010 2208 2060 qui
2223 2030 2232 2037 ι

1249 2071 1335 2108 dem
1359 2077 1455 2109 esset
1478 2069 1532 2107 ad
1553 2071 1750 2108 civitatem
1770 2076 1945 2119 spectans
1961 2071 2134 2120 iniquum
2153 2068 2233 2105 ali-

1250 2132 1347 2184 quid
1357 2138 1424 2168 aut
1425 2131 1594 2182 facinus
1609 2132 1831 2181 pessimum,
1848 2142 1870 2165 o
1889 2130 2030 2178 Judoei,
2042 2138 2143 2167 reete
2163 2143 2233 2166 vos

1251 2194 1487 2230 sustinerem.
1508 2189 1700 2240 AEquitatis
1721 2203 1843 2227 amans
1868 2189 1957 2226 mihi
1976 2189 2033 2227 vir
2052 2189 2113 2227 ille
2134 2190 2235 2227 vide—

1251 2260 1322 2298 tur,
1345 2250 1454 2301 idque
1471 2250 1698 2288 manifestum
1717 2258 1769 2287 est
1795 2263 1841 2287 ex
1865 2249 1921 2296 iis,
1943 2263 2021 2299 quae
2046 2250 2236 2302 prudenter

1252 2313 1452 2367 respondet.
1489 2314 1550 2352 14.
1587 2313 1684 2352 Cum
1711 2313 1887 2359 Paulus,
1910 2312 2036 2362 inquit,
2059 2326 2098 2351 os
2127 2328 2238 2351 sumn

1253 2383 1455 2427 aperturus
1481 2381 1592 2421 esset,
1612 2373 1712 2410 dixit
1736 2372 1870 2411 Gallio
1897 2373 2046 2410 Judceis
2067 2388 2075 2410 ε
2094 2374 2134 2412 Si
2155 2376 2238 2426 qui—

1253 2438 1339 2474 dem
1359 2444 1453 2474 esset
1475 2436 1661 2487 injustum
1684 2434 1835 2486 aliquid
1853 2442 1921 2472 aut
1935 2435 2094 2486 facinus
2121 2438 2239 2486 pessi-

1255 2511 1375 2547 mum,
1403 2511 1424 2535 o
1453 2495 1596 2541 Judoei,
1619 2503 1720 2533 reete
1752 2508 1823 2532 vos
1848 2496 2075 2533 sustinerem
2097 2512 2107 2532 :
2127 2496 2188 2534 15.
2208 2499 2240 2534 si

1255 2573 1349 2597 vero
1372 2560 1532 2611 quoestio
1558 2565 1613 2595 est
1635 2557 1683 2593 cle
1706 2557 1822 2593 verbo
1845 2564 1881 2593 et
1901 2559 2119 2595 nominihus
2138 2566 2174 2595 et
2194 2559 2240 2596 de

1257 2621 1337 2673 lege
1360 2627 1506 2665 vestra,
1526 2630 1597 2655 vos
1620 2618 1693 2668 ipsi
1717 2617 1894 2654 videritis
1913 2630 1926 2651 .·
1935 2617 2058 2668 judex
2081 2631 2149 2669 ego
2173 2619 2240 2655 lio-

1256 2694 1340 2718 rum
1363 2679 1453 2717 nolo
1476 2691 1567 2715 esse.
1585 2677 1647 2714 46.
1670 2677 1723 2713 Et
1746 2677 1874 2727 abegit
1897 2689 1959 2714 eos
1986 2689 2011 2713 a
2039 2678 2238 2715 tribunali.

1257 2743 1320 2779 17.
1339 2739 1681 2792 Apprelzendentes
1710 2744 1840 2775 autem
1860 2749 1989 2774 omnes
2019 2737 2145 2775 Groeei
2174 2739 2241 2777 So-

1255 2804 1427 2842 sthenem
1435 2801 1645 2852 principem
1654 2811 1874 2848 synagogoe‚
1883 2799 2146 2849 percutiebant
2155 2812 2242 2836 eum

1259 2873 1351 2904 ante
1386 2862 1580 2902 tribunal:
1598 2869 1635 2898 et
1662 2860 1762 2898 nihil
1773 2873 1904 2897 eorum
1936 2859 2112 2898 Gallioni
2141 2874 2242 2899 curce

1260 2935 1357 2965 erat.
1382 2924 1474 2962 Hinc
1494 2936 1636 2960 rursum
1650 2920 1721 2959 viri
1740 2919 1887 2970 aequitas
1903 2929 2130 2958 monstratur.
2151 2923 2244 2961 Cum

1262 2986 1356 3026 enim
1378 2985 1438 3023 ille
1453 2983 1713 3026 verberaretur,
1733 2994 1801 3018 non
1820 2980 1960 3031 putavit
1978 2979 2016 3018 id
2034 2980 2105 3033 ipsi
2119 2991 2242 3020 contu-

1264 3047 1377 3086 meliae
1396 3059 1469 3084 esse
1488 3059 1497 3080 .·
1515 3043 1603 3082 adeo
1621 3041 1819 3095 petulantes
1833 3040 1946 3080 Judaei
1965 3050 2075 3081 erant.

1318 3111 1357 3146 (2.
1389 3105 1462 3145 Sed
1484 3103 1664 3157 superiora
1691 3110 1903 3153 repetamus.
1927 3102 2144 3141 Audientes
2173 3117 2244 3142 au·

1267 3179 1341 3207 tem
1372 3168 1688 3206 resurrectionem
1721 3170 1971 3209 mortuorum,
1993 3163 2066 3200 alii
2092 3165 2246 3216 quidem

1267 3229 1495 3273 irridebant,
1521 3225 1592 3263 alii
1622 3235 1715 3261 vero
1735 3223 1917 3260 dixerunt
1936 3238 1946 3257 .-
1965 3222 2183 3262 Audiemus
2213 3233 2249 3262 te

1295 3350 1311 3373 b
1337 3347 1401 3378 Hie
1422 3345 1535 3378 omnia
1560 3344 1684 3378 inverse
1708 3342 1891 3376 reseruntur
1908 3344 1941 3378 in
1961 3354 2026 3376 uno
2043 3343 2177 3387 Codice,
2195 3346 2252 3379 sed

1251 3399 1351 3432 illaeso
1368 3409 1474 3432 sensu.
