2502 3810
718 267 762 296 IN
799 265 938 296 EP1ST.

75 346 229 397 κείμενον
258 348 367 386 ἅπασι
391 346 528 395 γέλωτα
543 364 550 371 ·
572 347 594 393 ἢ
615 348 671 385 τὸν
692 350 912 399 ἐνεργοῦντα,
931 345 990 384 καὶ
1006 346 1088 396 Θεῷ

45 420 48 422 ’
75 407 318 458 διαλεγόμενον
335 424 343 454 ;
363 408 511 460 Ἐκείνῳ
528 408 588 459 μὲν
607 408 675 459 γὰρ
693 407 731 445 ἂν
751 406 944 459 προσέλθῃς
958 405 1018 443 καὶ
1038 403 1088 441 εἴ-

73 484 141 518 πῃς
171 483 205 505 τι
231 471 300 505 τῶν
323 468 536 519 ἀναγκαίων,
569 468 662 506 οὐδὲν
693 467 824 518 ἀκούσῃ
842 465 1087 518 φθεγγομένου,

72 527 191 578 ὥσπερ
218 528 292 565 οὐδὲ
314 532 372 566 τοῦ
400 533 542 579 νεκροῦ·
562 528 673 580 τούτῳ
693 527 728 565 δὲ
749 528 812 565 κᾶν
828 530 862 565 ἐν
881 525 976 564 νυκτὶ
992 555 1002 572 ,
1023 524 1087 562 κᾶν

72 588 106 624 ἐν
133 587 250 640 ἡμέρα
272 589 496 640 συγγενέσθαι
521 589 759 640 ἐπιθυμήσῃς,
790 587 934 639 ἄγγελον
957 587 1086 635 μᾶλλον

70 648 147 699 ὄψει
165 647 187 693 ἢ
215 648 406 702 ἄνθρωπον,
426 650 484 687 καὶ
502 652 751 702 φιλοσοφοῦντα
771 648 902 699 ἀκούσῃ
923 647 1002 699 περὶ
1017 648 1086 683 τῶν

70 709 106 744 ἐν
139 709 273 760 οὐρανῷ
298 710 526 761 πραγμάτων.
563 709 671 762 Ὁρᾷς
701 709 751 746 ὅτι
779 711 796 746 ὃ
824 707 886 758 μὲν
906 706 992 759 ὑπὲρ
1009 705 1086 747 τοὺς

70 772 87 787 ³
102 770 230 812 ζῶντας
257 771 297 820 ζῇ
311 800 321 817 ,
346 773 364 807 ὁ
388 769 423 808 δὲ
455 770 514 807 καὶ
533 769 746 817 τεθνηκότων
766 767 991 820 ἐλεεινότερον
1012 772 1086 803 κεῖ-

71 844 146 876 ται;
172 829 245 868 Κᾶν
265 832 412 882 ἐνεργεῖν
434 830 512 882 δόξῃ
528 858 537 876 ,
562 830 664 882 ἔτερα
683 831 755 866 ἀνθ’
776 828 901 880 ἑτέρων
918 831 982 879 ὁρᾷ
997 857 1006 873 ,
1026 825 1086 864 καὶ

71 895 143 933 τοῖς
162 890 381 941 μαινομένοις
393 890 629 941 {oms-:spatum
645 889 680 928 δὲ
697 888 835 927 ἐκείνων
854 888 945 926 ἐστὶν
961 885 1087 924 ἀθλιώ-

71 966 178 1004 τερος.
195 953 258 994 Εἰς
278 951 424 994 ἐκείνους
443 951 504 1002 μὲν
519 950 627 1002 γὰρᾶν
645 966 696 993 τις
711 947 835 1000 ὑὸρίσῃ
849 977 859 995 ,
885 947 945 985 καὶ
965 949 1085 984 ἐλεοῦ-

70 1027 133 1061 μεν
150 1011 275 1054 πάντες
290 1012 346 1050 τὸν
363 1011 596 1062 ὗὸριζόμενον,
612 1010 672 1048 καὶ
693 1011 910 1058 ἐπιτιμῶμεν
927 1010 976 1059 τῷ
991 1006 1087 1058 ὑδρί-

68 1072 160 1114 ζοντι
175 1086 183 1094 ·
208 1070 317 1122 τούτῳ
333 1070 368 1108 δὲ
383 1070 446 1108 κᾶν
467 1068 692 1120 ἐναλλόμενόν
708 1084 784 1106 τινα
804 1067 948 1118 ἴδωμεν,
968 1069 1005 1104 οὐ
1025 1067 1086 1118 μό-

67 1147 122 1169 νον
144 1132 206 1168 οὗκ
232 1130 523 1180 ἐπικαμπτόμεθα
547 1132 594 1172 εἰς
609 1130 715 1175 ἔλεον,
741 1128 830 1166 ἀλλὰ
850 1128 908 1166 καὶ
927 1129 1086 1179 καταψη-

67 1191 233 1243 φιζόμεθα
253 1193 355 1228 αὐτοῦ
373 1190 547 1240 κειμένου.
565 1191 679 1227 Τοῦτο
695 1182 765 1236 οἶν,
785 1182 860 1226 εἶπέ
876 1204 936 1238 μοι
950 1217 959 1234 ,
987 1188 1059 1234 ζωή
1072 1205 1082 1236 3

68 1254 143 1290 ἀλλ’
168 1253 204 1289 οὗ
228 1251 359 1302 μυρίων
381 1250 534 1289 θανάτων
551 1248 795 1302 χαλεπώτερον
812 1265 821 1295 ;
848 1248 957 1301 ζΟρδλὶς
974 1249 1026 1287 ὅτι
1047 1252 1085 1288 οὗ

68 1311 169 1362 μόνον
190 1312 306 1363 νεκρὸς
324 1315 342 1349 ὁ
361 1314 511 1363 τρυφῶν,
533 1310 624 1348 ἀλλὰ
644 1310 703 1348 καὶ
725 1315 845 1361 νεκροῦ
864 1309 1004 1361 χείρων,
1024 1309 1083 1347 καὶ

65 1374 298 1422 δαιμονῶντος
321 1371 548 1424 ἀθλιώτερος;
569 1370 613 1409 ‘O
640 1370 702 1421 μὲν
725 1370 793 1422 γὰρ
818 1373 984 1419 ἐλεεῖται,
1009 1374 1027 1408 ὁ
1047 1369 1083 1407 δὲ

66 1439 222 1483 μισεῖται
239 1448 246 1455 ·
266 1433 324 1470 καὶ
357 1436 374 1470 ὃ
405 1431 466 1482 μὲν
499 1430 703 1482 συγγνώμης
724 1431 914 1478 ἀπολαύει,
935 1434 952 1468 ὁ
971 1430 1005 1469 δὲ
1024 1431 1084 1469 κό-

66 1494 166 1531 λασιν
184 1493 321 1530 δίδωσιν
336 1492 423 1544 ὑπὲρ
437 1486 483 1529 ῶν
497 1497 600 1530 νοσεῖ.
629 1493 674 1529 Ei
690 1491 726 1529 δὲ
742 1490 863 1535 ἔξωθεν
885 1491 990 1534 οὕτως
1011 1490 1084 1528 ἐστὶ

67 1554 324 1605 καταγέλαστος
338 1584 347 1601 ,
392 1553 570 1599 σεσηπότα
611 1552 722 1591 σίελον
766 1551 869 1603 ἔχων,
902 1551 962 1589 καὶ
992 1551 1083 1589 οἴνου

66 1615 180 1652 πνέων
214 1614 380 1657 ὀδωδότος
395 1644 404 1661 ,
433 1613 590 1659 ἐννόησον
624 1613 686 1659 τὴν
719 1612 839 1650 ἀθλίαν
871 1612 986 1664 ψυχὴν
1020 1611 1084 1658 τὴν

64 1675 186 1726 ὥσπερ
217 1678 250 1713 ἐν
278 1675 376 1727 τάφῳ
401 1677 449 1726 τῷ
468 1673 611 1725 τοιούτῳ
631 1672 770 1724 σώματι
798 1673 1084 1725 κατωρυγμένην,

66 1740 140 1778 πῶς
169 1736 259 1779 εἰκὸς
287 1736 489 1773 διακεῖσθαι.
517 1735 654 1772 Ταύτὸν
688 1734 755 1785 γάρ
777 1737 868 1772 ἐστιν
897 1734 991 1781 ἰδεῖν,
1014 1728 1083 1772 οἷον

63 1796 107 1833 ἂν
128 1798 157 1833 εἰ
176 1795 261 1848 κόρῃ
282 1795 412 1847 κοσμία
430 1795 488 1833 καὶ
507 1794 656 1847 σώφρονι
674 1795 734 1833 καὶ
754 1794 918 1848 ἐλευθέρᾳ
940 1794 1000 1832 καὶ
1025 1796 1084 1832 εὖ-

64 1864 157 1909 γενεῖ
170 1858 229 1895 καὶ
243 1859 333 1907 καλῇ
351 1857 577 1909 θεραπαινίδα
591 1856 763 1909 βάρὸαρόν
776 1873 854 1894 τινα
865 1856 924 1894 καὶ
935 1856 1084 1909 αἰσχρὰν

68 1919 127 1956 καὶ
149 1920 340 1970 ἀκάθαρτον
363 1917 564 1957 ἐνάλλεσθαι
595 1918 655 1955 καὶ
675 1916 860 1969 ἐνυὸρίζειν
881 1917 970 1968 μετὰ
995 1919 1085 1955 πολ-

68 1982 131 2026 λῆς
158 1996 210 2022 τις
236 1980 514 2032 παρασκευάσειε
529 1981 590 2025 τῆς
611 1977 775 2022 ἐξουσίας.
805 1979 968 2017 Τοιοῦτον
982 1977 1083 2030 γὰρὴ

70 2040 172 2089 μέθη.

123 2101 187 2143 Τίς
206 2093 262 2139 οἶν
283 2103 345 2139 οὐκ
363 2102 403 2139 ἂν
428 2101 541 2141 ἕλοιτο
567 2105 635 2141 τῶν
657 2105 734 2141 νοῦν
754 2102 902 2155 ἐχόντων
924 2104 1085 2155 μυριάκις
1106 2113 1131 2144 D

68 2162 300 2209 ἅποθανεῖν,ἢ
319 2162 401 2213 μίαν
423 2162 513 2200 οὕτω
527 2166 630 2210 ζῆσαι
643 2163 800 2215 ἧμέρανς
821 2163 896 2202 Κᾶν
910 2163 977 2216 γὰρ
992 2164 1084 2214 ἦμέ-

69 2237 130 2272 ρας
148 2222 332 2272 γενομένης
351 2226 389 2261 ἐκ
406 2226 468 2268 τ’ῆς
486 2223 673 2275 κωμῳδίας
690 2222 821 2270 ἐκείνης
835 2224 987 2267 ἀναστὰς
1004 2225 1083 2276 δόξῃ

64 2282 198 2334 νήφειν,
219 2282 294 2321 οὐῗὲ
313 2282 391 2321 τότε
414 2287 569 2335 καθαρᾶς
586 2282 752 2321 ἀπολαύει
769 2283 1014 2335 σωφροσύνης,
1033 2285 1085 2322 ἔτι

65 2346 128 2389 τ’ῆς
144 2343 287 2395 νεφέλης
307 2343 439 2391 ἐκείνης
461 2346 521 2390 τῆς
542 2343 610 2382 ἀπὸ
630 2347 689 2382 τοῦ
709 2347 880 2395 χειμῶνος
897 2348 960 2391 τῆς
980 2345 1085 2395 μέθης

66 2403 134 2456 πρὸ
154 2408 221 2442 τῶν
239 2407 425 2456 ὀφθαλμῶν
445 2404 646 2455 ἱσταμένης.
674 2405 718 2442 Εἰ
732 2404 767 2442 δὲ
787 2404 846 2441 καὶ
864 2403 962 2457 ι’δῴη
981 2407 1083 2444 αὐτὸν

65 2469 224 2518 καθαρῶς
250 2466 366 2518 νήφειν
379 2497 389 2514 ,
420 2466 454 2503 τί
479 2465 519 2503 τὸ
537 2466 680 2518 ὅφελοςς
712 2467 773 2508 Εἷς
792 2465 888 2504 οὐδὲν
904 2466 972 2519 γὰρ
990 2470 1083 2520 αὐτῷ

66 2526 239 2577 χρήσιμος
264 2531 285 2573 ἡ
313 2528 415 2578 ν’ἧψις
434 2526 519 2572 αὕτη
532 2556 541 2572 ,
568 2525 645 2564 ἀλλ’
664 2525 685 2572 ἢ
707 2527 753 2570 εἷς
772 2526 811 2564 τὸ
830 2525 907 2570 τοὺς
926 2528 1083 2579 κατηγό-

68 2601 144 2638 ρους
159 2587 251 2624 testu.
278 2585 391 2625 Ὅταν
411 2586 471 2637 μὲν
487 2586 553 2638 γὰρ
573 2589 758 2639 ἀσχημονῇ
776 2617 785 2634 ‚
815 2591 975 2626 τοσοῦτον
1004 2604 1083 2640 κερ-

68 2647 188 2693 δαίνει,
217 2646 294 2686 ὅσον
319 2648 382 2685 οὒκ
410 2647 609 2686 αἰσθάνεται
631 2650 698 2686 τῶν
719 2647 901 2699 γελώντων
917 2664 924 2672 ·
951 2648 1084 2702 ἡμέρας

67 2707 103 2745 δὲ
122 2708 327 2759 γενομένης,
346 2708 406 2745 καὶ
423 2707 553 2754 ταύτην
573 2707 744 2746 ἀπόλλυσι
763 2708 825 2755 τὴν
845 2710 1083 2760 παραμυθίαν,

64 2769 125 2806 καὶ
138 2772 279 2807 οἰκετῶν
295 2768 542 2821 γογγυζόντων,
561 2768 620 2806 καὶ
634 2769 794 2820 γυναικὸς
809 2771 1082 2822 αἰσχυνομένης,

66 2830 126 2867 καὶ
154 2830 262 2882 φίλων
291 2829 560 2877 ὃιαὸαλλόντων,
584 2829 642 2867 καὶ
662 2832 793 2881 ἐχθρῶν
810 2832 1082 2883 καταγελώντων

66 2890 322 2940 αἰσθανόμενος.
353 2890 399 2929 Τί
425 2889 553 2936 ταύτης
578 2888 800 2941 ἐλεεινότερον
821 2890 946 2941 γένοιτ’
964 2891 1002 2929 ἂν
1020 2895 1082 2939 τῆς

67 2952 155 2997 ζωῆς
166 2980 176 2997 ,
194 2953 361 3002 γελᾶσθαι
385 2952 460 3001 μεθ’
479 2950 614 3002 ἡμέραν
634 2950 700 2988 ὑπὸ
718 2951 872 2998 πάντων,
887 2952 946 2990 καὶ
965 2952 1080 2999 δείλης

65 3013 169 3050 πάλιν
199 3012 243 3050 τὰ
273 3012 361 3050 αὐτὰ
391 3016 618 3064 ἀσχημονεῖν,
649 3011 754 3050 Ἀλλὰ
779 3013 829 3061 τί,
858 3012 972 3064 βούλει
1001 3013 1080 3057 τοὺς

63 3072 270 3116 πλεονέκτας
287 3075 334 3116 εἷς
352 3074 454 3124 μέσον
473 3073 677 3124 ἀγάγωμεν,
696 3073 764 3111 Καὶ
780 3073 847 3125 γὰρ
866 3073 954 3121 αὕτη
975 3074 1079 3111 πάλιν

66 3132 169 3184 ἑτέρα
199 3133 286 3182 μέθη
317 3133 568 3186 χαλεπωτέρα·
590 3135 618 3171 εἷ
645 3133 680 3171 δὲ
705 3133 815 3184 μέθη,
839 3134 900 3172 καὶ
937 3134 1081 3177 θάνατος

65 3192 204 3236 πάντως
219 3195 336 3246 πολλῷ
350 3195 476 3245 χείρων
493 3193 621 3232 ἐκείνου
632 3222 642 3240 ,
659 3193 777 3241 ἐπειδὴ
796 3195 855 3232 καὶ
872 3197 893 3240 ἦ
913 3195 1000 3246 μέθη
1015 3210 1082 3246 χα-

66 3252 262 3304 λεπωτέρα.
291 3253 362 3292 Καὶ
385 3256 451 3306 γὰρ
467 3255 533 3305 οὐχ
550 3253 639 3292 οὕτω
655 3254 761 3292 δεινὸν
777 3255 816 3292 τὸ
831 3255 912 3307 οἴνῳ
932 3256 1082 3305 μεθύειν,

113 3377 125 3391 ³
150 3368 206 3408 [Α.
222 3374 331 3408 ζῶντας
347 3372 495 3410 ἅπαντας,
509 3376 541 3401 et
557 3378 614 3403 τῶν
632 3371 841 3411 τεθνηκὸτων.]

282 3435 376 3459 ΤΟΜ.
411 3435 462 3458 IX.

978 264 1037 292 AD
1074 262 1163 292 ROM
1172 282 1180 291 .

2045 244 2134 291 631

1161 351 1197 381 et
1217 342 1284 394 ipsi
1310 342 1496 395 quidpiam
1521 342 1756 381 necessarium
1775 341 1886 390 dicas,
1906 341 1998 379 nihil
2019 342 2142 380 audies

1159 403 1372 453 loquentem,
1399 404 1458 441 sed
1482 403 1583 453 quasi
1607 411 1789 440 mortuum
1807 418 1818 452 3
1839 403 1934 440 hunc
1958 417 2041 441 vero
2066 402 2141 442 sive

1160 473 1265 501 noctu
1274 463 1514 507 sivejnterdiu
1524 463 1723 513 convenias,
1734 463 1899 515 angelum
1910 463 2023 514 magis
2033 477 2141 513 quam

1160 524 1340 561 hominem
1365 523 1520 571 videbis,
1551 523 1596 562 de
1621 524 1819 562 caelestibus
1846 524 1952 561 rebus
1979 523 2141 575 pbiloso-

1157 584 1339 635 phantem.
1356 585 1485 624 Viden'
1504 585 1606 623 illum
1622 586 1702 637 plus
1716 599 1822 636 quam
1842 599 1961 623 omnes
1980 585 2140 624 viventes

1157 643 1295 693 vivere,
1306 645 1402 682 hunc
1419 659 1505 683 vero
1519 646 1573 683 vel
1587 645 1735 682 mortuis
1750 645 1986 682 miserabilius
1997 646 2138 697 jacere?

1157 704 1263 749 Quod
1285 705 1315 742 si
1334 706 1469 757 operari
1492 705 1668 753 videatur,
1695 704 1763 741 alia
1786 719 1850 756 pro
1871 705 1953 743 aliis
1971 705 2081 754 videt,
2099 720 2140 744 ac

1220 261 1371 292 HOMIL-
1415 262 1511 292 xm.

1110 764 1133 793 Β
1155 764 1354 803 furentibus
1373 765 1500 803 similis
1517 775 1570 803 est
1589 781 1601 816 5
1623 765 1694 802 imo
1716 765 1788 802 illis
1806 765 1979 802 miserior.
2001 767 2029 804 F
2032 781 2139 805 uren-

1156 832 1228 862 tem
1250 825 1343 862 enim
1360 825 1389 862 si
1406 825 1487 875 quis
1502 824 1713 862 contumelia
1732 825 1902 871 affecerit,
1919 838 1982 863 nos
1998 826 2142 865 misera-

1157 897 1250 931 mur,
1272 883 1531 933 laedentemque
1554 883 1778 934 increpamus
1800 899 1808 919 :
1834 883 1871 921 in
1890 884 1986 922 hunc
2004 900 2087 925 vero
2111 887 2142 925 si

1155 957 1259 993 quem
1277 943 1492 980 insilientem
1505 942 1704 992 videamus,
1720 957 1788 981 non
1805 943 1921 980 solum
1934 957 2003 982 non
2017 945 2063 982 ad
2075 945 2143 983 mi-

1155 1003 1383 1042 sericordiam
1401 1004 1592 1053 flectimur,
1609 1003 1672 1041 sed
1686 1004 1790 1041 illum
1802 1005 1975 1055 jacentem
1994 1006 2141 1045 damna-

1155 1079 1247 1104 mus.
1263 1065 1432 1114 Hoccine,
1450 1079 1582 1116 quaeso,
1597 1065 1672 1103 vita
1688 1067 1764 1104 est?
1778 1079 1894 1103 annon
1909 1066 2007 1103 mille
2020 1068 2144 1105 morti-

1155 1126 1224 1164 bus
1237 1126 1416 1165 deterius?
1431 1126 1561 1165 Viden’
1574 1139 1643 1163 non
1655 1126 1760 1163 modo
1773 1136 1953 1164 mortuum
1966 1141 2038 1164 esse
2047 1141 2142 1176 eum,

1155 1186 1217 1237 qui
1235 1186 1434 1233 deliciatur,
1462 1186 1524 1225 sed
1542 1186 1650 1223 etiam
1673 1195 1813 1224 mortuo
1829 1187 1932 1238 pejus
1952 1201 1987 1224 se
2004 1187 2143 1226 haben-

1155 1255 1228 1284 tem
1241 1255 1275 1285 et
1288 1247 1507 1285 daemoniaco
1524 1246 1743 1284 miseriorem
1758 1247 1775 1284 'x‘
1791 1247 1859 1284 Hic
1873 1261 2026 1298 namque
2039 1249 2143 1286 mise-

1155 1307 1346 1345 ricordiam
1373 1307 1532 1355 attrahit,
1558 1307 1618 1345 ille
1643 1307 1725 1345 odio
1752 1307 1904 1345 habetur
1917 1323 1927 1357 3
1954 1308 2013 1345 hic
2039 1309 2141 1347 venia

1108 1371 1131 1402 C
1154 1369 1300 1418 fruitur,
1319 1368 1379 1406 ille
1392 1368 1436 1406 de
1455 1369 1580 1406 morbo
1599 1383 1662 1406 suo
1679 1382 1799 1420 poenas
1814 1368 1888 1406 dat.
1912 1369 2021 1415 Quod
2034 1369 2063 1407 si
2079 1384 2143 1407 ex·

1153 1429 1263 1467 terius
1279 1429 1328 1467 ita
1344 1429 1520 1468 ridiculus
1535 1438 1600 1479 est,
1623 1429 1856 1481 putrefactam
1871 1429 2023 1467 salivam
2042 1430 2143 1468 emit-

1155 1499 1243 1539 tens,
1265 1499 1298 1527 et
1318 1499 1420 1541 putre
1438 1491 1563 1528 vinum
1583 1490 1704 1539 olens,
1726 1490 1891 1527 miseram
1907 1490 2064 1528 animam
2083 1505 2142 1528 co-

1154 1551 1241 1602 gita,
1261 1565 1337 1601 quae
1353 1551 1389 1588 in
1408 1566 1553 1603 corpore
1569 1565 1632 1589 ceu
1650 1551 1687 1589 in
1704 1551 1866 1602 sepulcro
1884 1551 2012 1589 obruta
2031 1553 2139 1604 jacet,

1153 1625 1223 1661 quo
1238 1610 1344 1648 modo
1361 1611 1424 1648 illa
1439 1625 1475 1649 se
1487 1612 1618 1648 habere
1633 1620 1787 1663 putetur.
1801 1611 1963 1663 Idipsum
1976 1613 2069 1649 enim
2087 1614 2142 1650 vi-

1153 1671 1236 1709 dere
1249 1680 1312 1719 est,
1331 1685 1372 1709 ac
1393 1671 1422 1708 si
1437 1671 1565 1723 puellae
1581 1681 1724 1719 ornatae,
1742 1680 1857 1720 castae,
1878 1672 2008 1721 liberae,
2029 1673 2142 1710 nobili

1153 1742 1257 1783 atque
1274 1733 1455 1781 formosae,
1475 1733 1642 1770 ancillam
1661 1733 1868 1779 barbaram,
1891 1741 2045 1784 turpem,
2068 1734 2140 1771 im—

1152 1807 1282 1845 puram
1300 1793 1480 1841 insultare,
1501 1793 1638 1846 ipsique
1659 1793 1890 1831 contumelias
1912 1793 2042 1831 inferre
2061 1795 2141 1844 quis

1153 1868 1234 1892 cum
1256 1863 1427 1905 potestate
1448 1854 1600 1906 juberet.
1627 1854 1768 1892 Etenim
1792 1853 1860 1892 tale
1881 1854 2069 1906 quidpiam
2089 1864 2141 1892 est

1154 1914 1320 1954 ebrietas.

1207 2096 1271 2133 10.
1295 2094 1386 2143 Quis
1405 2107 1501 2146 ergo,
1522 2094 1551 2132 si
1575 2103 1691 2132 mente
1710 2094 1839 2143 valeat,
1860 2108 1929 2133 non
1948 2096 2140 2134 sexcenties

1152 2156 1242 2194 mori
1266 2155 1380 2205 malit,
1402 2169 1511 2205 quam
1531 2155 1587 2194 vel
1605 2168 1712 2192 unam
1731 2153 1827 2193 diem
1848 2155 1899 2193 sic
1919 2156 2138 2207 transigere?

1153 2218 1230 2256 Etsi
1250 2218 1344 2255 enim
1369 2217 1591 2254 illucescente
1611 2215 1682 2265 die,
1705 2230 1749 2254 ex
1776 2217 1839 2255 tali
1866 2219 2039 2255 comoedia
2062 2233 2141 2256 sur-

1152 2292 1237 2330 gens
1253 2279 1313 2316 ille
1334 2292 1455 2329 sapere
1470 2277 1652 2326 videatur,
1671 2290 1786 2328 neque
1799 2287 1884 2316 tunc
1900 2293 1986 2330 pura
2010 2279 2142 2318 fruitur

1152 2338 1398 2391 temperantia,
1417 2337 1512 2374 nube
1527 2337 1589 2375 illa
1603 2338 1648 2375 ab
1663 2337 1843 2376 ebrietatis
1857 2348 2063 2391 tempestate
2077 2341 2141 2380 im-

1154 2400 1262 2438 missa
1279 2399 1398 2437 adhuc
1419 2398 1465 2436 ob
1488 2399 1609 2436 oculos
1631 2407 1755 2437 stante.
1773 2399 1811 2436 Si
1826 2413 1911 2438 vero
1928 2402 2141 2440 concedatur

1153 2461 1258 2499 illum
1274 2473 1362 2512 pure
1381 2473 1515 2510 sapere,
1533 2473 1612 2509 quae
1632 2459 1717 2496 hinc
1739 2459 1905 2497 utilitas?
1929 2461 2030 2498 Nihil
2046 2462 2140 2500 enim

1154 2521 1223 2573 ipsi
1239 2520 1383 2572 prodest
1401 2519 1476 2556 haec
1494 2519 1677 2567 sobrietas,
1694 2518 1762 2557 nisi
1783 2529 1821 2557 ut
1835 2533 1893 2558 eos
1908 2521 1969 2571 qui
1988 2536 2024 2559 se
2038 2523 2138 2560 incu-

1154 2590 1233 2620 sant
1252 2580 1384 2619 videat.
1404 2580 1496 2617 Nam
1514 2579 1603 2616 dum
1626 2579 1777 2630 turpiter
1795 2594 1831 2617 se
1849 2581 1954 2631 gerit,
1976 2582 2044 2619 hoc
2060 2592 2138 2620 tan-

1157 2653 1232 2681 tum
1246 2643 1416 2691 lucratur,
1437 2641 1532 2692 quod
1549 2641 1689 2679 nullum
1705 2655 1740 2678 se
1757 2641 1983 2681 irridentium
1996 2658 2137 2682 sensum

1152 2704 1283 2742 babeat
1302 2719 1310 2739 :
1329 2702 1388 2740 die
1405 2711 1523 2739 autem
1540 2702 1773 2752 subsequente
1790 2702 1882 2740 hanc
1898 2704 2030 2741 amittit
2051 2719 2136 2742 con—

1109 2781 1133 2810 Ε
1155 2763 1373 2812 solationem,
1397 2776 1479 2799 cum
1503 2761 1712 2799 domesticos
1739 2772 2012 2813 murmurantes,
2039 2779 2135 2802 uxo-

1153 2840 1228 2864 rem
1247 2824 1385 2876 pudore
1397 2823 1573 2871 affectam,
1593 2821 1724 2860 amicos
1742 2823 1953 2871 incusantes,
1974 2826 2136 2866 inimicos

1151 2887 1340 2926 irridentes
1353 2885 1469 2925 sentit.
1485 2883 1584 2932 Quid
1596 2884 1664 2921 hac
1678 2884 1753 2923 vita
1764 2885 2001 2925 miserabilius
2015 2889 2133 2937 suerit,

1150 2963 1215 3002 per
1233 2947 1328 2986 diem
1352 2946 1440 2984 risui
1464 2945 1630 2983 omnibus
1647 2957 1730 2992 esse,
1754 2953 1786 2982 et
1807 2959 1952 2997 vespere
1973 2948 2133 2987 eamdem

1151 3010 1188 3048 in
1223 3007 1482 3061 turpitudinem
1500 3005 1654 3042 recidere
1673 3005 1690 3042 Ξ)
1711 3005 1784 3043 Sed
1803 3007 1892 3056 quid
1925 3009 2025 3047 visne
2041 3024 2131 3049 ava-
2187 3023 2315 3052 Avaiffia

1152 3085 1210 3109 ros
1231 3070 1267 3107 in
1286 3068 1447 3107 medium
1467 3065 1714 3118 proferamus?
1735 3066 1819 3103 Haec
1837 3068 1933 3105 enim
1949 3078 2000 3106 est
2023 3071 2132 3111 altera
2148 3065 2333 3093 estebneias.

1153 3131 1296 3183 gravior
1309 3129 1458 3167 ebrietas
1473 3142 1484 3175 3
1501 3126 1528 3164 si
1543 3135 1661 3163 autem
1672 3126 1835 3175 ebrietas,
1856 3137 1906 3166 est
1921 3129 2025 3168 etiam
2040 3146 2136 3171 mors

1151 3192 1215 3230 illa
1228 3189 1391 3236 deterior,
1407 3188 1490 3238 quia
1500 3187 1577 3224 haec
1591 3186 1740 3224 ebrietas
1754 3187 1896 3238 gravior
1910 3199 1961 3228 est
1973 3191 2049 3229 illa.
2070 3193 2134 3231 Et-

1152 3254 1247 3293 enim
1270 3264 1340 3290 non
1362 3250 1411 3287 ita
1430 3261 1536 3300 grave
1559 3257 1610 3286 est
1633 3247 1715 3286 vino
1733 3249 1965 3290 temulentum
1987 3266 2074 3305 esse,
2097 3265 2135 3293 ut

1188 3370 1204 3394 b
1228 3367 1278 3409 [Α.
1297 3368 1415 3408 δοίημεν
1432 3372 1463 3396 et
1482 3374 1558 3397 mox
1574 3371 1719 3410 χρήσιμος
1734 3368 1767 3403 ἦν
1783 3366 1830 3407 ἡ,]

1911 3420 1962 3458 44
