2502 3810
356 279 444 323 720
825 275 861 302 S.

351 358 516 404 audiens,
543 355 728 405 desperes5
747 367 858 403 neque
880 362 917 391 tu
941 353 1136 392 bonitatem
1162 354 1329 404 audiens,

352 415 520 453 confidas.
537 414 621 451 Ideo
639 423 672 451 te
685 427 803 451 severe
818 414 1031 465 amputavit,
1048 424 1087 451 ut
1098 414 1227 452 reverti
1240 414 1333 452 desi-

350 475 472 522 deres;
492 473 570 510 ideo
587 486 668 523 erga
688 482 721 510 tc
739 472 934 510 bonitatem
950 473 1115 510 exhibuit
1127 503 1138 519 ,
1161 482 1199 510 ut
1217 488 1334 525 perse-

350 548 461 571 veres.
479 535 552 571 Nee.
565 532 675 583 dixit,
687 534 728 571 ln
750 533 835 582 fide,
849 533 909 570 sed
926 536 975 570 In
997 536 1169 572 bonitate
1180 551 1194 579 ;
1215 534 1253 571 id
1271 543 1334 583 est,

349 595 377 631 si
398 593 464 631 Dei
478 593 696 644 benignitate
717 593 826 644 digna
840 593 964 631 feceris
982 610 989 630 :
1012 608 1125 644 neque
1144 594 1239 632 enim
1264 594 1335 632 fide

346 663 485 691 tantum
504 668 593 706 opus
613 662 676 692 est.
696 653 829 693 Viden’
849 654 1028 704 quomodo
1049 669 1160 705 neque
1179 655 1260 694 illos
1277 656 1333 707 ja-

348 729 423 752 cere
435 714 611 766 penuisit,
627 727 740 764 neque
759 715 823 752 hos
836 714 948 752 altum
960 729 1094 767 sapere,
1110 716 1181 753 imo
1200 725 1235 753 et
1252 716 1333 754 illos

347 775 394 813 ad
414 776 675 813 aemulationem
693 776 928 827 provocavit3
948 791 1070 814 rursus
1090 792 1153 829 per
1172 791 1211 814 ea
1222 807 1232 826 ,
1256 791 1333 827 quae
1357 787 1380 817 C

346 837 452 886 dixit,
470 837 596 877 Judaeo
612 838 770 875 tribuens
783 842 827 875 'ut
849 839 884 875 in
899 840 975 889 ejus
991 847 1099 876 staret
1114 839 1203 887 loco,
1213 853 1333 889 quem-

346 897 541 936 admodum
571 908 605 936 et
629 898 692 936 iste
726 898 844 936 locum
868 899 967 937 illius
998 901 1333 952 praeoccupaverat?

347 960 392 998 Et
419 975 500 998 eum
525 960 672 1010 quidem
694 960 756 1011 qui
775 975 819 998 ex
837 961 1002 1011 gentibus
1019 971 1083 1011 est,
1104 977 1164 1014 per
1192 962 1334 1002 Judaeos

346 1030 379 1058 et
394 1036 456 1073 per
471 1036 510 1058 ea
529 1036 605 1072 quae
620 1023 641 1060 J
646 1021 754 1059 udaeis
769 1022 991 1073 contigerunt
1011 1031 1129 1071 terret,
1144 1037 1187 1061 ne
1202 1023 1333 1061 adver-

346 1095 424 1119 sum
439 1081 580 1121 Judaeos
597 1082 981 1131 efferantur3Judaeum
1002 1097 1086 1121 vero
1099 1098 1161 1135 per
1183 1098 1235 1131 ea,
1253 1099 1332 1134 quae

345 1144 509 1193 gentibus
519 1158 679 1181 concessa
690 1153 783 1193 sunt,
792 1144 964 1182 fiduciam
979 1145 1228 1198 haberejubet.
1240 1147 1333 1184 Nam

345 1212 382 1240 tu
400 1218 538 1254 quoque
551 1234 560 1251 ‚
580 1203 716 1254 inquit,
741 1204 770 1241 si
791 1204 918 1256 ignave
940 1214 972 1242 te
998 1219 1111 1256 geras,
1129 1205 1303 1244 excideris
1323 1222 1331 1242 :

345 1278 426 1301 nam
445 1274 477 1301 et
495 1265 641 1303 Judaeus
661 1266 800 1302 excisus
815 1275 866 1303 est
885 1282 894 1301 .·
911 1275 944 1303 et
966 1266 1026 1303 ille
1042 1267 1070 1304 si
1093 1266 1281 1318 diligenter
1297 1282 1335 1306 se

344 1334 456 1376 gerat,
474 1324 646 1362 inseretur
661 1340 669 1360 :
690 1339 773 1362 nam
788 1333 822 1362 et
841 1334 878 1362 tu
893 1340 1033 1376 quoque
1052 1327 1202 1364 insertus
1220 1327 1331 1365 fuisti.

345 1389 397 1422 Ac
415 1385 607 1436 prudenter
626 1385 822 1422 admodum
842 1400 1037 1423 sermonem
1059 1395 1172 1423 totum
1185 1387 1231 1424 ad
1251 1402 1333 1425 eum

344 1445 405 1495 qui
426 1459 472 1482 ex
496 1445 664 1495 gentibus
693 1454 745 1482 est
771 1446 968 1494 convertit3
991 1446 1041 1483 uti
1063 1461 1200 1497 semper
1220 1448 1333 1486 facere
1354 1457 1378 1486 D

343 1506 445 1554 solet,
468 1505 556 1542 dum
570 1519 634 1556 per
650 1505 850 1542 firmiorum
863 1505 1154 1557 increpationem,
1171 1507 1333 1545 infirmos

343 1567 499 1617 corrigit.
519 1566 593 1603 Hoc
609 1580 748 1616 quoque
766 1566 850 1604 facit
864 1567 899 1604 in
914 1567 1069 1619 epistolae
1090 1568 1173 1615 fine,
1186 1583 1267 1606 cum
1289 1568 1333 1606 de

342 1628 501 1665 ciborum
521 1628 767 1665 observatione
786 1627 957 1678 loquitur.
978 1628 1114 1666 Deinde
1126 1641 1202 1667 ‘non
1218 1644 1260 1667 ex
1276 1631 1333 1667 fu-

342 1689 428 1727 turis
451 1689 570 1737 modo,
586 1688 645 1726 sed
665 1689 770 1726 etiam
797 1704 843 1727 ex
868 1690 1055 1741 praeteritis
1083 1691 1243 1743 idipsum
1269 1693 1332 1730 ad-

342 1749 466 1798 struit3
484 1749 522 1787 id
540 1749 637 1800 quod
657 1750 769 1801 magis
785 1750 984 1788 auditorem
1000 1752 1199 1803 persuadet.
1213 1755 1333 1804 thue

342 1811 610 1849 ratiociniorum
639 1811 765 1849 seriem
786 1811 958 1850 invictam
990 1823 1129 1862 servet,
1151 1814 1266 1865 primo
1287 1830 1332 1853 ex

341 1872 497 1922 potentia
516 1872 583 1909 Dei
602 1871 939 1909 demonstrationem
959 1873 1068 1924 ponit.
1082 1875 1173 1911 Nam
1193 1874 1331 1913 etiamsi

341 1933 394 1969 illi
416 1933 561 1970 abscissi
579 1942 612 1969 et
630 1933 777 1984 projecti
795 1933 940 1981 suerint,
957 1933 1092 1983 aliique
1114 1935 1259 1972 illorum
1277 1936 1330 1974 lo-

341 2009 422 2032 cum
453 1994 678 2046 occuparint,
707 2008 750 2031 ne
776 1993 940 2046 desperes
964 2010 971 2031 :
989 1997 1123 2034 Potest
1139 2000 1262 2045 enim,
1279 1997 1331 2034 in-

339 2055 436 2105 quit,
454 2057 560 2093 Deus
588 2058 725 2093 iterum
750 2056 840 2093 illos
862 2059 1028 2095 inserere
1035 2074 1049 2103 ,-
1064 2058 1241 2109 quietiam
1264 2074 1301 2097 ea
1314 2090 1325 2106 ,

338 2131 416 2166 quae
433 2131 539 2168 supra
558 2131 657 2168 spem
673 2126 768 2164 sunt,
787 2117 909 2155 efficit.

391 2178 427 2215 6.
445 2176 551 2223 Quod
586 2177 616 2215 si
646 2191 765 2214 rernm
799 2177 959 2216 ordinem
989 2193 1029 2217 ae
1061 2180 1331 2218 ratiociniorum

344 2237 471 2274 seriem
487 2252 626 2287 quaeras
639 2268 648 2285 ,
664 2239 774 2277 habes
791 2238 827 2276 in
841 2247 874 2275 te
891 2240 1097 2292 exemplum
1112 2242 1255 2292 majoris
1267 2256 1331 2292 po-

343 2298 473 2335 tentiae.
493 2300 558 2336 ⁶24.
581 2300 685 2335 ,Tam
703 2302 735 2336 si
753 2308 807 2347 τιι,
832 2299 962 2349 inquit,
977 2315 1023 2337 ex
1040 2302 1217 2338 naturali
1233 2304 1331 2339 exci-

344 2371 408 2395 sus
433 2371 471 2394 es
496 2358 678 2404 oleastm,
702 2367 739 2395 et
752 2367 892 2409 proeter
911 2368 1092 2397 naturam
1110 2363 1274 2398 insertus
1294 2375 1333 2399 es

345 2421 386 2455 in
407 2421 545 2455 bonam
557 2419 728 2463 olivam;
743 2428 889 2469 quanto
909 2423 1031 2471 magis
1046 2421 1097 2468 hi,
1115 2423 1182 2472 qui
1196 2435 1332 2458 secun-

346 2481 439 2517 dum
454 2489 638 2517 naturam
652 2482 869 2517 inserentur
887 2483 927 2517 in
941 2484 1138 2532 propriam
1162 2478 1303 2520 Olivam
1319 2488 1335 2520 Ρ

345 2540 488 2578 Etenim
507 2541 534 2578 si
560 2540 647 2578 fides
671 2540 710 2578 id
731 2540 826 2591 quod
845 2550 974 2592 praeter
991 2551 1155 2580 naturam
1175 2552 1247 2581 erat
1265 2558 1334 2596 po-

345 2601 428 2652 tuit,
465 2602 576 2638 multo
603 2601 716 2651 magis
744 2601 937 2639 seeundum
957 2612 1121 2640 naturam
1138 2605 1280 2655 poterit.
1297 2605 1349 2643 Si.

343 2662 403 2699 hic
430 2677 449 2699 a
478 2662 641 2714 patribus
669 2662 743 2700 suis
767 2663 993 2701 naturalibus
1026 2665 1178 2712 excisus,
1208 2675 1337 2717 praeter

349 2733 513 2761 naturam
540 2723 585 2761 ad
608 2723 791 2761 Abraham
816 2725 982 2774 accessit3
1012 2726 1126 2763 multo
1149 2727 1264 2778 magis
1287 2736 1337 2782 tu,

1351 2769 1396 2792 651

900 273 1084 303 JOANMS
1122 273 1359 303 CHRYSOST.
1399 275 1606 307 ARCHIEP.
1645 278 1998 311 CONSTANTINOP-

1406 371 1491 406 σῃς,
1514 357 1601 407 μήτε
1631 357 1671 395 σὺ
1692 360 1940 411 χρηστότητα,
1957 361 2142 412 θαῤῥήσῃς.
2163 361 2231 400 Διὰ
2258 362 2357 400 τοῦτό
2386 378 2423 400 σε

1406 417 1591 468 ἀποτόμως
1605 418 1776 471 ἐξέκοψεν,
1789 418 1844 457 ἵνα
1856 419 2011 471 ποθήσῃς
2026 423 2222 460 ἐπανελθεῖν
2233 438 2240 446 ·
2256 422 2310 460 διὰ
2325 427 2423 460 τοῦτο

1406 477 1485 529 περὶ
1502 477 1540 515 σὲ
1558 479 1782 531 χρηστότητα
1809 483 1824 499 ³
1839 479 2028 523 ἐνεδείξατο
2041 510 2050 527 ,
2068 480 2124 519 ἵνα
2142 482 2334 533 ἔπιμείνῃς.
2354 482 2422 520 Καὶ

1406 540 1468 576 οὐκ
1485 533 1578 587 εἷπε,
1593 542 1636 590 τῇ
1653 539 1789 586 πίστει,
1805 539 1906 588 ἀλλὰ,
1923 542 1978 592 Τῇ
1992 542 2224 592 χρηστότητι,
2238 543 2424 590 τουτέστιν,

1408 599 1448 636 ἂν
1466 599 1543 644 ἄξια
1562 604 1624 647 τ’ῆς
1638 605 1697 639 τοῦ
1717 603 1808 639 Θεοῦ
1827 601 2087 654 φιλανθρωπίας
2110 603 2284 654 πράττῃς·
2304 605 2340 642 οὖ
2357 603 2425 656 γὰρ

1406 660 1556 704 πίστεως
1580 662 1631 700 δεῖ
1661 661 1775 712 μόνον.
1792 662 1902 714 (Ορᾷς
1922 665 1996 705 πῶς
2024 662 2101 700 οὔτε
2132 663 2279 707 ἐκείνους
2313 668 2426 715 ἀφῆκε

1406 725 1560 769 κεῖσθαι,
1581 722 1658 759 οὔτε
1674 722 1813 764 τούτους
1831 722 1921 773 μέγα
1937 728 2086 775 φρονεῖν,
2107 723 2196 760 ἀλλὰ
2224 724 2283 761 καὶ
2314 739 2427 775 παρε-

1406 782 1542 828 ζήλωσε
1567 783 1726 830 τούτους,
1747 782 1853 820 πάλιν
1871 783 1913 820 δι’
1935 783 2073 821 ἐκείνων
2096 782 2172 826 δοὺς
2195 786 2244 835 τῷ
2267 783 2427 836 Ἰουδαίῳ

1406 846 1530 889 στῆναι
1550 846 1596 887 εἷς
1614 844 1672 882 τὸν
1690 843 1810 882 τούτου
1832 843 1951 892 τόπον,
1971 844 2128 896 καθάπερ
2148 846 2275 888 ἐκεῖνος
2294 860 2427 897 προκα-

1405 904 1531 942 τέλαὸε
1552 903 1591 942 τὸ
1609 903 1729 942 τούτου
1757 904 1903 956 χωρίον,
1923 905 1994 943 Καὶ
2012 905 2070 943 τὸν
2092 904 2153 956 μὲν
2174 905 2208 949 ἐξ
2229 907 2332 943 ἐθνῶν
2359 905 2428 943 ἀπὸ

1405 967 1474 1002 τῶν
1491 963 1667 1002 Ἰουδαίων
1690 964 1788 1017 φοὸεῖ
1807 965 1866 1002 καὶ
1887 968 1954 1003 τῶν
1975 965 2115 1008 ἐκείνοις
2141 965 2428 1015 συμὸεὸηκότων,

1405 1024 1460 1063 ἵνα
1482 1024 1529 1075 μὴ
1550 1024 1761 1077 ἐπαίρωνται
1777 1028 1854 1063 κατ’
1877 1027 2006 1064 αὐτῶν·
2024 1027 2082 1066 τὸν
2109 1026 2144 1065 δὲ
2172 1027 2337 1064 Ἰουδαῖον
2358 1026 2428 1064 ἀπὸ

1405 1089 1473 1124 τῶν
1493 1088 1543 1137 τῷ
1561 1085 1712 1131 ἽΞλληνι
1731 1087 2023 1138 παρασχεθέντων
2049 1090 2185 1138 θαρρεῖν
2206 1087 2428 1139 παρασκευά-

1406 1149 1466 1191 ζει.
1490 1147 1557 1185 Καὶ
1575 1146 1644 1198 γὰρ
1658 1147 1717 1184 καὶ
1737 1146 1777 1184 σὺ
1794 1147 1971 1198 ἐκκοπήσῃ
1989 1177 1998 1194 ,
2027 1148 2143 1199 φησὶν,
2163 1147 2222 1185 ἐὰν
2249 1150 2406 1199 ῥᾳθυμῇς
2419 1162 2426 1170 ·

1405 1208 1463 1245 καὶ
1481 1207 1548 1259 γὰρ
1568 1211 1585 1246 ὃ
1604 1208 1769 1251 Ἰουδαῖος
1785 1208 1943 1254 ἐξεκόπη·
1965 1207 2023 1245 καὶ
2043 1210 2169 1251 ἐκεῖνος
2184 1207 2426 1259 ἐγκεντρισθῆ-

1405 1285 1524 1317 σεται,
1545 1269 1603 1307 ἐὰν
1620 1269 1793 1321 σπουδάζῃ
1808 1285 1815 1293 ·
1836 1270 1895 1307 καὶ
1920 1268 1987 1320 γὰρ
2009 1269 2068 1306 καὶ
2088 1268 2128 1306 σὺ
2157 1268 2424 1319 ἐνεκεντρίσθης.

1404 1328 1504 1366 Πάνυ
1525 1329 1560 1368 δὲ
1577 1333 1723 1373 συνετῶς
1743 1329 1821 1367 ὅλον
1842 1329 1899 1366 τὸν
1929 1329 2031 1380 λόγον
2060 1329 2145 1380 πρὸς
2176 1329 2233 1366 τὸν
2261 1328 2297 1372 ἐξ
2320 1330 2425 1366 ἐθνῶν

1403 1389 1542 1441 τρέπει,
1558 1391 1647 1441 ἅπερ
1664 1390 1716 1428 ἀεὶ
1731 1396 1840 1428 ποιεῖν
1860 1390 1989 1436 εἴωθεν,
2014 1391 2049 1426 ἐν
2075 1392 2119 1440 τῇ
2142 1392 2209 1426 τῶν
2244 1391 2426 1440 ἰσχυροτέ-

1407 1465 1473 1502 ρων
1493 1450 1675 1495 ἐπιπλήξει
1695 1450 1772 1493 τοὺς
1788 1453 1941 1493 ἀσθενεῖς
1960 1449 2209 1501 διορθούμενος.
2238 1452 2351 1487 Τοῦτο
2366 1449 2425 1487 καὶ

1405 1513 1437 1547 ἐν
1455 1513 1504 1562 τῷ
1523 1509 1615 1547 τέλει
1633 1514 1695 1556 τῆς
1724 1511 1909 1555 ἐπιστολῆς
1935 1509 2140 1560 ἐργάζεται,
2169 1508 2248 1560 περὶ
2275 1511 2337 1555 τῆς
2356 1511 2425 1546 τῶν

1405 1570 1522 1609 σιτίων
1541 1571 1782 1622 διαλεγόμενος
1802 1570 2090 1622 παρατηρήσεως.
2114 1565 2204 1607 Εἶτα
2221 1570 2279 1607 καὶ
2300 1572 2338 1607 ἐκ
2356 1573 2425 1607 τῶν

1404 1630 1645 1684 παρελθόντων
1679 1632 1760 1670 αὐτὸ
1790 1631 2064 1679 κατασκευάζει,
2085 1631 2143 1669 καὶ
2175 1633 2236 1669 οὐκ
2269 1631 2338 1669 ἀπὸ
2354 1634 2424 1670 τῶν

1406 1692 1601 1741 μελλόντων
1624 1693 1724 1742 μόνον
1743 1707 1750 1715 ·
1771 1692 1855 1745 ὅπερ
1875 1694 2006 1743 μᾶλλον
2027 1692 2140 1730 ἔπειθε
2159 1692 2215 1729 τὸν
2237 1691 2425 1745 ἀκροατήν.

1404 1752 1475 1790 Καὶ
1491 1752 1627 1803 μέλλων
1643 1755 1820 1804 λογισμῶν
1840 1752 1855 1772 b
1865 1752 2068 1790 ἀκολουθίαν
2083 1758 2200 1804 τηρεῖν
2221 1753 2427 1804 ἀναντίῤῥηε

1404 1828 1475 1861 τον,
1490 1813 1656 1866 πρότερον
1679 1814 1747 1852 ἀπὸ
1775 1816 1836 1859 τῆς
1857 1817 1917 1851 τοῦ
1945 1815 2036 1852 Θεοῦ
2059 1813 2235 1863 δυνάμεως
2253 1813 2315 1860 τὴν
2334 1813 2426 1851 ἀπό-

1404 1873 1506 1918 δειξιν
1525 1874 1673 1920 τίθησιν.
1695 1876 1739 1913 Εἰ
1765 1873 1833 1926 γὰρ
1864 1873 1924 1912 καὶ
1956 1874 2183 1919 ἀπεκόπησαν
2204 1874 2262 1912 καὶ
2283 1874 2425 1926 ἀπεῤῥί-

1403 1938 1550 1987 φθησαν,
1586 1936 1644 1974 καὶ
1676 1936 1776 1973 ἄλλοι
1805 1935 1849 1974 τὰ
1879 1936 1991 1973 αὐτῶν
2028 1935 2302 1987 προκατέλαὲον,
2337 1934 2425 1985 μηδὲ

1402 1997 1509 2040 οὕτως
1537 1999 1718 2049 ἀπογνῷς·
1749 1998 1902 2040 Δυνατὸς
1933 1996 2000 2048 γάρ
2030 1998 2124 2044 ἐστι,
2153 1996 2256 2048 φησὶ,
2282 1997 2388 2035 πάλιν
2407 1999 2425 2033 ὁ

1403 2059 1493 2102 Θεὸς
1526 2058 1744 2110 ἐγκεντρίσαι
1782 2057 1902 2101 αὐτοὺς
1917 2088 1927 2106 ,
1959 2061 1976 2095 ὃ
2009 2057 2068 2095 καὶ
2105 2057 2149 2095 τὰ
2174 2057 2271 2110 (ὑπὲρ
2303 2057 2425 2100 ἐλπίδα

1403 2121 1524 2157 ποιῶν,

1455 2188 1500 2224 Εἰ
1522 2185 1557 2224 δὲ
1586 2186 1644 2223 καὶ
1666 2186 1886 2238 πραγμάτων
1904 2185 2001 2229 τάξιν
2031 2189 2144 2232 ζητεῖς
2168 2186 2227 2224 καὶ
2248 2188 2423 2236 λογισμῶν

1403 2246 1621 2294 ἀκολουθίαν,
1639 2247 1729 2297 ἔχεις
1751 2246 1881 2284 οἴκοθεν
1903 2246 1941 2284 τὸ
1964 2246 2158 2297 ὑπόδειγμα
2191 2246 2278 2296 μετὰ
2303 2246 2424 2284 πλείο-

1405 2322 1459 2349 νος
1486 2310 1571 2352 ςτῆς
1589 2306 1800 2357 περιουσίας.
1819 2309 1863 2344 Εἰ
1882 2306 1949 2358 γὰρ
1978 2305 2037 2351 σὺ,
2062 2306 2179 2358 φησὶν,
2198 2309 2237 2344 ἐκ
2251 2310 2314 2352 τῆς
2333 2305 2422 2343 κατὰ

1405 2367 1503 2419 φύσιν
1535 2368 1699 2414 ἐξεκόπης
1730 2366 1948 2418 ἀγριελαίου,
1973 2366 2032 2404 καὶ
2050 2366 2147 2418 παρὰ
2169 2367 2267 2418 φύσιν
2293 2369 2423 2404 ἐνεκεν-

1406 2427 1548 2478 τρίσθης
1569 2430 1616 2471 εἷς
1633 2428 1868 2474 καλλιέλαιον,
1883 2426 1981 2478 πόσῳ
2004 2429 2134 2477 μᾶλλον
2162 2421 2268 2473 οὗτοι,
2289 2427 2320 2465 οἳ
2340 2426 2430 2465 κατὰ

1408 2488 1510 2539 φύσιν
1532 2487 1878 2540 ἕγκεντρισθήσονται
1906 2491 1949 2539 τῇ
1983 2488 2053 2539 ἰδίᾳ
2080 2487 2201 2540 ἐλαίᾳ;
2232 2489 2276 2526 Εἰ
2310 2487 2433 2539 γὰρτὸ

1409 2548 1505 2600 παρὰ
1521 2548 1619 2600 φύσιν
1637 2549 1814 2600 ἴσχυσεν-ἧ
1836 2548 1952 2591 πίστις
1965 2564 1973 2571 ·
1993 2551 2111 2601 πολλῷ
2133 2551 2264 2599 μᾶλλον
2285 2549 2323 2587 τὸ
2341 2548 2433 2587 κατὰ

1410 2609 1521 2661 φύσιν.
1549 2610 1593 2647 Εἰ
1611 2608 1677 2660 γὰρ
1708 2603 1804 2652 οὗτος
1822 2612 1890 2647 τῶν
1913 2610 2004 2647 κατὰ
2030 2609 2128 2662 φύσιν
2151 2612 2253 2648 αὐτοῦ
2273 2610 2431 2662 πατέρων

1410 2670 1590 2718 ἐκκοπεὶς,
1618 2665 1701 2717 ἦλθε
1732 2670 1829 2722 παρὰ
1863 2669 1963 2722 φύσιν
1993 2672 2078 2724 πρὸς
2110 2671 2295 2722 Ἀδραὰμ,
2315 2673 2434 2723 πολλῶ

1412 2733 1542 2782 μᾶλλον
1559 2732 1600 2769 σὺ
1618 2732 1657 2770 τὸ
1676 2733 1800 2769 οἰκεῖον
1819 2731 2008 2770 ἀπολαὸεῖν
2029 2732 2170 2784 δυνήσῃ.
2200 2734 2232 2771 Τ
2235 2736 2272 2770 οῦ
2289 2731 2350 2782 μὲν
2367 2731 2433 2784 γὰρ

343 2784 440 2833 quod
463 2784 526 2821 tibi
546 2784 733 2836 proprium
761 2793 836 2834 est,
863 2785 1021 2836 accipere
1050 2787 1193 2838 poteris.
1220 2788 1337 2840 Ipsius
1361 2806 1386 2835 Α
1411 2795 1544 2831 ἐονιχοῦ
1570 2793 1606 2831 τὸ
1637 2793 1699 2843 μὲν
1728 2792 1835 2830 κακὸν
1866 2792 1957 2830 κατὰ
1991 2792 2111 2844 φύσιν·
2140 2792 2335 2845 ἀγριέλαιος
2366 2792 2434 2844 γὰρ

343 2846 439 2882 euim
455 2845 596 2896 gentilis
613 2845 747 2882 malum
767 2845 962 2883 secundum
984 2856 1146 2885 naturam
1159 2857 1221 2897 est,
1238 2858 1338 2901 utpo-

344 2915 377 2943 te
410 2921 456 2945 ex
476 2915 602 2944 natura
628 2921 690 2944 sua
718 2907 860 2944 oleastri
881 2923 892 2956 ;
911 2907 1045 2945 bonum
1072 2919 1189 2947 autem
1212 2920 1339 2962 praeter

344 2977 508 3005 naturam
533 2983 540 3004 ε
562 2981 645 3004 nam
663 2977 792 3019 praeter
811 2977 975 3006 naturam
994 2969 1030 3006 in
1054 2970 1258 3009 Abrahamo
1277 2972 1338 3010 in-

344 3039 456 3069 sertus
477 3040 527 3068 est
543 3046 550 3067 :
569 3039 689 3068 contra
706 3044 808 3079 vero,
824 3031 960 3080 Judaee,
976 3031 1111 3069 bonum
1131 3033 1197 3070 tibi
1213 3048 1337 3072 secun-

343 3090 431 3128 dum
463 3100 627 3128 naturam
647 3090 770 3128 adest:
792 3105 860 3128 non
891 3092 985 3129 enim
1012 3092 1048 3130 in
1069 3093 1222 3131 alienam
1241 3095 1336 3132 radi-

345 3165 440 3201 cem,
465 3160 503 3189 ut
533 3151 714 3197 ethnicus,
745 3151 807 3189 sed
832 3151 867 3189 in
895 3153 1076 3204 propriam
1107 3153 1288 3205 insereris,
1310 3156 1339 3193 si

388 3290 399 3304 ³
418 3282 610 3321 [ἐπεῖεὶξατο
628 3282 663 3312 Α.
677 3281 715 3312 V.
733 3280 775 3312 ad
793 3293 825 3323 p.
843 3283 917 3322 643,
930 3283 955 3314 Ε
972 3290 1004 3314 et
1022 3294 1053 3324 p,
1073 3284 1146 3324 598,
1163 3286 1216 3325 A]

388 3333 403 3355 b
420 3331 479 3362 Alii
499 3336 672 3365 :amionem
690 3340 784 3366 κινεῖν.
1208 3375 1212 3379 ,

389 3392 400 3405 e
429 3382 541 3413 Morcl.
581 3383 718 3424 pessime
746 3392 798 3420 τῆς
834 3390 1006 3428 παρουσίας,
1038 3383 1150 3425 [Infra
1180 3396 1240 3427 pro
1265 3391 1356 3420 ἐὰν...

1411 2853 1502 2892 κατὰ
1522 2853 1620 2906 φύσιν
1640 2848 1700 2899 ἦν·
1722 2853 1760 2891 τὸ
1782 2853 1817 2891 δὲ
1838 2853 1955 2897 καλὸν,
1988 2852 2085 2905 παρὰ
2106 2853 2227 2905 φύσιν·
2256 2853 2353 2905 παρὰ
2375 2853 2435 2904 φύ-

1411 2930 1466 2952 σιν
1487 2914 1554 2966 γὰρ
1571 2913 1809 2966 ἐνεκεντρίσθη
1829 2916 1879 2964 τῷ
1902 2913 2082 2965 Ἀδραάμ·
2103 2916 2162 2951 σοῧ
2180 2913 2216 2950 δὲ
2236 2913 2432 2952 τούναντίον

1410 2976 1449 3013 τὸ
1462 2975 1566 3013 καλὸν
1582 2974 1673 3012 κατὰ
1688 2973 1788 3025 φύσιν
1801 2990 1809 2997 ·
1825 2976 1861 3011 οὗ
1872 2973 1939 3025 γὰρ
1959 2975 1992 3011 ἐν
2011 2973 2176 3026 ἀλλοτρίᾳ
2197 2975 2272 3026 ῥίζῃ
2286 3004 2294 3021 ,
2314 2973 2434 3025 ὥσπερ

1411 3039 1428 3073 ὁ
1448 3035 1576 3078 ἐθνικὸς
1588 3065 1598 3082 ,
1615 3036 1690 3072 ἀλλ’
1709 3036 1743 3072 ἐν
1764 3034 1875 3086 οἰκείᾳ
1889 3033 2034 3085 παγήσῃ
2050 3064 2059 3081 ,
2082 3033 2142 3072 ἐὰν
2165 3036 2336 3086 βουληθῇς
2351 3036 2435 3072 ἐπα-

1411 3097 1552 3133 νελθεῖν.
1572 3094 1674 3138 Τίνος
1689 3088 1746 3131 οῧν
1768 3094 1808 3131 ἂν
1828 3096 1900 3141 εἴης
1919 3094 2010 3138 ἄξιος
2026 3094 2254 3146 συγγνώμης,
2275 3095 2355 3133 ὅταν
2375 3097 2434 3132 τοῦ

1410 3158 1543 3194 ε’θνικοῧ
1565 3155 1604 3193 τὸ
1627 3154 1722 3207 παρὰ
1742 3154 1839 3206 φύσιν
1859 3154 2077 3203 δυνηθέντος,
2105 3154 2145 3193 σὺ
2165 3155 2204 3193 τὸ
2222 3154 2312 3194 κατὰ
2332 3154 2433 3207 φύσιν

1425 3290 1646 3331 ἐγκεντρισθῶσι
1671 3295 1709 3316 CX
1731 3286 1766 3316 A·
1792 3291 1824 3315 (3¹-
1838 3283 1920 3316 Blbl·
1940 3284 2091 3317 dCdissIN'S
2121 3290 2147 3320 οἳ
2179 3291 2434 3331 ἐγκεντρισθήσον-

1426 3351 1513 3371 ται...
1535 3336 1589 3368 Sic
1605 3335 1702 3377 paulo
1719 3342 1795 3377 post
1810 3334 1928 3378 legitur
1946 3348 1975 3377 p.
1999 3337 2055 3366 05¹
2071 3362 2079 3378 ‚
2101 3337 2153 3378 R]
