2466 3805
688 194 731 223 lN
767 194 883 224 ACTA
918 188 1244 223 APOSTOLORUM
1283 188 1441 219 HOMIL.

100 281 238 320 πάντων
258 281 463 324 πιστεύσας·
482 281 603 331 ἀμέ)ει
623 285 703 333 γοῦν
725 282 800 320 οὖῖὲ
820 283 938 325 ἁπλῶς
957 280 1116 333 φαίνεται

99 341 116 362 ⁸³
131 343 282 392 οὐδαμοῦ
307 343 354 384 ὡς
373 340 544 394 ἀνθρώπῳ
562 341 756 394 προσέχων,
784 342 940 394 καθάπερ
956 344 978 388 ἡ
999 340 1115 391 μήτηρ

98 401 237 454 ἔλεγεν·
258 401 353 453 Ἐγὼ
376 402 435 440 καὶ
457 405 501 440 5
490 418 606 454 πατηρ
627 418 686 441 σου
706 402 912 453 ὀδυνώμενοι
930 401 1114 452 ἐζητοῦμέν

99 462 260 501 σεῖΏστε
273 463 340 515 πρὸ
355 462 493 501 πάντων
510 464 608 506 αὐτὸς
621 463 709 515 ἔγνω
727 468 856 502 τοῦτον.
871 463 966 515 Πρὸς
988 463 1023 500 δὲ
1037 461 1116 504 τοὺς

98 523 262 575 ἀδελφοὺς
291 522 405 574 ἔλεγεν
437 526 455 561 5
479 524 649 577 Χριστός·
687 525 740 562 Οὐ
773 524 914 562 δύναται
939 527 956 561 5
987 523 1115 573 κόσμος

97 585 188 633 ὑμᾶς
218 588 343 633 μισεῖν,
376 584 437 634 ἐμὲ
470 583 506 621 δὲ
541 590 646 635 μισεῖ.
669 585 739 623 Καὶ
762 583 825 637 ὅρα
844 584 907 630 τὴν
927 583 1114 622 ἐπιείκειαν

99 643 278 682 Ἰακώὸου.
300 644 410 687 Αὐτὸς
429 643 534 682 ἔλαθε
559 644 621 690 τὴν
651 644 843 691 ἐπισκοπὴν
869 644 932 691 τὴν
957 647 990 683 ἐν
1009 644 1115 696 Ἱερο-

99 704 258 755 σολύμοις
272 734 281 751 ,
302 704 361 742 καὶ
379 704 473 755 ὅμως
503 705 581 742 τότε
604 705 698 743 οὐδὲν
729 705 937 756 διαλέγεται.
957 704 1054 755 υΟρα
1079 703 1114 741 δὲ

97 765 155 802 καὶ
175 767 242 802 τῶν
271 765 382 802 ἄλλων
407 767 570 815 μαθητῶν
601 764 663 810 τὴν
685 765 817 811 πολλὴν
847 762 1115 815 ταπεινοφροσύ-

96 841 170 870 νην,
193 826 211 844 *
227 827 300 867 πῶς
329 826 422 875 αὐτῷ
437 829 651 876 συγχωροῦσι
669 828 728 861 τοῦ
744 823 862 876 θρόνου
878 854 887 871 ,
913 824 972 860 καὶ
989 825 1051 860 οὐκ
1064 822 1115 859 ἔτι

96 884 354 935 ἀμφισὸητοῦσι
381 884 466 935 πρὸς
485 883 666 929 ἀλλήλους.
683 883 820 935 εΏσπερ
839 883 907 936 γὰρ
927 885 960 921 ἐν
982 885 1115 935 οὐρανῷ

96 947 117 989 ἡ
136 942 332 989 Ἐκκλησία
366 943 478 990 ἐκείνη
509 938 564 991 ἦν,
597 942 692 981 οὐδὲν
726 942 854 995 ἔχουσα
881 943 1054 994 βιωτικὸν,
1077 944 1114 980 οὗ

96 1004 244 1056 τοίχοις,
265 1004 341 1041 οὐδὲ
359 1004 576 1055 μαρμάροις,
597 1003 687 1041 ἀλλὰ
703 1003 878 1055 προθυμίᾳ
897 1005 965 1040 τῶν
987 1002 1117 1041 συνιόν-

96 1079 164 1102 των
182 1063 451 1114 ἀπολάμπουσα.
466 1063 561 1106 Ὡς<
547 1064 668 1102 εκατὸν
686 1064 813 1102 εἴκοσιν
832 1059 933 1112 ἦσαν,
954 1063 1069 1116 φησίν·
1086 1065 1116 1102 οἱ

97 1124 368 1174 ἑὸοομήκοντα”
357 1138 454 1172 ισως,
479 1129 535 1167 ους
561 1125 661 1167 αυτὸς
682 1123 792 1168 ἐξελέ
759 1139 876 1173 ςατο,
895 1124 917 1170 ἢ
936 1124 996 1162 καὶ
1019 1124 1117 1162 ἄλλοι

96 1186 163 1222 τῶν
182 1183 469 1236 σπουδαιοτέρων,
485 1188 552 1222 οἷον
572 1188 590 1222 5
604 1184 736 1236 Ἰωσηφ
751 1201 810 1223 και
823 1188 840 1223 5
860 1184 1039 1229 Ματθίας·
1055 1185 1117 1223 καὶ

2108 178 2160 222 31

1190 277 1276 330 giles
1295 287 1408 317 essent
1423 278 1459 317 in
1477 278 1635 317 oratione
1654 287 1930 330 perseverantes,
1953 278 2059 330 idque
2073 293 2166 317 una-

1188 338 1332 377 nimiter
1351 339 1453 390 quasi
1472 353 1542 377 uno
1553 338 1746 389 eodemque
1763 338 1907 377 animo?
1926 339 2011 377 Haee
2028 339 2101 378 duo
2123 339 2169 378 de

1188 399 1260 438 illis
1291 401 1512 439 testificatur.
1534 400 1667 452 Joseph
1697 400 1845 438 fortasse
1879 409 2041 438 mortuus
2063 409 2162 438 erat:

1190 475 1258 511 qua
1270 471 1414 514 propter
1431 462 1531 500 nulla
1548 461 1594 500 sit
1611 461 1743 499 mentio
1756 462 1844 514 ejus.
1863 462 1944 499 Non
1964 461 2072 511 enim,
2095 462 2167 499 fia—
2181 453 2371 513 {fffficuvsido

1188 522 1303 561 tribus
1327 523 1595 572 credentibus,
1584 537 1659 575 lpse
1676 536 1746 561 non
1765 522 1984 573 credidisset,
2007 522 2070 574 qui
2089 532 2168 561 ante
2183 532 2371 554 turmortuus

1188 596 1308 621 omnes
1338 584 1548 623 crediderat.
1583 585 1684 622 Certe
1705 597 1776 622 non
1801 552 1990 622 videbatui·
2017 598 2170 635 usquam
2183 567 2373 638 {Zffsmante

1188 643 1251 681 ille
1271 644 1413 683 Christo
1433 654 1471 682 ut
1488 645 1626 682 homini
1655 643 1848 693 attendere,
1881 653 1922 683 ut
1939 646 2056 683 Mater
2074 644 2170 683 djce-
2185 661 2264 678 nem-

1187 703 1262 751 bat,
1281 705 1366 755 Ego
1378 713 1414 742 et
1426 714 1539 756 pater
1557 713 1644 743 tuus
1659 706 1830 743 dolentes
1846 708 2110 758 quaerebamus
2122 715 2169 745 te.
2185 703 2261 733 Luc.
2273 711 2302 732 2·
2318 702 2371 744 48·

1187 764 1311 813 Itaque
1346 772 1427 801 ante
1459 778 1579 802 omnes
1605 765 1667 802 ille
1687 765 1884 802 Dominum
1905 776 2061 805 noverat.
2083 768 2170 805 Fra-

1189 822 1304 860 tribus
1321 837 1406 861 vero
1425 824 1566 862 dicebat
1582 825 1747 862 Christus
1764 840 1772 861 τ
1793 827 1884 863 Non
1898 835 2022 877 potest
2054 842 2171 866 mun-
2184 828 2276 857 J011'1-
2292 837 2322 867 7·
2338 836 2368 865 7·

1190 882 1261 918 dus
1275 895 1348 919 vos
1366 883 1503 930 odisse,
1526 897 1586 921 me
1601 892 1732 921 autem
1751 885 1843 921 odit.
1863 884 1959 923 Vide
1977 895 2094 924 autem
2110 890 2171 927 Ja-

1190 940 1270 978 cobi
1306 941 1528 980 modestiam.
1565 943 1632 981 Ille
1678 957 1832 993 namque
1868 945 2173 996 Jerosolymorum

1189 1001 1433 1054 episcopatum
1453 1003 1599 1055 accepit,
1619 1012 1652 1041 et
1674 1012 1791 1041 tamen
1812 1003 1870 1041 hic
1890 1003 1984 1041 nihil
2001 1005 2172 1056 loquitur.

1191 1061 1353 1099 Aliorum
1372 1077 1512 1114 quoque
1540 1062 1801 1115 discipulorum
1826 1077 2002 1102 summam
2020 1064 2173 1103 humili-

1190 1129 1298 1160 tatem
1307 1122 1581 1174 considera‚quo
1596 1133 1698 1175 pacto
1712 1124 1767 1161 illi
1781 1124 1950 1162 thronum
1966 1126 2173 1176 concedunt,

1190 1196 1304 1233 neque
1319 1184 1395 1235 jam
1420 1193 1545 1221 mutuo
1564 1184 1775 1236 disceptant.
1795 1184 1860 1222 llla
1896 1184 1990 1222 enim
2015 1185 2175 1225 Ecclesia

1480 190 1546 220 111.

2260 402 2370 441 Joseph

97 1249 255 1296 γυναῖκες
273 1249 363 1291 ἦσαν
393 1245 537 1294 πολλαὶ,
557 1244 595 1282 αἳ
624 1244 830 1292 ἠκολούθουν
861 1247 973 1298 αὐτῷ,
1002 1249 1117 1285 ἓπιτο-
1143 1256 1165 1287 c
1191 1243 1293 1294 quasi
1310 1244 1347 1281 in
1367 1245 1462 1283 caelis
1483 1245 1598 1297 posita
1618 1254 1706 1295 erat,
1729 1245 1896 1283 saeculare
1914 1245 2008 1284 nihil
2026 1246 2174 1296 habens,

98 1303 182 1342 αυτὸ
199 1307 379 1357 πανταχοῦ
399 1299 500 1353 ἦσαν.

154 1739 263 1816 Αὕτη
276 1740 420 1794 πρόνοια
441 1740 662 1780 διδασκάλου.
681 1743 827 1794 Πρῶτος
844 1736 940 1786 οὗτος
951 1743 1116 1782 διδάσκα-

99 1803 158 1840 λον
178 1818 244 1839 κατ
247 1801 367 1849 έσττσε
371 1818 404 1839 ν.
440 1803 516 1840 Οὐκ
536 1805 640 1849 εἶπεν,
660 1802 714 1840 ὅτι
733 1805 908 1878 ἀρκοῦμεν
920 1806 1041 1854 ἡυεῖς·
1062 1804 1115 1841 οὕ-

98 1879 148 1900 τω
168 1862 284 1908 πάσης
302 1861 530 1906 κενοδοξίαςέ
516 1862 612 1905 εκτὸς
632 1866 686 1910 ἠν,
708 1863 768 1900 καὶ
787 1863 871 1915 πρὸς
891 1862 926 1901 ἓν
946 1862 1039 1915 ἑώρα
1059 1864 1116 1914 μό-

98 1938 175 1971 νον,
193 1922 308 1960 καίτοι
330 1922 405 1960 οὐδὲ
427 1922 501 1961 ἷσότ
504 1937 590 1960 υπον
613 1923 740 1960 ἅπασιν
762 1927 833 1974 εἶχε
854 1939 917 1969 την
933 1924 1115 1962 κατάστα-

99 1999 165 2021 σιν·
195 1982 272 2021 ἀλλ
295 1983 435 2025 εἰκότως
462 1988 572 2021 ταῦτα
599 1983 734 2033 ἐγένετο
753 1982 808 2020 διὰ
827 1983 890 2030 τὴν
911 1984 1035 2036 ἀρετὴν
1054 1989 1113 2023 τοῦ

98 2044 219 2095 ἀνδρός
232 2059 239 2066 ·
260 2043 318 2080 καὶ
337 2042 389 2080 ὅτι
409 2043 487 2080 τότε
507 2046 529 2088 ’ἥ
550 2042 738 2081 ἐπιστασία
757 2037 812 2090 ἦν,
833 2045 869 2081 οὗ
892 2043 978 2095 τιμὴ
995 2075 1004 2091 ,
1024 2045 1114 2083 ἀλλὰ

96 2104 240 2155 πρόνοια
271 2106 338 2140 τῶν
370 2102 585 2154 ἀρχομένων.
613 2104 727 2141 Τοῦτο
747 2103 824 2141 οὔτε
843 2102 921 2147 τοὺς
944 2105 1115 2155 αἱρουμέ-

97 2179 173 2206 νους
193 2163 301 2202 ἐποίει
320 2164 542 2214 ἐπαίρεσθαι·
562 2163 620 2200 ἐπὶ
638 2162 704 2214 γὰρ
723 2162 897 2205 κινδύνους
917 2165 1112 2202 ἐκαλοῦντο·

1191 1320 1261 1345 non
1282 1308 1493 1360 parietibus,
1512 1323 1580 1347 non
1607 1309 1858 1355 marmoribus,
1877 1309 1938 1347 sed
1956 1324 2078 1349 eorum
2111 1313 2175 1362 qui

1191 1378 1426 1407 convenerant
1444 1369 1582 1408 fervore
1602 1369 1842 1422 resplendens.
1872 1372 2015 1417 Erant,
2045 1372 2174 1422 inquit,

1186 1430 1273 1482 fere
1301 1439 1456 1468 centum
1483 1434 1639 1483 viginti.
1690 1431 1797 1469 Forte
1827 1432 2064 1484 septuaginta,
2087 1447 2174 1484 quos

1189 1492 1266 1543 ipse
1283 1491 1447 1543 elegerat,
1464 1492 1540 1531 sive
1557 1492 1619 1530 alii
1647 1506 1788 1543 quoque
1814 1507 1860 1531 ex
1886 1493 2174 1542 ferventioribus,

1189 1552 1311 1603 quales
1339 1561 1439 1591 erant
1469 1552 1602 1605 Joseph
1634 1561 1668 1590 et
1701 1553 1874 1591 Matthias
1900 1568 1909 1590 ε
1944 1562 1979 1591 et
2009 1554 2175 1593 mulieres

1190 1613 1313 1651 multae
1330 1627 1408 1664 quae
1426 1613 1665 1665 sequebantur
1681 1613 1798 1664 illum,
1819 1613 1928 1652 simul
1951 1613 2082 1665 ubique
2093 1614 2175 1654 ade-

1190 1684 1282 1713 rant.

1243 1737 1279 1774 5.
1304 1735 1389 1774 Haee
1412 1735 1566 1774 doctoris
1590 1735 1827 1788 providentia.
1850 1736 1992 1775 Primus
2023 1737 2082 1775 hic
2107 1737 2174 1776 do—

1190 1806 1320 1835 ctorem
1343 1796 1539 1834 constituit.
1560 1797 1640 1834 Non
1658 1796 1778 1847 dixit,
1799 1797 1873 1834 Nos
1901 1797 1949 1835 ad
1973 1797 2174 1837 docendum

1187 1857 1409 1895 sufficimus:
1429 1857 1476 1894 ita
1502 1857 1628 1909 procul
1654 1865 1728 1895 erat
1747 1871 1767 1894 a
1791 1870 1882 1896 vana
1911 1858 2048 1909 gloria,
2077 1868 2111 1897 et
2129 1858 2174 1897 ad

1188 1932 1300 1955 unum
1330 1927 1468 1955 tantum
1503 1918 1706 1969 spectabat,
1736 1932 1954 1968 quamquam
1988 1932 2058 1957 non
2094 1920 2174 1971 pari

1187 1979 1301 2016 forma
1328 1977 1425 2030 apud
1455 1991 1574 2015 omnes
1596 1978 1670 2029 ejus
1699 1978 1843 2029 vigebat
1872 1979 2076 2018 auctoritas.
2101 1981 2174 2019 Sed

1183 2039 1264 2090 jure
1281 2038 1356 2075 haec
1376 2038 1427 2075 sic
1445 2038 1656 2089 gerebantur
1670 2038 1716 2075 ob
1734 2038 1905 2076 virtutem
1918 2038 2010 2088 viri3
2025 2049 2058 2077 et
2077 2040 2174 2090 quod

1187 2112 1282 2136 nune
1300 2099 1509 2150 praefectura
1527 2112 1597 2135 non
1615 2099 1728 2136 honor
1745 2107 1848 2146 esset,
1870 2099 1932 2137 sed
1949 2100 2173 2151 providentia

1186 2172 1270 2210 erga
1291 2159 1465 2197 subditos.
1485 2158 1539 2195 Ea
1558 2172 1613 2195 res
1631 2171 1700 2196 non
1721 2158 1858 2196 sinebat
1883 2159 2010 2197 electos
2028 2161 2172 2211 efferri;

97 2224 176 2263 οὔτε
205 2223 282 2266 τοὺς
316 2224 363 2274 μὴ
394 2223 589 2275 αἱρεθέντας
621 2225 667 2266 ὡς
699 2223 951 2274 ἀτιμασθέντας
977 2226 1109 2276 ἀλγεῖν,
1136 2234 1164 2266 Ῑ)
1187 2219 1232 2257 ad
1248 2220 1404 2272 pericula
1425 2219 1520 2257 enim
1540 2220 1783 2270 vocabantur3
1807 2234 1919 2271 neque
1946 2235 2004 2259 eos
2023 2222 2084 2272 qui
2105 2223 2174 2262 ele-

97 2286 195 2324 Ἀλλ’
229 2285 304 2336 οὐχὶ
337 2289 394 2322 νῦν
422 2283 510 2322 οὕτω
529 2283 673 2335 γίνεται,
694 2285 770 2322 ἀλλ’
793 2284 884 2322 ἅπαν
904 2286 1112 2325 τούναντίον.

97 2344 193 2396 “Opot
222 2343 302 2395 γὰρ,
331 2343 453 2380 ἑκατὸν
482 2342 607 2381 εἴκοσιν
639 2337 750 2391 ἦσαν,
774 2343 833 2381 καὶ
861 2343 920 2382 ἕνα
940 2346 1028 2383 αἰτεῖ
1046 2346 1115 2384 ἀπὸ

97 2405 224 2447 παντὸς
247 2409 307 2443 τοῦ
325 2403 497 2485 πλοήθους·
519 2403 670 2447 εἰκότως.
708 2405 854 2457 Πρῶτος
872 2409 932 2443 τοῦ
951 2406 1116 2459 πράγμα-

97 2481 154 2508 τος
173 2467 346 2510 αῧθεντεῖ,
370 2464 455 2502 οᾶτε
475 2464 575 2507 αὐτὸς
593 2464 727 2508 πάντας
746 2465 986 2518 ἐγχειρισθείς.
1021 2467 1115 2519 Πρὸς

97 2526 164 2579 γὰρ
192 2529 311 2563 τοῦτον
343 2529 436 2562 εἶπεν
464 2527 481 2562 5
499 2525 671 2576 Χριστός·
700 2526 769 2563 Καὶ
791 2542 831 2564 συ
851 2541 935 2564 ποτε
955 2527 1114 2581 ἐπιστρέ-

781 2584 867 2624 Οτι
886 2589 1114 2639 Κατηριθμη-

96 2646 197 2696 μένος
211 2650 267 2693 ἠν,
284 2645 381 2698 φησὶ,
406 2644 466 2683 σὺν
487 2649 585 2696 ἡμῖν.
603 2646 671 2683 Διὰ
690 2649 791 2684 τοῦτο
806 2647 977 2698 προσηκει
998 2648 1112 2700 ἕτερον

93 2705 369 2757 προὸάλλεσθαι,
401 2704 491 2744 ὥστε
519 2705 681 2758 μάρτυρα
699 2706 859 2756 γενέσθαι
879 2709 927 2751 εἷς
944 2723 1001 2746 τον
1018 2708 1112 2747 ἐκεί-

96 2589 181 2637 ψας,
214 2585 373 2638 στηριξον
391 2601 469 2628 τους
489 2585 654 2637 ἀδελφούς
677 2601 749 2624 σου.

92 2782 150 2805 νου
176 2766 296 2805 τόπον.
337 2766 408 2804 Καὶ
434 2765 520 2816 ὅρα,
540 2769 615 2809 πῶς
632 2766 690 2804 τὸν
711 2767 918 2806 διδάσκαλον
940 2775 1112 2820 μιμεῖται,

90 2832 271 2879 πανταχοῦ
293 2826 362 2864 ἀπὸ
388 2829 457 2864 τῶν
476 2827 627 2878 Γραφῶν
647 2827 907 2879 διαλεγόμενος,
931 2829 991 2867 καὶ
1016 2831 1113 2869 οὐδὲν

90 2888 171 2939 περὶ
198 2891 257 2926 τοῦ
276 2889 431 2940 Χριστοῦ
462 2887 572 2938 λέγων
598 2887 755 2934 οὐδέπω,
785 2887 838 2926 ὅτι
856 2895 1002 2942 προεῖπε
1022 2893 1110 2929 πολ-

90 2947 190 2992 λάκις
210 2947 322 2990 αὐτός.
361 2946 432 2985 Καὶ
459 2948 497 2984 οὗ
514 2946 632 2998 λέγει,
663 2947 742 2985 ἔνθα
763 2951 825 2994 τῆς
843 2950 1031 3000 προδοσίας
1051 2953 1114 2989 αὐ-

90 3010 149 3044 τοῦ
166 3007 364 3058 μέμνηται·
384 3001 453 3045 οἷον
465 3037 477 3054 ‚
504 3007 628 3058 Στόμα
652 3008 864 3059 ἆμαρτωλοῦ
876 3038 887 3057 ,
910 3009 970 3047 καὶ
996 3010 1111 3062 στόμα

90 3068 202 3105 δολίου
229 3069 288 3107 ,ἐπ’
321 3067 382 3119 ἐμὲ
412 3067 580 3119 ἠνοίχθη·
625 3069 701 3106 ἀλλ’
735 3069 815 3112 ἔνθα
846 3072 907 3116 τῆς
939 3071 1110 3125 τιμωρίας

87 3127 119 3179 ‘¹[
130 3130 258 3178 αὐτοῦ]
275 3128 376 3179 μόνον
404 3127 466 3175 τὴν
501 3128 643 3178 μνήμην
673 3129 885 3175 ἐποιήσατο·
913 3136 1013 3171 τοῦτο
1041 3133 1108 3185 γὰρ

90 3188 210 3232 αὐτοὺς
240 3188 324 3231 τέως
345 3188 483 3241 ὠφέλει.
516 3191 629 3228 Τοῦτό
656 3190 813 3240 μάλιστα
833 3191 982 3231 δείκνυσι
1002 3194 1107 3232 πάλιν

133 3285 148 3307 ¹)
172 3287 302 3326 οὐδαμοῦ
316 3282 408 3315 deest
422 3285 456 3315 in
474 3283 589 3317 Morel.
607 3286 653 3326 [et
668 3285 724 3327 D.]

130 3335 250 3375 '‘[1625
266 3341 451 3380 παραχωροῖ
438 3351 481 3369 σι
494 3351 545 3369 του
562 3341 588 3369 θ.
608 3337 647 3367 D.
654 3335 666 3379 J

133 3385 237 3418 Duo
253 3385 328 3418 Mss.
349 3390 401 3423 ἅτε
419 3390 489 3421 αὖτε·
514 3393 637 3427 ‚.recte
657 3387 759 3421 Savil.
777 3388 935 3425 etMorel.
958 3395 1009 3426 a&
1035 3398 1091 3436 γὰρ

1187 2281 1235 2318 cti
1253 2295 1322 2319 non
1350 2281 1509 2329 fuerant,
1532 2289 1571 2318 ut
1602 2280 1829 2319 inhonoratos
1856 2281 1987 2319 dolere.
2015 2285 2063 2320 At
2080 2297 2174 2322 nunc

1186 2356 1256 2380 non
1275 2342 1323 2380 ita
1355 2357 1391 2380 se
1421 2356 1476 2380 res
1496 2342 1603 2380 habet
1618 2371 1630 2392 ,
1660 2342 1722 2380 sed
1755 2351 1876 2381 contra
1903 2344 2059 2382 omnino.
2079 2345 2174 2385 Vide

1186 2415 1350 2453 namque,
1367 2402 1648 2454 centumviginti
1664 2412 1817 2451 erant,et
1830 2418 1943 2441 unum
1958 2405 2114 2456 postulat
2128 2406 2174 2444 ab

1186 2464 1284 2502 omni
1311 2463 1563 2514 multitudine,
1590 2472 1623 2502 et
1641 2464 1723 2516 jure
1749 2464 1907 2515 quidem.
1930 2465 2075 2504 Primus
2105 2481 2170 2504 au-

1187 2525 1384 2563 ctoritatem
1397 2525 1504 2562 habet
1518 2525 1554 2562 in
1572 2525 1725 2576 negotio,
1740 2534 1779 2563 ut
1795 2526 1851 2563 cui
1870 2540 1991 2564 omnes
2009 2527 2172 2566 commis-

1187 2585 1218 2623 si
1243 2585 1403 2623 fuissent.
1429 2585 1525 2622 Huic
1555 2585 1649 2623 enim
1669 2585 1833 2624 Christus
1858 2586 1998 2625 dixerat
2017 2603 2026 2624 z
2045 2590 2100 2626 Et
2130 2597 2171 2626 tu
2184 2595 2370 2626 Luc.22.32.

1186 2648 1403 2700 aliquando
1427 2660 1648 2694 conversus,
1679 2648 1872 2696 confirma
1886 2650 2040 2700 fratres
2070 2658 2168 2688 tuos.

1186 2708 1293 2757 Quia,
1312 2707 1441 2757 inquit,
1461 2708 1769 2745 connumeratus
1789 2717 1873 2745 erat
1887 2711 1929 2745 in
1945 2711 2069 2755 nobis,
2089 2709 2170 2748 ideo

1185 2776 1323 2821 oportet
1338 2768 1451 2806 alium
1471 2781 1682 2820 proponere,
1701 2767 1763 2818 qui
1781 2767 1879 2806 illius
1897 2769 1974 2806 loco
1992 2769 2038 2807 sit
2056 2770 2168 2808 testis.

1185 2830 1235 2868 Et
1250 2829 1348 2880 vide,
1369 2829 1548 2880 quomodo
1567 2829 1747 2867 doctorem
1765 2843 1870 2867 suum
1890 2829 2065 2880 imitatur,
2083 2831 2170 2868 ubi-

1135 2904 1159 2934 Ε
1186 2907 1256 2943 que
1281 2906 1326 2932 ex
1359 2892 1555 2945 Scripturis
1584 2892 1781 2941 disseren53
1810 2906 1873 2930 nee
1901 2892 2097 2943 quidquam
2127 2893 2172 2932 de

1185 2953 1328 2991 Christo
1346 2953 1506 3004 loquens,
1529 2953 1626 3004 quod
1652 2967 1779 3005 nempe
1793 2953 1832 2991 id
1850 2953 1910 2991 ille
1927 2967 2020 3005 saepe
2034 2953 2171 3006 praedi-

1183 3015 1306 3053 xisset.
1324 3016 1447 3066 Neque
1460 3014 1549 3053 dicit
1566 3015 1629 3052 ubi
1641 3014 1827 3066 Scriptura
1844 3014 2082 3066 proditionem
2096 3016 2171 3068 ejus

1182 3083 1375 3124 memoret;
1406 3089 1557 3127 nempe,
1589 3076 1641 3113 Os
1663 3077 1877 3126 peccatoris
1909 3083 1945 3112 et
1979 3089 2021 3113 os
2045 3076 2171 3114 dolosi
2184 3087 2272 3117 psat.
2301 3088 2371 3119 108,

1179 3149 1289 3188 super
1318 3149 1378 3173 me
1403 3143 1578 3188 apertum
1609 3143 1689 3179 est;
1719 3133 1779 3172 sed
1809 3134 1873 3172 ubi
1903 3144 2042 3175 tantum
2070 3136 2168 3175 illius
2185 3137 2212 3157 ²·

1181 3195 1350 3248 supplic-ii
1379 3195 1567 3233 meminit:
1592 3194 1659 3232 hoe
1686 3193 1779 3233 enim
1808 3194 1949 3234 interim
1970 3196 2049 3235 illos
2079 3196 2168 3236 scire

1163 3294 1259 3328 αὐτὸς.

1205 3341 1221 3366 d
1236 3339 1446 3383 [20200‚quod
1460 3339 1552 3372 abest
1563 3351 1579 3371 a
1592 3339 1727 3379 D.,cum
1737 3339 1935 3375 Savil.uncis
1949 3342 2168 3389 inclusimus]
