2502 3810
164 554 342 585 1.Cor·.6.3.

160 1278 343 1318 Mattlz.3.7.

151 1766 266 1805 Act.7.
286 1766 336 1796 51.

151 1882 179 1910 3.
196 1882 272 1919 neg.
290 1883 335 1915 18.

360 201 453 262 696
803 215 839 243 s.

357 299 474 352 magis
501 294 595 346 apud
616 294 824 331 Dominum.
852 293 959 339 Quod
989 293 1017 330 si
1046 293 1191 331 aliunde
1208 293 1342 332 discere

360 361 461 409 velis,
484 353 662 406 quomodo
692 367 765 389 rem
800 362 1013 401 contemnaS,
1045 363 1160 391 mente
1178 355 1343 394 sublimis

358 429 444 466 csto,
462 415 622 456 visibilia
651 413 775 463 irride,
801 427 893 452 vcrae
912 413 1033 465 gloriae
1061 428 1217 452 amorem
1236 428 1340 467 auge,

358 478 537 533 spirituali
565 490 667 514 sensu
698 477 824 528 plenus
855 485 941 525 esto,
967 475 1026 514 dic
1051 476 1176 514 animae
1207 486 1274 515 tuae
1303 487 1343 516 ut

358 542 502 589 Paulus,
521 541 652 577 Nescis
679 540 771 589 quia
802 538 960 589 angelos
979 538 1242 589 judicabimus
1260 543 1277 576 P
1295 538 1341 576 il—

357 603 500 652 lamque
519 600 569 638 sic
584 607 745 647 erectam,
766 598 901 650 corripe
923 607 956 635 ct
973 598 1081 636 dicito
1100 599 1209 645 :Quae
1236 614 1344 652 ange-
1365 608 1389 637 B

358 663 411 700 los
423 661 627 714 judicatura
642 673 689 707 es,
704 659 748 695 ab
762 657 956 695 immundis
970 658 1024 697 vis
1031 673 1044 710 J
1052 659 1201 708 udicari,
1215 669 1344 698 etcum

359 724 602 771 saltatoribus,
625 721 756 769 mimis,
787 720 978 769 bestiariis,
1010 720 1144 772 aurigis
1174 722 1345 760 laudari.o

357 787 422 824 has
436 786 530 824 enim
545 785 582 822 111
600 783 723 822 laudes
742 791 929 820 scetantur.
950 783 1010 819 Tu
1031 796 1115 820 vero
1135 784 1345 836 hujusmodi

359 848 512 886 clamore
527 844 770 884 sublimiorem
786 844 852 882 tibi
868 844 959 881 alam
979 853 1114 896 parato,
1127 854 1160 882 et
1176 846 1346 883 aemulare

359 909 488 947 deserti
507 907 659 945 incolam
691 908 876 949 Joannem,
895 919 935 942 ac
962 905 1058 943 disce
1085 915 1258 956 quantum
1283 907 1346 945 ille

358 970 501 1007 turbam
531 976 780 1014 contemneret,
803 966 1073 1017 adulatoresquc
1104 966 1243 1015 videns,
1274 982 1344 1006 non

359 1030 563 1067 vertebatur
574 1045 584 1079 ς
615 1028 678 1066 scd
706 1041 850 1065 cernens
880 1041 1000 1065 omnes
1027 1026 1090 1078 qui
1121 1027 1345 1066 Palaestinam

360 1089 560 1127 incolebant
573 1089 707 1126 circum
720 1101 756 1125 se
772 1087 901 1125 effusos
916 1095 948 1124 et
962 1086 1129 1125 mirantes
1145 1102 1185 1125 ac
1204 1090 1344 1140 percul-

359 1164 430 1200 sos,
452 1150 515 1187 tali
530 1150 663 1187 honore
684 1162 754 1186 non
773 1147 981 1197 inflabatur,
1000 1147 1062 1185 scd
1081 1148 1186 1186 etiam
1207 1149 1243 1186 in
1263 1149 1345 1188 illos

359 1212 580 1263 insurgebat,
597 1221 630 1249 et
648 1211 748 1262 quasi
770 1224 852 1248 cum
885 1209 1146 1249 adolescentulo
1176 1212 1345 1264 quopiam

359 1272 520 1323 loquens,
541 1281 679 1310 tantum
696 1271 869 1323 populum
888 1270 939 1308 sic
953 1270 1173 1323 increpabat:
1187 1272 1345 1323 Serpen-
1366 1272 1389 1302 C

359 1342 427 1379 tes,
457 1335 656 1384 genimina
677 1334 912 1382 viperarum.
944 1330 1171 1381 Quamquam
1200 1341 1345 1384 propter

357 1393 463 1429 illum
474 1392 743 1437 concurrebant,
755 1399 788 1427 et
804 1390 909 1427 urbes
920 1389 1139 1437 dimiserant,
1151 1399 1189 1428 ut
1204 1404 1343 1429 sacrum

356 1452 448 1490 illud
481 1460 586 1503 caput
610 1451 798 1489 viderent:
826 1459 979 1488 attamen
1012 1450 1103 1487 nihil
1134 1451 1342 1502 hujusmodi

357 1514 474 1565 ipsum
494 1512 669 1551 emollivit
687 1527 694 1548 ε
713 1511 838 1564 procul
857 1511 951 1548 enim
969 1519 1044 1548 erat
1068 1525 1087 1548 a
1107 1510 1219 1561 gloria
1244 1521 1276 1549 et
1296 1513 1341 1549 ab

356 1573 452 1611 omni
466 1573 557 1611 fastu
573 1573 675 1610 liber.
693 1573 752 1610 Sic
771 1581 803 1610 et
817 1572 1018 1623 Stephanus
1038 1570 1164 1609 videns
1178 1572 1341 1611 eumdem

354 1635 546 1686 populum,
570 1647 638 1671 non
661 1647 696 1671 se
726 1633 973 1680 honorantem,
1007 1631 1068 1670 sed
1102 1633 1277 1671 furentem
1310 1643 1343 1672 et

353 1694 520 1732 dentibus
540 1694 762 1741 stridentem,
784 1692 975 1731 sublimior
998 1693 1049 1731 ira
1077 1692 1222 1732 illorum
1251 1695 1339 1733 effe-

353 1763 429 1793 ctus
447 1754 587 1793 dicebat
600 1756 726 1792 :Dara
743 1757 891 1792 cervice
909 1762 945 1791 et
964 1756 1242 1793 incircumcisis
1258 1769 1341 1794 cor-

353 1816 543 1854 dibus.Sic
558 1825 591 1853 et
609 1815 709 1853 Elias
728 1815 961 1866 praesentibus
974 1815 1191 1853 exercitibus
1211 1825 1243 1854 et
1258 1831 1339 1868 rege

351 1886 384 1915 et
401 1878 536 1929 populo
559 1886 645 1926 toto,
666 1877 826 1914 dicebat:
848 1878 1052 1928 Usquequo
1084 1886 1246 1929 utroque
1269 1893 1338 1930 po-

348 1940 443 1990 plite
471 1939 769 1976 claudicabitis?
790 1939 836 1974 At
854 1951 917 1975 1105
944 1938 1110 1975 omnibus
1130 1938 1336 1989 adulamur,

350 2000 462 2051 iisque
472 2000 592 2038 servili
610 1999 728 2037 animo
745 1999 974 2048 famulamur,
991 1999 1042 2037 sic
1061 1999 1206 2037 illorum
1222 2015 1338 2039 emen-

350 2072 399 2101 tes
419 2063 600 2100 honorem.
626 2061 709 2099 Ideo
725 2061 843 2099 omnia
863 2075 922 2099 sus
944 2061 1060 2112 deque
1079 2076 1180 2101 versa
1197 2072 1338 2112 sunt,et

349 2124 394 2161 ab
412 2123 479 2161 hac
498 2123 611 2175 gratia
628 2122 838 2170 excidimus,
860 2136 913 2159 res
934 2122 1198 2161 Christianismi
1214 2125 1337 2176 prodi-

349 2194 391 2221 tae
408 2185 563 2233 fuerunt,
579 2193 611 2222 et
640 2183 758 2220 onmia
779 2183 825 2221 ob
849 2182 950 2234 vulgi
972 2183 1124 2234 gloriam
1142 2185 1334 2236 negligun-

349 2254 421 2282 tur.
443 2244 679 2281 Eliminemus
711 2257 794 2295 ergo
822 2244 890 2281 hoc
910 2243 1062 2282 vitium:
1079 2253 1112 2282 et
1139 2254 1224 2283 tunc
1257 2260 1337 2285 vere

350 2305 501 2342 sciemus
531 2304 745 2350 libertatem,
777 2312 920 2354 portum
956 2312 990 2341 et
1025 2305 1333 2354 tranquillitatem.

348 2366 442 2402 Nam
458 2363 580 2415 gloriae
597 2363 748 2415 cupidus
768 2363 824 2407 iis,
840 2363 902 2414 qui
923 2372 1128 2415 tempestate
1143 2365 1335 2416 jactantur,

350 2426 477 2463 similis
497 2434 547 2462 est
563 2433 890 2476 senipei·,t1’emens,
907 2424 1114 2473 formidans,
1126 2425 1225 2463 mille
1239 2426 1334 2465 heris

349 2487 504 2524 serviens
520 2485 600 2536 :qui
618 2499 702 2523 vero
722 2494 822 2522 extra
840 2485 932 2522 hanc
950 2485 1177 2537 tyrannidem
1196 2496 1261 2533 est,
1283 2489 1332 2526 si-

349 2547 444 2585 milis
463 2556 514 2584 est
530 2547 590 2595 iis,
603 2548 665 2597 qui
682 2546 718 2584 in
739 2555 842 2598 portu
862 2545 997 2592 sedent,
1015 2555 1048 2583 et
1066 2561 1156 2598 pura
1172 2547 1335 2587 libertate

347 2610 526 2646 fruuntur.
549 2608 615 2646 Ille
634 2622 716 2647 vero
735 2621 845 2654 secus,
865 2607 928 2645 sed
948 2617 1121 2658 quotquot
1139 2609 1247 2647 habet
1265 2611 1333 2649 sibi

345 2680 460 2719 notos,
481 2679 527 2707 tot
546 2669 655 2707 habet
675 2669 852 2718 dominos,
875 2669 1108 2720 omnibusque
1126 2670 1259 2708 servire
1273 2686 1332 2709 co-

346 2733 450 2783 gitur.
475 2731 662 2778 Quomodo
696 2744 778 2781 ergo
807 2730 1041 2768 liberabimur
1069 2731 1115 2768 ab
1142 2731 1209 2770 hac
1230 2735 1332 2784 gravi

344 2794 540 2832 servitute?
559 2794 597 2832 Si
614 2793 721 2831 aliam
740 2806 897 2829 amemus
917 2791 1090 2843 gloriam;
1111 2807 1188 2831 eam
1207 2808 1332 2847 nempe

344 2866 422 2902 quse
441 2866 522 2890 vere
553 2851 666 2903 gloria
696 2861 760 2889 est.
796 2850 1109 2898 Quemadmodum
1131 2852 1225 2890 enim
1256 2867 1328 2902 eos,

343 2914 403 2964 qui
427 2928 573 2966 corpora
593 2922 725 2962 amant,
755 2911 943 2950 formosior
974 2922 1180 2964 conspectus
1207 2915 1330 2954 vultus

343 2988 362 3010 a
382 2974 499 3026 priore
526 2972 786 3011 abstrahit:sic
814 2981 847 3010 et
875 2972 996 3023 gloriae
1024 2972 1133 3025 hujus
1163 2975 1328 3026 cupidos,

342 3034 565 3086 resplendens
592 3034 704 3085 gloria
728 3034 872 3071 caelestis
887 3034 932 3070 ab
949 3033 1016 3070 hac
1038 3034 1167 3085 poterit
1191 3036 1329 3074 abstra-

342 3095 436 3132 here.
451 3095 555 3133 Illam
575 3095 691 3145 itaque
710 3094 941 3147 respiciamus
961 3104 994 3132 et
1009 3104 1170 3133 accurate
1192 3096 1329 3135 edisca-

345 3169 444 3203 mus,
466 3165 504 3192 ut
527 3155 831 3207 pulchritudinem
864 3155 938 3207 ejus
960 3155 1186 3202 admirantes,
1220 3156 1328 3209 hujus

347 3215 603 3266 turpitudinem
635 3216 826 3265 fugiamus,
853 3224 885 3252 ct
906 3215 1017 3253 multa
1047 3216 1205 3254 fruamur
1226 3218 1329 3256 volu-

387 3364 400 3378 ἢ
424 3359 540 3396 μᾶλλον
556 3354 647 3386 deest
665 3356 697 3388 in
714 3355 830 3387 Morel.

878 214 1061 244 JOANNJS
1104 215 1341 245 CHRYSOST.
1382 216 1588 247 ARCHIEP.
1628 218 1981 250 CONSTANTINOP.

1413 299 1533 349 πολλῷ
1553 300 1710 348 ῧμᾶλλον
1732 299 1789 337 ἐπὶ
1821 304 1882 337 τοῦ
1913 301 2103 340 Δεσπότου.
2125 303 2169 340 Εἰ
2199 301 2234 340 δὲ
2267 301 2430 353 ἑτέρωθεν

1416 357 1532 408 βούλει
1548 362 1667 409 μαθεῖν
1687 363 1746 397 τοῦ
1762 360 1968 411 πράγματος
1981 369 2219 414 καταφρονεῖν,
2237 363 2366 414 ὑψηλὸς
2381 379 2435 413 γε-

1414 421 1472 455 νοῦ
1492 422 1534 469 τῇ
1557 419 1712 470 διανοίᾳ,
1732 419 1970 470 καταγέλασον
1986 424 2052 458 τῶν
2073 423 2269 473 ὁρωμένων,
2288 422 2434 468 αὔξησον

1414 480 1476 524 τ’ἦς
1492 481 1638 525 ἀληθοῦς
1658 479 1757 527 δόξης
1775 480 1832 518 τὸν
1852 480 1985 532 ἔρωτα,
2009 484 2231 533 ἐμπλήσθητι
2251 483 2433 535 φρονημα-

1414 554 1471 581 τος
1498 546 1755 590 πνευματικοῦ,
1781 539 1855 578 εἰπὲ
1884 541 1969 593 πρὸς
1987 541 2048 589 τὴν
2079 543 2206 594 ψυχὴν,
2223 546 2268 586 ὡς
2295 545 2436 586 Παῦλος

1417 593 1522 647 εἶπεν,
1540 602 1616 638 Οὐκ
1640 595 1753 648 οἶδας,
1771 600 1823 639 ὅτι
1854 601 2019 652 ἀγγέλους
2044 607 2225 655 κρινοῦμεν
2239 619 2249 652 3
2267 604 2325 641 καὶ
2351 605 2433 640 ἀνα-

1416 660 1546 706 στήσας
1568 661 1673 708 αὐτὴν
1698 663 1865 710 ἐντεῦθεν,
1885 662 2092 713 ἐπιτίμησον
2119 665 2238 702 λοιπὸν
2258 665 2318 703 καὶ
2337 665 2411 702 εἰπὲ
2424 695 2434 712 ,

1414 725 1436 767 ἡ
1476 722 1641 773 ἀγγέλους
1677 727 1862 774 κρινοῦσα,
1886 723 1952 761 ὑπὸ
1986 725 2221 776 καθαρμάτων
2255 725 2434 776 κρίνεσθαι

1417 782 1549 834 βούλει,
1567 783 1627 821 καὶ
1644 783 1732 834 μετὰ
1750 787 1819 821 τῶν
1845 786 2027 836 ὀρχηστῶν
2057 786 2271 823 ἐπαινεῖσθαι
2291 785 2350 823 καὶ
2378 785 2435 835 μί-

1417 860 1490 894 μων
1507 844 1566 882 καὶ
1588 845 1812 896 θηριομάχων
1833 846 1892 884 καὶ
1919 845 2069 897 ἡνιόχων
2083 862 2096 892 ·,
2113 845 2240 889 ταύτας
2257 846 2324 898 γὰρ
2342 842 2436 884 οὗτοι

1415 904 1477 948 τὰς
1497 905 1667 957 εὐφημίας
1698 904 1893 944 διώκουσιν.
1924 905 2030 944 Ἀλλὰ
2061 906 2101 943 σὺ
2131 907 2342 958 ὑψηλότερον
2373 909 2435 952 τῆς

1415 965 1544 1004 τούτων
1563 970 1714 1019 κραυγῆς
1735 967 1774 1004 τὸ
1800 967 1925 1018 πτερὸν
1948 967 2221 1014 κατασκεύασον,
2239 967 2298 1005 καὶ
2318 967 2435 1014 ζήλω-

1415 1043 1472 1065 σον
1487 1028 1544 1065 τὸν
1564 1031 1625 1074 τῆς
1639 1027 1784 1081 ἐρημίας
1803 1027 1948 1074 πολίτην
1965 1027 2143 1075 Ἰωάννην,
2159 1028 2218 1066 καὶ
2247 1029 2334 1079 μάθε
2362 1031 2437 1072 πῶς

1414 1088 1595 1141 ὑπερεώρα
1606 1089 1756 1135 πλήθους
1771 1091 1914 1136 ἐκεῖνος,
1932 1089 1991 1126 καὶ
2006 1088 2256 1133 κολακεύοντας
2269 1093 2357 1141 ὁρῶν
2374 1091 2436 1129 οὐκ

1415 1150 1664 1201 ἐπεστρέφετο,
1679 1152 1755 1188 ἀλλ’
1777 1152 1864 1201 ὁρῶν
1883 1150 2039 1194 ἅπαντας
2059 1150 2136 1193 τοὺς
2155 1150 2217 1197 τὴν
2238 1151 2436 1188 Παλαιστί-

1415 1227 1475 1257 νην
1497 1213 1675 1255 οἷκοῦντας
1698 1211 1777 1262 περὶ
1805 1211 1904 1249 αὐτὸν
1937 1211 2188 1263 ἓκκεχυμένους
2210 1212 2269 1249 καὶ
2297 1212 2434 1262 θαυμά-

1415 1274 1534 1316 ζοντας
1552 1272 1610 1309 καὶ
1625 1271 1922 1321 ε’κπληττομένους
1934 1302 1943 1318 ,
1962 1274 2021 1310 οὐκ
2041 1274 2227 1324 ἐχαυνοῦτο
2245 1275 2287 1323 τῇ
2309 1272 2436 1311 τοσαύ·

1415 1348 1457 1383 τῃ
1478 1336 1564 1384 τιμῇ
1577 1362 1588 1379 ,
1607 1332 1696 1370 ἀλλὰ
1718 1333 1777 1370 καὶ
1804 1332 2072 1377 κατεξανίστατο
2091 1335 2218 1380 αὐτῶν,
2236 1333 2296 1370 καὶ
2322 1337 2367 1376 ὡς
2387 1333 2436 1371 ἑνὶ

1417 1393 1587 1445 μειρακίῳ
1600 1421 1609 1438 ,
1630 1393 1731 1444 δήμῳ
1757 1391 1910 1445 τοσούτῳ
1931 1392 2172 1443 διαλεγόμενος
2185 1422 2194 1439 ,
2214 1391 2321 1436 οὕτως
2352 1393 2436 1430 ἐπέ-

1413 1454 1548 1498 πληττε
1569 1452 1692 1504 λέγων,
1702 1452 2057 1504 ”Ο;ρεις,γεννήματα
2077 1454 2233 1504 ἐχιδνῶν.
2254 1452 2378 1492 Καίτοι
2397 1466 2437 1506 γε

1416 1513 1458 1551 δι’
1476 1514 1575 1551 αὐτὸν
1601 1514 1827 1565 συνέδραμον,
1858 1514 1917 1551 καὶ
1946 1514 2007 1556 τὰς
2026 1513 2145 1557 πόλεις
2167 1515 2322 1566 ἀφῆκαν,
2344 1513 2436 1552 ὥστε

1413 1574 1475 1621 τὴν
1499 1574 1592 1626 ἱερὰν
1611 1574 1764 1626 κεφαλὴν
1790 1574 1922 1621 ἐκείνην
1943 1575 2026 1612 ἰδεῖν
2040 1590 2047 1597 ·
2063 1576 2139 1612 ἀλλ’
2153 1575 2246 1625 ὅμως
2264 1575 2358 1613 οὐδὲν
2375 1577 2435 1613 αὖ·

1414 1639 1481 1674 τῶν
1502 1640 1619 1674 τοῦτον
1637 1636 1793 1680 ἐξέλυσε·
1812 1636 1929 1688 πόρρω
1953 1636 2021 1689 γὰρ
2045 1631 2086 1683 ἦν
2107 1635 2223 1682 δόξης,
2243 1636 2302 1674 καὶ
2329 1635 2435 1688 τύφου

1413 1696 1542 1740 παντὸς
1562 1697 1748 1749 ἐλεύθερος.
1766 1697 1870 1735 Οὕτω
1887 1697 1945 1735 καὶ
1962 1701 1979 1735 ὃ
1996 1697 2172 1749 Στέφανος
2187 1700 2273 1749 ὁρῶν
2294 1697 2350 1735 τὸν
2374 1700 2433 1735 αὐ-

1412 1758 1470 1795 τὸν
1491 1758 1600 1808 δῆμον
1620 1757 1725 1795 πάλιν
1747 1758 1824 1809 οὐχὶ
1840 1761 2015 1808 τιμῶντα,
2034 1758 2122 1796 ἀλλὰ
2149 1757 2354 1809 μαινόμενον
2374 1758 2434 1796 καὶ

1413 1819 1572 1871 τρίζοντα
1593 1818 1668 1862 τοὺς
1698 1818 1856 1865 ὀδόντας,
1876 1818 2087 1872 ὑψηλότερος
2115 1820 2228 1857 αὐτῶν
2253 1819 2435 1870 γενόμενος

1412 1884 1474 1928 τῆς
1487 1882 1610 1932 ὂργῆς,
1627 1880 1723 1932 ἔλεγε
1736 1896 1743 1903 ·
1765 1881 2078 1933 Σκληροτράχηλοι
2090 1912 2101 1927 ,
2118 1881 2178 1918 καὶ
2199 1879 2433 1933 ἀπερίτμητοι

1411 1948 1487 1986 ταῖς
1510 1942 1679 1995 καρδίαις.
1697 1941 1800 1981 Οὕτω
1819 1942 1878 1980 καὶ
1897 1945 1914 1979 ὃ
1935 1942 2079 1990 ’11λίας,
2099 1946 2166 1980 τῶν
2188 1942 2432 1995 στρατοπέδων

1411 2004 1592 2055 παρόντων
1621 2003 1759 2042 ἐκείνων
1779 2003 1838 2041 καὶ
1870 2008 1930 2041 τοῦ
1961 2004 2131 2055 βασιλέως
2154 2003 2213 2041 καὶ
2239 2008 2298 2041 τοῦ
2322 2003 2432 2054 δήμου

1411 2065 1555 2111 παντὸς,
1573 2064 1687 2116 ἔλεγεν
1707 2080 1714 2087 ·
1732 2064 1829 2107 ἽΞως
1841 2064 1925 2103 πότε
1943 2067 2133 2116 χωλανεῖτε
2146 2066 2199 2102 ἐπ’
2221 2063 2433 2116 ἀμφοτέραις

1409 2132 1486 2169 ταῖς
1505 2126 1635 2178 ἰγνύαις
1666 2128 1764 2176 ὑμῶν
1784 2143 1792 2172 3
1820 2125 1911 2164 Ἀλλ’
1933 2129 2035 2176 ἡμεῖς
2055 2125 2211 2168 ἅπαντας
2240 2124 2426 2163 κολακεύο-

1412 2203 1486 2236 μεν,
1504 2187 1750 2238 θεραπεύομεν,
1767 2190 1809 2238 τῇ
1822 2187 2049 2237 δουλοπρεπεῖ
2063 2185 2220 2239 διακονίᾳ
2240 2185 2349 2236 ταύτῃ
2367 2185 2430 2231 τὴν

1411 2248 1549 2285 ἐκείνων
1571 2247 1678 2297 τιμὴν
1698 2247 1897 2297 ὠνούμενοι.
1919 2247 1987 2284 Διὰ
2006 2252 2105 2285 τοῦτο
2131 2247 2247 2285 πάντα
2279 2246 2349 2284 ἅνω
2371 2246 2431 2283 καὶ

1410 2308 1506 2345 κάτω
1525 2308 1660 2359 γέγονε,
1682 2308 1741 2345 καὶ
1767 2310 1828 2352 τῆς
1849 2308 1991 2359 χάριτος
2020 2307 2146 2353 ταύτης
2180 2306 2427 2356 1ἐ’ξεπέσομεν,

1411 2369 1469 2406 καὶ
1488 2368 1693 2421 προδέδοται
1709 2368 1753 2405 τὰ
1771 2373 1830 2406 τοῦ
1850 2371 2119 2419 χριστιανισμοῦ
2137 2367 2330 2418 πράγματα
2342 2396 2350 2412 ,
2369 2366 2429 2403 καὶ

1409 2429 1524 2467 πάντα
1542 2428 1718 2480 ἠμέληται
1739 2428 1794 2466 διὰ
1814 2427 1876 2475 τὴν
1904 2431 1971 2465 τῶν
1993 2429 2130 2466 πολλῶν
2159 2427 2270 2471 δόξαν.
2288 2427 2429 2478 Ἔξορί-

1409 2505 1524 2540 σωμεν
1549 2489 1660 2528 τοίνυν
1678 2490 1717 2527 τὸ
1736 2489 1859 2534 πάθος,
1877 2488 1936 2526 καὶ
1951 2488 2028 2526 τότε
2057 2488 2218 2539 εἰσόμεθα
2238 2490 2352 2530 καλῶς
2365 2487 2427 2535 τὴν

1410 2549 1602 2602 ἐλευθερίαν
1619 2551 1754 2588 καὶτὸν
1780 2549 1905 2600 λιμένα
1932 2549 1991 2587 καὶ
2019 2548 2082 2595 τὴν
2108 2548 2276 2600 γαλήνην.
2297 2547 2341 2586 ‘O
2366 2547 2428 2599 μὲν

1407 2611 1474 2663 γαρ
1494 2610 1665 2655 κενόδοξος
1685 2617 1754 2654 τοῖς
1773 2610 2038 2662 χειμαζομένοις
2063 2609 2185 2657 ἔοικεν,
2214 2609 2267 2647 ἀεὶ
2289 2608 2426 2662 τρέμων

1408 2673 1467 2710 καὶ
1495 2671 1655 2716 δεδοικὼς
1682 2672 1740 2710 καὶ
1761 2672 1901 2725 μυρίους
1920 2672 2116 2725 θεραπεύων
2140 2671 2308 2713 δεσπότας
2323 2686 2330 2694 ·
2357 2674 2373 2709 ὁ
2392 2669 2426 2708 δὲ

1407 2732 1535 2779 ταύτης
1561 2735 1623 2778 τῆς
1643 2732 1842 2785 τυραννίδος
1864 2732 1929 2777 ἔξω
1945 2733 2006 2777 ὢν,
2024 2738 2094 2775 τοῖς
2115 2734 2148 2770 ἐν
2170 2731 2290 2782 λιμέσι
2319 2734 2429 2776 καθη-

1408 2794 1522 2844 μένοις
1547 2794 1607 2832 καὶ
1628 2793 1821 2845 ἐλευθερίας
1839 2793 2054 2832 ἀπολαύουσι
2074 2797 2239 2843 καθαρᾶς.
2256 2793 2347 2830 Ἀλλ’
2365 2793 2428 2830 οὐκ

1406 2857 1533 2897 ἐκεῖνος
1546 2883 1555 2900 ,
1577 2855 1654 2892 ἀλλ’
1668 2854 1758 2897 ὅσοις
1779 2854 1853 2892 ἐστὶ
1871 2854 2061 2906 γνώριμος,
2080 2852 2262 2895 τοσούτους
2278 2852 2351 2904 ἔχει
2370 2852 2426 2888 δε-

1405 2914 1536 2957 σπότας
1550 2945 1559 2961 ,
1589 2921 1676 2952 πᾶσι
1715 2914 1884 2953 δουλεύειν
1927 2913 2214 2965 ἀναγκαζόμενος.
2249 2915 2334 2956 Πῶς
2366 2905 2425 2949 οῦν

1405 2976 1728 3026 ἀπαλλαγησόμεθα
1756 2979 1818 3021 τῆς
1836 2976 1994 3028 χαλεπῆς
2017 2974 2143 3020 ταύτης
2171 2973 2345 3019 δουλείας,
2363 2971 2424 3009 Ἂν

1404 3037 1522 3089 ἑτέρας
1537 3038 1738 3089 ἐρασθῶμεν
1770 3035 1887 3083 δόξης,
1907 3037 1969 3080 τῆς
1995 3036 2101 3078 ὅντως
2127 3033 2236 3081 δόξης.
2254 3033 2421 3083 Καθάπερ

1402 3097 1470 3151 γὰρ
1488 3097 1565 3140 τοὺς
1592 3099 1660 3135 τῶν
1689 3097 1861 3147 σωμάτιον
1890 3097 2041 3148 ἐρῶντας
2065 3094 2295 3148 λαμπροτέρα
2322 3093 2424 3145 ἑτέρα

1403 3164 1549 3210 φανεῖσα
1568 3158 1644 3209 ὄψις
1664 3160 1726 3203 τῆς
1752 3155 1923 3209 προτέρας
1945 3155 2159 3202 ἀπέστησεν·
2189 3155 2277 3194 οὕτω
2298 3154 2338 3201 δὴ
2362 3153 2422 3192 καὶ

1503 3219 1554 3233 ΆΙῩ

1404 3219 1481 3263 τοὺς
1499 3234 1597 3265 οοςης
1617 3221 1866 3269 ἐπιθυμοῦντας
1879 3222 1940 3264 τῆς
1957 3219 2039 3270 παρ’
2060 3220 2157 3268 ἡμῖν,
2176 3221 2197 3264 ἦ
2219 3219 2257 3255 ἐκ
2279 3219 2346 3254 τῶν
2364 3217 2421 3254 οὒ-

1457 3359 1473 3382 b
1499 3362 1670 3401 ἐξεπέσομεν
1687 3363 1737 3392 καί
1750 3357 1840 3390 deest
1860 3357 1891 3389 in
1908 3356 2022 3390 Morel.
