2502 3810
687 287 729 315 IN
768 287 879 316 ACTA
919 287 941 314 Α
950 283 1196 315 POSTOLORU
1205 283 1235 312 M
1244 302 1252 311 .

129 364 351 417 περιλάμψαν
374 381 416 415 με
435 367 505 416 φῶς
518 393 526 409 ,
547 365 605 402 καὶ
623 366 698 409 τοὺς
714 366 773 404 σὺν
791 367 866 416 ἐμοὶ
883 365 1141 417 πορευομένους.

129 426 276 462 Πάντων
299 425 333 463 δὲ
354 426 620 463 καταπεσόντων
640 428 739 476 ἡμῶν
757 430 804 471 εἷς
828 426 890 473 τὴν
910 430 987 477 γ’ἦν,
1009 426 1142 470 ἤκουσα

128 484 243 536 φωνὴν
271 486 443 522 λαλοῦσαν
471 485 556 536 πρός
576 502 617 535 με
648 487 705 524 καὶ
726 487 892 538 λέγουσαν
918 490 959 537 τῇ
982 483 1142 537 Ἓὸραίδι

130 544 317 598 διαλέκτῳ,
335 544 469 592 Σαοὺλ,
483 545 599 583 Σαοὺλ
613 576 621 592 ,
636 548 669 583 τί
686 563 728 596 με
745 547 898 592 διώκεις,
916 546 1064 596 σκληρόν
1088 559 1142 581 σοι

128 605 213 656 πρὸς
228 606 353 656 κέντρα
368 605 558 649 λακτίζειν.
577 606 672 657 Ἐγὼ
692 607 727 644 δὲ
742 601 837 645 εἷπον
851 623 858 631 ⁸
876 607 927 649 τίς
943 602 992 655 εἶ,
1017 606 1140 655 Κύριε;

128 665 172 703 ‘O
193 665 227 703 δὲ
249 659 341 702 εἶπεν
358 681 365 689 ·
384 666 452 717 ἐγώ
480 668 551 716 εἶμι
566 667 721 712 Ἰησοῦς,
745 667 781 705 ὃν
809 667 849 705 σὺ
873 667 1018 709 διώκεις.
1040 664 1143 703 Ἀλλὰ

130 726 319 772 ἀνάστηθι,
335 742 394 763 και
415 729 514 768 στῆθι
541 726 598 763 ἐπι
627 727 703 770 τους
735 727 842 770 πόδας
866 742 942 765 σου·
969 729 1016 768 εἷς
1043 729 1142 762 τοῦτο

129 785 324 836 γὰρῶφθην
341 802 395 824 σοι
405 787 718 838 ,προχειρίσασθαί
735 803 772 825 σε
789 787 963 837 ὑπηρέτην
980 802 1038 823 και
1057 785 1143 836 omip-
1152 819 1203 844 390
1217 788 1338 822 mine.
1335 791 1348 813 ἱ)
1377 788 1454 823 Ille
1490 796 1620 823 autem
1650 789 1732 824 diri
1722 797 1747 824 t
1779 818 1786 824 .

1293 283 1445 312 nomi„
1487 286 1560 314 Lu.
2102 269 2196 331 439

1216 366 1256 399 in
1276 366 1345 400 via
1370 365 1478 409 vidi,
1504 378 1572 402 rex
1588 395 1598 410 ,
1629 366 1675 402 de
1698 365 1792 402 coelo
1810 377 1927 415 supra
1953 363 2193 414 splendorem

1215 424 1306 461 solis
1328 426 1627 476 circumfulsisse
1655 440 1713 462 nze
1736 427 1878 474 lumen,
1895 434 1929 462 et
1950 439 2010 462 eos
2025 427 2091 476 qui
2113 439 2191 461 me-

1214 498 1299 521 cum
1327 486 1443 522 simul
1463 488 1879 538 erant.14.0mnesque
1899 500 1966 524 nos
1994 500 2079 523 cum
2097 487 2192 522 deci-

1215 547 1399 582 dissemus
1419 549 1459 582 in
1490 555 1645 592 terram,
1664 549 1757 584 audi
1763 551 1798 585 νὶ
1817 562 1951 585 ‘vocem
1975 548 2192 598 loquentem

1215 605 1311 640 milii
1340 606 1536 642 Hebraica
1570 607 1704 657 lingua
1726 608 1886 655 :VSaule,
1928 607 2056 653 Saule,
2100 607 2196 658 quid

1215 679 1273 700 me
1285 669 1544 716 persequeris?
1558 668 1710 704 Durum
1719 676 1773 704 est
1789 670 1858 704 tibi
1871 676 2006 704 contra
2019 668 2194 704 stimulos

1215 727 1431 764 calcitrare.
1453 728 1514 764 45.
1540 730 1624 779 Ego
1644 738 1773 765 autem
1794 731 1897 774 diri,
1926 732 2018 779 Quis
2041 743 2094 777 es,
2113 730 2193 766 Do-

1783 791 1903 839 ·Ego
1943 803 2028 825 sum
2062 790 2190 834 Jesus,

129 862 213 896 τυρα
235 850 280 883 ὧν
298 862 335 883 τε
363 840 465 892 εἶδες,
482 850 528 883 ὧν
547 863 584 884 τε
600 847 797 898 ὀφθησουαί
814 862 887 892 σοι,
909 844 1144 896 ἐξαιρούμενός
1168 856 1193 883 A
1217 861 1328 898 quem
1355 856 1395 884 tle
1424 851 1670 898 persequeris.
1701 850 1762 885 16.
1782 849 1857 885 Sed
1882 863 2044 900 et'szttge
2071 859 2106 886 et
2133 858 2194 886 sta

130 921 167 943 σε
188 922 225 943 εκ
240 922 298 944 του
311 909 332 944 λ
336 921 395 943 αου
413 907 471 943 καὶ
485 909 552 943 τῶν
569 908 686 951 ἐθνων,
704 909 750 948 εἷς
767 906 822 948 οὓς
837 904 905 955 ἐγώ
920 921 959 942 σε
976 903 1143 942 ἀποστέλ-

128 967 196 1013 λω,
220 966 349 1010 ἀνοῖξαι
368 965 564 1017 ὀφθαλμοὺς
598 968 721 1011 αὐτῶν,
743 969 802 1002 τοῦ
835 963 1053 1015 ἀποστρέψαι
1076 963 1144 999 ἀπὸ

130 1026 271 1068 σκότους
291 1028 336 1068 εἷς
355 1028 444 1076 φῶς,
467 1026 525 1062 καὶ
542 1028 602 1069 τῆς
617 1025 768 1068 ἐξουσίας
788 1029 846 1061 τοῦ
863 1030 995 1061 σατανᾶ
1011 1023 1067 1060 ἐπὶ
1085 1023 1142 1060 τὸν

128 1085 230 1129 Θεὸν,
250 1089 308 1122 τοῦ
325 1085 443 1122 λαέεῖν
458 1084 579 1127 αὐτοὺς
597 1085 716 1135 ἄφεσιν
739 1086 920 1134 ἁμαρτιῶν
942 1083 1000 1121 καὶ
1017 1085 1144 1135 κλῆρον

128 1147 162 1180 ἐν
182 1149 252 1186 τοῖς
278 1144 502 1194 ἡγιασμένοις
531 1143 646 1181 πίστει
671 1147 714 1195 τῇ
735 1146 782 1186 εἷς
803 1143 876 1193 ἐμέ.
897 1143 1050 1187 Σκόπει,
1070 1145 1144 1184 πῶς

127 1204 265 1256 ἡαέρως
285 1203 490 1254 διαλεγεται.
507 1203 550 1241 ‘O
567 1203 672 1251 Θεὸς,
693 1219 809 1255 φησιν,
825 1197 898 1241 εἷπε
913 1203 998 1254 πρός
1016 1218 1057 1252 με
1069 1232 1078 1249 ,
1092 1201 1145 1239 ὅτι

126 1263 242 1315 ὤφθην
261 1278 313 1301 σοι
329 1263 619 1315 προχειρίσασθαί
635 1279 674 1301 σε
692 1263 869 1315 ὑπηρετην
887 1264 946 1300 καὶ
967 1263 1145 1316 μάρτυρα,

126 1328 173 1362 ὧν
192 1339 230 1361 τε
260 1326 345 1367 εἶδες
332 1353 363 1370 ,
382 1340 428 1361 ων
456 1340 494 1361 τε
522 1323 719 1376 ὀφθήσομαί
742 1340 816 1370 σοι,
840 1323 1077 1375 ἐςαιρούυενός
1107 1339 1146 1360 σε

127 1387 165 1422 ἐκ
178 1400 236 1422 του
255 1387 339 1422 λαου
353 1385 412 1422 και
428 1388 496 1422 τῶν
513 1387 630 1430 ἓθνων,
647 1387 693 1427 εἷς
708 1389 766 1427 ους
781 1383 850 1435 ἐγώ
870 1399 906 1422 σε
923 1384 1145 1428 ἀποστέλλω,

127 1444 257 1489 ἀνοῖξαι
278 1445 474 1497 ὀφθαλμοὺς
495 1447 619 1493 αὐτῶν,
639 1450 698 1483 τοῦ
730 1445 948 1496 ἀποστρέψαι
969 1445 1037 1483 ἀπὸ
1066 1446 1145 1482 σκό-

126 1521 201 1549 τους
218 1508 264 1548 εἷς
280 1509 368 1557 φῶς,
389 1506 447 1543 καὶ
481 1509 543 1551 τῆς
570 1505 722 1549 ἐξουσίας
748 1509 807 1542 τοῦ
837 1512 970 1542 σατανᾶ
1002 1505 1057 1543 ἐπὶ
1086 1506 1144 1543 τὸν

125 1568 228 1615 Θεὸν,
239 1571 297 1604 τοῦ
311 1567 430 1605 λαὸεῖν
444 1566 564 1610 αὐτοὺς
577 1568 698 1618 ἄφεσιν
715 1567 907 1619 ἁμαρτιῶν.
922 1566 1021 1604 ςΩσεὶ
1037 1568 1142 1617 ἔλεγε·

127 1628 258 1670 τούτοις
278 1626 452 1673 ἐπείσθην,
471 1627 579 1678 ταύτῃ
607 1631 649 1677 τῇ
672 1626 824 1677 ὀπτασίᾳ
857 1642 900 1676 με
929 1626 1143 1676 ἐπηγάγετο,

128 1688 185 1724 καὶ
217 1686 323 1730 οὕτως
356 1686 504 1734 ἔπεισεν,
533 1686 624 1724 ὥστε
658 1686 705 1737 μὴ
741 1686 1007 1724 ἀναίῗάλλεσθαι.
1028 1685 1144 1733 (Όθεν,

131 1750 273 1798 βασιλεῦ’
290 1747 481 1800 Ἀγρίππα,
500 1748 560 1785 οὔκ
581 1747 747 1797 ἐγενόμην
768 1746 912 1791 ἀπειθὴς
936 1749 978 1797 τῇ
997 1746 1143 1798 οὐρανίῳ

128 1807 294 1859 ὀπτασίᾳ·
311 1807 400 1845 ἀλλὰ
421 1814 492 1850 τοῖς
510 1809 545 1844 ἐν
567 1808 749 1857 Δαμασκῷ
769 1809 906 1857 πρῶτον
921 1807 980 1844 καὶ
997 1806 1143 1858 Ἱεροσο-

127 1868 267 1917 λύμοις,
288 1870 334 1910 εἷς
355 1867 471 1904 πᾶσάν
498 1883 536 1904 τε
562 1868 625 1914 τὴν
644 1866 761 1919 χώραν
782 1870 843 1913 τῆς
862 1866 1052 1914 Ἰουδαίας,
1084 1868 1143 1905 καὶ

127 1933 197 1971 τοῖς
216 1928 343 1966 ἔθνεσιν
376 1928 584 1979 ἀπαγγέλλω
617 1933 810 1977 μετανοεῖν,
840 1927 899 1965 καὶ
924 1928 1142 1980 ἐπιστρέφειν

128 1989 185 2025 ἐπὶ
204 1989 259 2026 τὸν
280 1989 382 2036 Θεὸν,
399 1988 477 2031 ἄξια
497 1992 559 2034 τῆς
589 1987 771 2038 μετανοίας
797 1987 880 2040 ἔργα
912 1989 1142 2040 πράσσοντας.

129 2049 172 2086 ‘O
191 2049 302 2086 τοίνυν
333 2048 391 2086 καὶ
421 2050 498 2092 τοὺς
519 2050 641 2092 ἄλλους
668 2049 840 2087 παιδεύων
861 2050 940 2102 περὶ
964 2049 1038 2101 βίου
1065 2050 1143 2100 ἀρί-

129 2125 227 2152 στου,
249 2111 322 2151 πῶς
343 2109 381 2146 ἂν
402 2110 502 2153 αὐτὸς
521 2110 674 2153 στάσεως
696 2110 754 2148 καὶ
782 2110 1007 2162 φιλονεικίας,
1028 2111 1145 2162 φησιν,

130 2170 282 2219 ἀρχηγὸς
300 2169 446 2219 γέγονα;

128 2229 314 2279 λαθόμενοι
343 2231 377 2267 ἐν
410 2233 458 2282 τῷ
491 2233 593 2282 ἱερῷ,

461 2169 593 2208 (Ἐνεκα
608 2170 735 2208 τούτων
754 2174 784 2208 οἱ
802 2171 964 2208 Ἰουδαῖοί
989 2186 1031 2221 με
1058 2173 1143 2208 συλ-

629 2233 816 2305 ἐπειρῶντο
856 2231 1144 2282 διαχειρίσασθαι.

129 2289 352 2342 Επικουρίας
368 2285 424 2327 obv
437 2290 557 2364 Ιῖτυχων
574 2294 636 2337 τῆς
655 2291 752 2342 παρὰ
776 2296 835 2328 τοῦ
857 2294 906 2330 Θε
911 2308 947 2330 ου
979 2292 1063 2342 οίχρι
1083 2307 1145 2336 της

127 2349 259 2400 ἡμερας
279 2365 406 2396 ταυτης
425 2350 575 2396 ἕστηκα,
596 2351 855 2402 μαρτυρόμενος
872 2367 986 2403 μικρω
1014 2368 1052 2389 τε
1086 2352 1145 2389 καὶ

129 2426 172 2460 με
174 2410 288 2461 γάλῳ,
305 2409 399 2448 οὐδὲν
418 2411 514 2454 ἐκτὸς
529 2411 639 2462 λέγων
659 2428 706 2449 ων
726 2429 762 2449 τε
780 2415 810 2450 οἱ
823 2428 1000 2464 προφηται
1017 2413 1146 2458 ελάλη-

128 2487 191 2509 σαν
211 2470 406 2520 μελλόντων
425 2471 599 2523 γίνεσθαι,
627 2473 685 2510 καὶ
708 2475 880 2519 Μωϋσης·
904 2476 932 2511 εἷ
951 2473 1105 2519 παθητὸς
1129 2477 1147 2511 6

128 2532 292 2582 Χριστὸς,
311 2534 340 2570 εἰ
353 2536 487 2584 πρῶτος
501 2533 535 2577 ἐξ
555 2534 777 2577 ἀναστάσεως
792 2538 922 2586 νεκρῶν
941 2538 1013 2586 φῶς
1028 2534 1146 2585 μέλλει

127 2592 372 2643 καταγγέλλειν
393 2596 442 2645 τῷ
461 2610 498 2631 τε
512 2596 587 2645 λαῷ
609 2595 667 2632 καὶ
689 2600 759 2637 τοῖς
779 2594 919 2633 ἔθνεσιν.

128 2653 223 2696 ἐκτὸς
242 2653 425 2696 κολακείας
444 2654 534 2692 ἐστὶν
557 2658 574 2692 6
589 2654 689 2705 λόγος
703 2658 825 2702 αὐτοῦ,
841 2655 900 2693 καὶ
920 2656 959 2694 τὸ
974 2663 1042 2694 πᾶν
1066 2659 1144 2693 ἐπι-

128 2714 251 2766 γράφει
276 2717 325 2766 τῷ
341 2716 434 2766 Θεῷ.
451 2709 541 2752 Εἶτα
569 2718 590 2760 ἡ
622 2715 824 2767 παρρησία,
845 2718 939 2753 Ἀλλ’

959 2722 972 2737 ‘¹
985 2716 1062 2754 οὐδὲ
1087 2719 1145 2752 νῦν

130 2773 339 2825 ἀφίσταμαι·
355 2775 415 2812 καὶ
429 2775 468 2813 τὸ
484 2775 652 2826 ἀσφαλές·
668 2776 736 2814 ἀπὸ
761 2776 829 2828 γὰρ
843 2779 1030 2829 προφητῶν
1048 2778 1146 2827 ἴσχυ-

136 2834 289 2884 ρίζομαι,
308 2837 352 2873 Εἰ
378 2836 533 2881 παθητὸς
551 2839 568 2873 6
588 2837 756 2889 Χριστὸς,
782 2840 812 2874 εἷ
831 2841 967 2888 πρῶτος
998 2837 1032 2880 ἐξ
1062 2840 1148 2875 ἀνα-

135 2893 286 2936 στάσεως
320 2897 448 2947 νεκρῶν
482 2898 553 2946 φῶς
596 2896 715 2946 μέλλει
754 2897 1026 2949 καταγγέλλειν·

133 2952 262 3002 ἔλεγεν,
283 2954 336 2992 ὅτι
354 2957 499 3008 Πρῶτος
520 2959 538 2993 6
563 2957 712 3007 Χριστὸς
739 2958 906 3004 ἀναστὰς,
929 2958 1042 2996 οὐκέτι
1062 2960 1147 2995 ἀπο-

135 3012 284 3058 θνήσκει.
313 3016 428 3060 Δῆλον
455 3017 494 3052 ἐκ
518 3020 576 3054 τοῦ
598 3024 685 3055 πᾶσι
712 3019 941 3070 καταγγεῖλαι
966 3023 1066 3057 τοῦτο
1088 3017 1147 3055 καὶ

136 3073 181 3113 εἷς
198 3072 337 3116 ἑαυτοὺς
363 3076 570 3127 προσδοκᾶν
590 3071 679 3114 Εἶτα
697 3077 759 3124 τὴν
790 3078 989 3130 παρρησίαν
1014 3083 1031 3117 6
1061 3080 1144 3124 Φῆ-

136 3146 214 3174 στος
234 3132 326 3180 ἰδὼν,
357 3134 474 3181 ἐπειδὴ
500 3135 584 3186 πρὸς
603 3137 661 3175 τὸν
693 3138 840 3188 βασιλέα
873 3138 1063 3189 διελέγετο,
1097 3139 1145 3189 μὴ

139 3193 385 3242 μεθιστάμενος
412 3199 471 3232 τοῦ
512 3196 595 3248 πρὸς
628 3199 728 3236 αὐτὸν
763 3199 992 3246 ἀποὸλέπειν,
1029 3199 1148 3252 ὥσπερ

139 3252 244 3289 ἔπαθέ
272 3269 324 3299 τι,
344 3254 401 3291 καὶ
433 3255 536 3305 φησί·
557 3258 674 3307 Μαίνῃ
690 3290 699 3305 ,
719 3261 851 3298 Παῦλε.
871 3259 955 3298 ζὈτι
973 3260 1006 3298 δὲ
1028 3260 1145 3298 παθὼν

184 3401 194 3412 ·
214 3388 314 3421 More}
345 3393 423 3423 offis-2
440 3397 615 3435 ἀφίσταμαι.

939 2594 1035 2647 ΕΌροι
1049 2625 1058 2643 ,
1073 2598 1147 2638 πῶς

1064 2895 1147 2934 ὡσεὶ

1216 920 1327 957 super
1342 908 1456 957 pedes
1476 916 1560 944 tuos
1589 923 1599 942 .·
1625 908 1763 944 adhoc
1782 912 1884 945 enim
1904 913 2068 960 apparui
2101 911 2171 945 tibi
2183 939 2191 952 ‚

1217 974 1257 1002 ut
1277 974 1510 1003 constituam
1542 975 1577 1003 te
1606 970 1823 1004 ministrum
1845 977 1881 1005 et
1909 977 2040 1005 testem
2064 983 2196 1006 eorum

1217 1039 1301 1077 quse
1328 1027 1486 1074 vidisti,
1521 1035 1557 1063 et
1586 1040 1714 1063 eorum
1736 1029 1873 1077 quibus
1894 1031 2086 1078 apparebo
2110 1031 2191 1072 tibi,

1218 1088 1280 1122 17.
1303 1089 1466 1137 eripiens
1489 1095 1524 1124 te
1545 1088 1592 1123 de
1609 1089 1750 1138 populo
1768 1096 1804 1124 et
1818 1090 2014 1139 gentibus,
2036 1092 2076 1125 in
2100 1103 2195 1140 quas

1218 1160 1319 1183 nunc
1347 1149 1537 1198 egomitto
1564 1156 1618 1191 te,
1645 1151 1793 1198 aperire
1820 1149 1950 1185 oculos
1970 1162 2122 1194 eorum,
2155 1158 2197 1185 ut

1216 1216 1491 1244 convertantur
1519 1221 1544 1244 a
1564 1210 1728 1245 tenebris
1748 1210 1801 1245 ad
1820 1209 1962 1255 lucem,
1986 1218 2022 1246 et
2054 1211 2100 1245 de
2129 1224 2198 1259 po-

1217 1275 1353 1304 testate
1372 1276 1521 1305 satanoe
1546 1269 1600 1305 ad
1619 1269 1768 1315 Deum,
1793 1278 1833 1306 ut
1855 1272 2046 1320 accipiant
2065 1272 2196 1306 remis-

1217 1330 1360 1365 sionem
1378 1337 1646 1378 peccatorum,
1679 1337 1715 1366 et
1744 1338 1884 1366 sortem
1916 1332 2017 1366 inter
2043 1338 2197 1367 sanctos

1214 1402 1282 1439 per
1303 1389 1444 1440 fidem,
1479 1403 1564 1440 quoe
1594 1398 1649 1426 est
1682 1391 1722 1425 in
1756 1404 1827 1426 me.
1860 1389 2055 1441 Pei-pende,
2091 1404 2198 1439 quani

1217 1458 1395 1486 mansuete
1414 1450 1592 1499 loquatur.
1619 1451 1743 1496 Deus,
1764 1450 1896 1500 inquit,
1919 1452 2017 1487 dixit
2038 1452 2091 1487 ad
2110 1465 2169 1487 me
2187 1466 2196 1485 :

1217 1507 1398 1558 Apparui
1418 1510 1510 1555 tibi,
1542 1516 1584 1545 ut
1604 1511 1837 1546 constituam
1870 1517 1905 1545 te
1925 1512 2142 1546 ministrum
2163 1517 2199 1545 et

1169 1575 1191 1603 B
1217 1576 1348 1604 testem
1360 1582 1490 1605 eorum
1505 1582 1588 1619 quoe
1600 1570 1750 1614 vidisti,
1773 1577 1810 1606 et
1824 1583 1952 1606 eorum
1970 1571 2107 1620 quibus
2125 1584 2196 1620 ap—

1213 1630 1355 1677 parebo
1382 1630 1460 1676 tihi,
1482 1631 1646 1679 eripiens
1673 1638 1707 1665 te
1725 1630 1772 1665 de
1785 1630 1928 1680 populo
1948 1638 1985 1666 et
2001 1631 2192 1680 gentibus,

1216 1691 1257 1724 in
1276 1702 1371 1739 quos
1386 1703 1487 1726 nunc
1498 1703 1565 1740 ego
1580 1692 1689 1726 mitto
1706 1699 1753 1735 te,
1768 1690 1831 1727 48.
1851 1700 1892 1727 ut
1903 1693 2054 1741 aperias
2067 1692 2198 1728 oculos

1215 1759 1359 1792 eorum,
1375 1755 1415 1783 ut
1427 1755 1704 1785 convertantur
1714 1762 1738 1784 a
1755 1751 1919 1786 tenebris
1930 1750 1983 1785 ad
1996 1750 2119 1786 lucem
2129 1757 2163 1786 el
2173 1763 2197 1785 a

1219 1815 1407 1858 potestate
1420 1816 1570 1844 satana,²
1586 1809 1640 1844 acl
1648 1809 1789 1853 Deum,
1805 1817 1846 1845 ut
1860 1811 2054 1859 accipiant
2066 1813 2195 1846 remis-

1215 1870 1680 1920 sionempeccatorum.Ac
1696 1869 1724 1906 si
1735 1869 1866 1907 diceret
1880 1869 1965 1907 :His
1977 1869 2196 1916 credidi‚hae

1214 1929 1350 1968 visione
1369 1943 1424 1966 me
1442 1929 1604 1979 adduxit,
1614 1939 1647 1967 et
1661 1930 1710 1967 sic
1730 1930 1917 1982 persuasit,
1934 1939 2054 1967 utnon
2074 1930 2197 1967 disser-

1215 2006 1302 2029 rem.
1316 1992 1375 2030 19.
1391 1992 1512 2039 Unde,
1520 2006 1588 2029 rex
1605 1992 1794 2043 Agrippa,
1810 1993 1961 2044 nonfui
1977 1992 2196 2028 incredulus

1216 2054 1359 2090 caelesti
1374 2054 1546 2099 visioni;
1563 2052 1625 2091 ΞΟ.
1643 2053 1711 2089 sed
1728 2054 1776 2089 iis
1788 2082 1797 2099 ,
1817 2055 1883 2103 qui
1903 2060 1991 2089 sunt
2007 2053 2197 2089 Damasci

1214 2116 1381 2164 primum
1395 2113 1473 2157 etJ
1473 2113 1718 2160 erosolymis,
1736 2121 1772 2149 et
1788 2115 1828 2148 in
1842 2126 1900 2149 om
1907 2126 1992 2149 nem
2004 2116 2197 2164 regionem.

1216 2174 1380 2221 Judoeoe,
1401 2181 1438 2209 et
1454 2174 1630 2223 gentibus
1647 2175 1932 2209 annuntiabam
1954 2182 1994 2209 ut
2009 2176 2198 2223 poeniten—

1169 2241 1193 2271 C
1219 2235 1312 2270 tiam
1347 2240 1527 2283 agerent,
1562 2240 1598 2268 et
1629 2240 1943 2269 converterentur
1977 2234 2031 2270 ad
2058 2234 2197 2282 Deum,

1217 2295 1337 2344 digna
1357 2294 1590 2344 poenitentia?
1616 2294 1952 2344 opera-facientes.
1982 2293 2056 2340 Qui
2089 2293 2198 2344 igitur

1215 2355 1302 2392 alios
1324 2353 1529 2391 erudiebam
1550 2353 1642 2390 circa
1666 2353 1775 2390 vitam
1797 2353 1992 2405 optimam,
2021 2355 2198 2403 quomodo

1217 2415 1401 2454 seditionis
1432 2424 1465 2452 et
1499 2414 1732 2452 contentionis
1763 2423 1887 2452 auctor
1920 2415 2095 2452 fuissem?
2130 2418 2194 2453 21.

1218 2479 1306 2514 Hac
1321 2489 1497 2514 excausa
1515 2489 1573 2511 me
1592 2475 1623 2512 J
1622 2475 1735 2522 ltdoei7
1749 2488 1835 2512 cum
1851 2489 1968 2513 essem
1984 2478 2025 2512 in
2041 2477 2195 2527 templo,

1217 2537 1529 2587 comprehensum
1549 2536 1753 2571 tentabant
1769 2535 1994 2586 interficere.
2022 2538 2085 2573 ΞΩ.
2107 2536 2197 2572 Au—

1217 2598 1312 2634 xilio
1333 2605 1462 2634 autem
1482 2596 1639 2646 adjutus
1656 2596 1732 2631 Dei
1742 2625 1751 2642 ,
1772 2609 1892 2646 usque
1909 2599 1949 2632 in
1970 2597 2198 2633 hodiernum

1218 2660 1318 2695 diem
1349 2665 1434 2702 sto,
1468 2656 1678 2707 testificans
1712 2658 1853 2692 minori
1883 2665 2000 2707 atque
2030 2660 2195 2708 majori,

1220 2719 1319 2755 nihil
1336 2726 1447 2754 extra
1476 2718 1628 2764 dicens,
1661 2730 1779 2766 quam
1807 2731 1854 2754 ea
1870 2747 1879 2763 ‚
1899 2732 1982 2768 quse
2003 2721 2198 2769 propheta?

1219 2780 1369 2830 loquuti
1397 2785 1486 2814 sunt
1503 2778 1650 2828 futura
1669 2790 1771 2822 esse,
1804 2786 1841 2814 et
1866 2780 2048 2825 blosses,
2079 2781 2143 2816 25.
2167 2783 2200 2817 si

1215 2851 1400 2891 passurus
1418 2838 1593 2874 Christus
1604 2865 1614 2883 ‚
1637 2838 1668 2873 si
1693 2839 1841 2887 primus
1857 2851 1904 2873 ex
1923 2842 2201 2877 resurrectione

1170 2908 1195 2936 D
1220 2908 1455 2936 mortuorum
1489 2898 1618 2934 lumen
1647 2899 1952 2935 annuntiaturus
1974 2907 2030 2935 &SC
2058 2901 2199 2950 ΡΟΡΠῘΟ

1220 2968 1256 2997 et
1276 2960 1462 3010 gentibus.
1485 2956 1597 3003 Vide,
1618 2965 1658 2992 ut
1690 2969 1804 2993 serino
1824 2957 1899 3007 ejus
1920 2957 2124 2996 adulatione
2144 2974 2201 2997 ca-

1219 3028 1314 3064 reat,
1342 3027 1375 3055 et
1394 3024 1511 3056 totum
1544 3016 1723 3053 adscribat
1750 3017 1836 3053 Deo.
1870 3017 1966 3055 Vide
1997 3027 2031 3055 et
2059 3019 2201 3057 dicendi

1218 3080 1445 3123 libertatem,
1468 3079 1542 3116 Sed
1571 3091 1692 3128 neque
1726 3091 1827 3115 nunc
1853 3079 1993 3116 desisto
2008 3095 2018 3128 5
2050 3080 2200 3119 firmita-

1219 3152 1288 3180 tem
1311 3158 1318 3178 z
1342 3145 1371 3178 A
1387 3140 1568 3193 prophetis
1591 3140 1794 3185 confirmor,
1819 3140 1889 3177 An
1911 3155 2096 3192 passurus
2106 3145 2198 3195 sue-

1219 3206 1268 3240 rit
1287 3203 1475 3246 Christus,
1505 3214 1558 3236 an
1570 3202 1719 3250 primus
1744 3214 1791 3236 eii·
1810 3204 2088 3239 resurrectione
2102 3217 2200 3240 mor-

1223 3270 1378 3298 tuorum
1413 3259 1540 3295 lumen
1576 3260 1624 3294 sit
1664 3261 2000 3303 arznzmcz'aturus;
2036 3275 2074 3298 ac
2107 3261 2196 3298 sidi-
