2502 3810
742 244 783 278 ῙΝ
823 244 962 278 El‘tsT.
1004 247 1062 276 ,10
1099 249 1206 278 nou.
1247 249 1400 279 1101111.
1441 251 1521 281 vu.
2068 236 2157 297 537

92 328 314 379 παράνομον,
333 328 379 367 Τί
398 316 470 376 οἶν,
494 329 532 365 ἂν
553 331 610 366 τοῦ
635 328 740 380 πυρὸς
760 328 878 367 τούτου
908 330 1106 374 δαπανητι-

91 390 244 441 κωτέραν
264 405 315 433 τις
334 389 419 442 φέρῃ
447 388 557 441 φλόγα
571 418 581 436 ,
599 388 661 435 τὴν
690 389 881 440 βασκανίαν
897 389 1009 443 λέγω)
1031 389 1108 441 οὐχὶ

89 449 191 487 λίθων
215 450 398 500 οἰκοδομὰς
414 452 644 502 καθαιροῦσαν
665 449 741 488 οὐδὲ
756 454 907 501 χρυσοῦν
923 450 1108 496 θυσιαστή-

90 525 160 560 ριον
180 511 507 557 κατασκάπτουσαν,
538 510 627 549 ἀλλὰ
649 510 688 548 τὸ
706 510 794 549 πολὺ
814 510 874 548 καὶ
893 514 960 548 τῶν
979 510 1105 562 τοίχων

88 570 146 608 καὶ
181 574 240 608 τοῦ
277 570 518 623 θυσιαστηρίου
551 570 770 622 τιμιώτερον,
799 573 867 608 τῶν
888 570 1106 608 διδασκάλων

88 630 151 677 τὴν
170 631 353 681 οἰκοδομὴν
375 631 633 683 ἀνατρέπουσαν
649 630 709 669 καὶ
725 630 993 681 λυμαινομένην,
1007 630 1108 673 ποίας

90 691 130 729 ἂν
149 691 200 738 εἴη
225 692 434 744 συγγνώμης
452 693 562 740 ἄξιος
581 692 643 739 Μὴ
664 692 731 743 γάρ
753 691 958 742 μοι’λεγέτω
972 708 1035 739 τις,
1055 690 1107 728 ὅτι

87 752 255 796 πολλάκις
269 753 497 805 ἐπιχειρήσας
513 755 573 791 οὐκ
589 752 728 804 ἴσχυσεν
744 768 751 775 ·
773 751 842 789 ἀπὸ
857 751 924 803 γὰρ
940 755 1003 798 τ’ἧς
1020 750 1107 802 γνώ-

89 829 159 863 μης
179 813 222 851 τὰ
244 813 434 865 πράγματα
463 813 639 864 κρίνεται·
668 812 745 850 ἐπεὶ
763 812 822 849 καὶ
842 815 860 849 6
879 811 995 850 Σαοὺλ
1017 811 1106 849 ἀπέ-

89 890 200 912 κτεινε
219 874 275 912 τὸν
299 875 408 912 Δαυὶδ
424 904 433 921 ,
467 873 573 911 εἶκαὶ
595 872 643 924 μὴ
664 872 841 923 ἐπέτυχεν.
863 873 940 909 Οὐκ
962 874 1106 918 ἐννοεῖς,

89 935 165 972 εἰπέ
182 951 251 985 μοι,
262 934 313 973 ὅτι
329 941 398 977 τοῖς
414 934 601 986 προὸάτοις
617 931 851 974 ἐπιὸουλεύεις
865 935 924 969 τοῦ
940 932 1107 993 Χριστοωῦ,

88 999 138 1047 τῷ
168 995 306 1044 ποιμένι
334 997 518 1045 πολεμῶν,
541 994 600 1031 καὶ
620 1000 690 1036 τοῖς
709 991 918 1044 προδοίτοις,
946 990 1032 1042 ὑπὲρ
1060 995 1107 1028 ὡν

86 1056 146 1092 καὶ
164 1056 203 1093 τὸ
223 1050 309 1106 αἷμα
330 1056 461 1106 ἐξέχεεν
481 1059 498 1092 6
514 1054 684 1106 Χριστὸς,
713 1053 771 1091 καὶ
790 1053 905 1090 πάντα
924 1052 982 1089 καὶ
998 1058 1106 1089 ποιεῖν

86 1115 147 1153 καὶ
159 1115 309 1167 πάσχειν
324 1118 417 1165 ἡμᾶς
432 1114 606 1152 ἐκέλευσεν
623 1130 631 1161 ;
650 1115 712 1151 οὐκ
729 1112 1008 1163 ἀναμιμνήσκεις
1025 1127 1107 1150 σαυ-

86 1176 156 1223 τὸν,
175 1175 226 1213 ὅτι
256 1179 273 1213 6
301 1174 361 1225 μὲν
385 1173 565 1220 Δεσπότης
593 1189 652 1212 σου
667 1173 729 1219 τὴν
748 1172 845 1217 δόξαν
860 1172 923 1219 τὴν
946 1172 1008 1218 σὴν
1027 1171 1106 1218 ἐζη-

86 1251 171 1282 τησε
185 1267 194 1283 ,
218 1235 276 1273 καὶ
293 1235 370 1286 οὐχὶ
392 1233 454 1281 τὴν
473 1236 593 1272 ἑαυτοῦ
609 1265 618 1282 ,
646 1233 687 1272 σὺ
707 1233 740 1271 δὲ
756 1236 794 1271 οὐ
812 1232 875 1280 τὴν
892 1238 952 1272 τοῦ
969 1232 1104 1271 Δεσπό-

86 1312 144 1334 του
165 1298 299 1343 ζητεῖς,
323 1294 412 1333 ἀλλὰ
432 1293 494 1341 τὴν
519 1297 661 1341 ἑαυτοῧ;
688 1294 812 1333 Καίτοι
834 1297 864 1332 εἷ
890 1293 952 1340 τὴν
974 1293 1104 1331 ἐκείνου

85 1355 229 1403 ἐζήτεις,
253 1355 331 1394 τότε
364 1355 404 1393 ἂν
432 1355 494 1393 καὶ
523 1357 585 1401 τῆς
606 1358 669 1402 σῆς
693 1354 878 1407 ἐπέτυχες·
898 1354 960 1400 τὴν
982 1353 1016 1391 δὲ
1040 1353 1104 1401 σὴν

87 1418 198 1463 ζητῶν
218 1417 286 1467 πρὸ
306 1419 367 1462 τῆς
386 1416 518 1453 ἐκείνου
531 1446 539 1460 ,
561 1415 636 1453 οὐδὲ
659 1414 786 1462 ταύτης
807 1414 990 1465 ἀπολαύσῃ
1007 1414 1104 1453 ποτέ.

85 1477 150 1520 Τίς
171 1470 227 1514 οἶν
250 1477 346 1515 ἔσται
375 1476 541 1530 θεραπεία
559 1476 704 1525 τούτου,
725 1478 833 1527 Κοινῇ
854 1476 981 1519 πάντες
1001 1475 1106 1519 εὐξώ-

1181 330 1362 368 ssammam
1393 331 1481 369 ferat
1514 331 1582 369 hoc
1614 332 1693 383 igne
1729 332 1957 383 voraciorem,
1985 332 2161 371 iuvidiam

1181 389 1276 440 dico,
1295 405 1374 441 quae
1393 405 1461 429 11011
1485 391 1636 430 aedificia
1660 393 1785 442 diruit,
1808 407 1878 431 11011
1904 408 2046 431 auream
2063 408 2161 431 aram

1180 451 1339 500 suffodit,
1358 452 1421 490 sed
1439 453 1533 504 quod
1548 462 1582 492 et
1601 454 1796 506 parietibus
1815 464 1850 493 et
1877 469 1937 493 ara
1955 455 2059 507 longe
2080 470 2161 507 pre·

1179 511 1303 551 tiosius
1329 523 1392 563 est,
1410 514 1596 552 doctorum
1617 515 1810 553 aedificium
1838 516 2011 554 subvertit
2030 526 2063 554 et
2082 531 2161 568 pes-

1180 573 1342 625 sumdat,
1363 589 1432 625 qua
1448 575 1509 613 1110
1527 576 1627 614 venia
1646 576 1777 628 dignus
1798 577 1887 615 erit?
1905 578 1959 615 Ne
1971 577 2061 615 mihi
2083 578 2163 628 quis

1179 634 1327 684 dixerit,
1351 636 1449 686 quod
1468 651 1558 689 saepe
1583 647 1727 676 conatus
1747 653 1815 676 non
1831 640 1986 691 potuerit
2009 655 2016 676 :
2041 654 2123 678 nam
2142 655 2161 678 a

1180 695 1364 733 voluntate
1398 711 1453 734 res
1479 697 1691 748 judicantur
1725 714 1732 734 :
1763 699 2052 749 quandoquidem
2076 702 2163 739 Saul

1181 769 1322 806 quoque
1337 757 1515 795 Davidem
1536 757 1723 807 interfecit,
1749 760 1886 797 etiamsi
1902 776 1976 799 rem
1997 776 2065 799 non
2085 777 2162 814 pcr-

1179 815 1310 853 fecerit.
1334 818 1459 854 Annon
1485 817 1635 868 cogitas,
1657 832 1789 868 quaeso,
1819 828 1853 856 te
1875 821 2001 858 ovibus
2030 822 2163 860 Christi

1180 874 1355 924 insidiari,
1376 876 1518 926 quaudo
1552 891 1633 914 cum
1662 887 1801 929 pastore
1831 893 1984 930 pugnas,
2016 882 2159 926 ovibus,

1181 934 1340 985 inquam,
1362 950 1427 987 pro
1440 936 1572 986 quibus
1593 937 1802 988 sanguinem
1821 952 1927 976 suum
1941 940 2104 979 Christus
2121 943 2166 979 ef-

1180 995 1285 1043 fudit,
1305 1004 1339 1032 et
1359 996 1479 1033 omnia
1498 1010 1561 1034 nos
1584 997 1699 1035 facere
1722 1007 1760 1035 et
1778 998 1854 1049 pati
1868 999 1999 1050 jussit?
2017 1014 2085 1038 non
2106 1016 2163 1038 re-

1179 1055 1351 1106 cordaris,
1375 1056 1470 1106 quod
1490 1057 1666 1095 Dominus
1681 1066 1764 1095 tuus
1783 1058 1935 1110 gloriam
1954 1069 2052 1098 tuam
2066 1076 2164 1111 ‹pize-

1179 1115 1291 1166 sierit,
1313 1130 1382 1154 non
1397 1118 1525 1155 suam?
1544 1119 1601 1155 Tu
1624 1133 1707 1157 vero
1727 1133 1796 1157 non
1811 1120 1909 1158 illius
1924 1121 2088 1172 gloriam,
2102 1124 2164 1161 sed.

1179 1187 1279 1215 tuam
1305 1179 1446 1229 quaeris.
1467 1180 1577 1231 Atqui
1601 1181 1631 1219 si
1664 1181 1762 1219 illius
1793 1182 1944 1234 gloriam
1977 1199 2165 1234 quaereres,

1178 1248 1263 1277 tunc
1276 1248 1375 1277 tuam
1392 1242 1655 1291 consequereris
1669 1257 1676 1278 t
1693 1242 1780 1280 dum
1796 1257 1880 1281 vero
1893 1244 1953 1282 illa
1966 1245 2168 1297 posthabita

1178 1307 1276 1337 tuam
1307 1301 1452 1351 quaeris,
1471 1315 1670 1352 numquam
1697 1303 1789 1341 113110
1822 1306 2030 1355 assequeris.
2061 1308 2169 1354 Quae-

1178 1374 1261 1398 nam
1276 1362 1342 1399 erit
1361 1361 1470 1414 hujus
1487 1363 1601 1400 morbi
1621 1363 1758 1402 medela
1771 1364 1787 1402 Ξ)
1801 1365 2026 1415 Conjunctim
2047 1382 2167 1406 omnes

1179 1435 1378 1473 precemur,
1404 1437 1583 1474 unamque
1612 1439 1675 1476 pro
1703 1425 1777 1463 illis
1802 1426 2004 1466 emittamus
2028 1443 2165 1477 vocem,

1179 1482 1282 1533 quasi
1300 1497 1365 1535 pro
1379 1485 1635 1535 energumenis.
1650 1486 1741 1523 Nam
1760 1486 1797 1523 hi
1821 1487 2058 1527 miserabilius
2077 1491 2168 1528 asfe-

87 1542 175 1588 μεθα
190 1569 199 1586 ,
219 1538 278 1576 καὶ
299 1537 380 1588 μίαν
399 1537 486 1588 ὑπὲρ
514 1539 624 1575 αὐτῶν
646 1536 885 1587 ἀνενέγκωμεν
906 1536 1034 1588 φωνὴν,
1061 1539 1107 1578 ὥς
1117 1561 1163 1585 [291
1181 1543 1229 1580 cti
1262 1553 1344 1582 sunt
1369 1559 1475 1595 quam
1506 1546 1574 1596 1111,
1594 1546 1678 1597 quia
1704 1547 1804 1585 furor
1830 1548 1892 1586 ille
1922 1564 1966 1587 ex
1987 1552 2167 1603 proposito

85 1598 170 1649 ὑπὲρ
190 1602 258 1636 τῶν
286 1597 550 1652 ἐνεργουμένων.
569 1598 638 1636 Καὶ
662 1597 730 1650 γὰρ
743 1601 756 1616 ³
773 1592 867 1636 οὗτοι
897 1596 1105 1648 ἀθλιώτερον
1131 1598 1155 1626 Α
1180 1614 1301 1642 manat
1317 1607 1539 1657 :precatione
1559 1607 1692 1659 quippe
1709 1623 1797 1660 opus
1813 1609 1990 1649 habethic.
2007 1613 2165 1659 morbus,

86 1659 275 1696 διάκεινται
295 1660 451 1706 ἐκείνων,
470 1657 539 1709 ὅσῳ
556 1658 614 1696 καὶ
633 1658 869 1711 προαιρέσεώς
885 1659 977 1696 ἐστιν
996 1661 1017 1704 ἡ
1038 1674 1104 1707 μα-

84 1718 151 1756 νία.
187 1721 304 1771 Εὐχῆς
331 1720 400 1773 γὰρ
428 1721 537 1757 δεῖται
561 1718 600 1756 τὸ
619 1719 757 1770 νόσημα
781 1722 881 1756 τοῦτο
897 1718 956 1756 καὶ
976 1720 1107 1765 πολλῆς

82 1782 144 1825 τῆς
160 1780 319 1826 δεήσεως.
335 1782 379 1818 Εἰ
391 1780 457 1831 γὰρ
473 1783 490 1818 ὃ
508 1778 555 1830 μὴ
573 1781 680 1831 φιλῶν
694 1780 750 1817 τὸν
768 1779 924 1831 ἀδελφὸν,
942 1778 1000 1817 ἐὰν
1016 1778 1105 1831 χρή-

85 1857 180 1890 ματα
210 1841 397 1893 *κενώσ-η,
423 1840 486 1878 κᾶν
508 1843 541 1878 ἐν
569 1839 750 1892 μαρτυρίῳ
779 1840 981 1892 διαλάμψῃ,
1010 1839 1106 1878 οὐδὲν

84 1901 177 1939 ἀνύει
202 1901 307 1940 πλέον
321 1917 328 1924 ·
350 1904 368 1939 ὃ
396 1901 456 1939 καὶ
481 1903 644 1952 πολεμῶν
662 1905 712 1952 τῷ
728 1900 835 1950 μηδὲν
850 1900 1033 1948 ἠδικηκότι
1050 1902 1105 1938 ἐν·

83 1961 205 2007 νόησον
223 1962 332 2010 πόσης
353 1962 391 1999 ἂν
413 1962 463 2009 εἴη
483 1962 654 2015 τιμωρίας
674 1962 778 2006 ἄξιος.
808 1956 921 2005 Οῧτος
943 1962 1002 2000 καὶ
1021 1961 1103 2000 Ἑλ,

82 2023 194 2069 λήνων
219 2024 358 2075 χείρων.
390 2026 434 2062 Εἰ
453 2024 520 2075 γὰρ
535 2024 573 2062 τὸ
590 2026 700 2076 φιλεῖν
717 2023 795 2066 τοὺς
808 2025 991 2074 φιλοῦντας
1009 2023 1102 2062 οὐδὲν

83 2085 184 2122 πλέον
202 2088 294 2134 ἡμᾶς
317 2083 456 2137 ἀφίησιν
474 2084 613 2122 ἐκείνων
630 2084 736 2135 ἔχειν,
757 2087 775 2122 6
788 2089 859 2127 τοῖς
874 2085 1012 2135 φιλοῦσι
1033 2087 1102 2134 βα-

84 2145 232 2183 σκαίνων
259 2149 325 2183 ποῦ
351 2145 529 2193 στήσεται,
556 2144 631 2183 εἰπέ
653 2160 734 2195 μοι;
755 2145 825 2183 Καὶ
839 2144 906 2198 γὰρ
924 2149 983 2183 τοῦ
1001 2146 1104 2183 πολε-

83 2212 160 2255 μεῖν
179 2205 292 2258 χεῖρόν
322 2209 394 2244 ἐστι
413 2206 452 2244 τὸ
468 2205 680 2256 βασκαίνειν.
706 2205 750 2244 ‘O
768 2205 830 2256 μὲν
845 2205 912 2257 γὰρ
926 2208 1102 2255 πολεμῶν,

81 2269 142 2312 τῆς
160 2266 271 2310 αἰτίας
285 2266 444 2312 λυθείσης
464 2267 506 2303 δι’
527 2267 569 2313 ἣν
591 2268 608 2303 6
627 2265 798 2316 πόλεμος,
819 2266 877 2304 καὶ
896 2265 957 2312 τὴν
976 2266 1102 2318 ἔχθραν

80 2327 268 2365 κατέλυσεν
285 2343 292 2350 ·
313 2331 330 2365 ὁ
356 2326 390 2365 δὲ
412 2327 584 2378 βάσκανος
600 2326 763 2364 οὐδέποτε
786 2327 825 2364 ἂν
846 2326 977 2377 γένοιτο
996 2326 1104 2378 φίλος.

79 2388 149 2426 Καὶ
168 2391 185 2426 ὁ
198 2387 261 2438 μὲν
277 2387 337 2435 τὴν
358 2387 476 2440 μάχην
491 2387 640 2440 φανερὰν
656 2386 901 2435 ἐπιδείκνυται,
919 2391 935 2426 6
951 2386 985 2425 δὲ
1004 2403 1101 2425 συνε-

79 2449 316 2499 σκιασμένην·
348 2449 406 2487 καὶ
437 2452 454 2487 ὅ
476 2448 538 2500 μὲν
571 2448 684 2486 αἰτίαν
704 2449 872 2492 πολλάκις
892 2448 964 2500 ἔχει
995 2450 1101 2486 εἰπεῖν

81 2509 220 2559 εὔλογον
239 2514 298 2547 τοῦ
315 2509 469 2560 πολέμου
482 2539 492 2558 ,
510 2512 529 2547 ὃ
549 2508 584 2547 δὲ
605 2510 701 2548 οὐδὲν
718 2508 832 2561 ἕτερον
853 2508 874 2556 ἢ
897 2508 1021 2560 μανίαν
1042 2509 1100 2547 καὶ

80 2568 220 2618 γνώμην
254 2569 456 2615 σατανικήν.
492 2569 573 2607 Τίνι
600 2563 656 2608 οὖν
691 2569 732 2608 ἅν
761 2586 813 2614 τις
842 2570 904 2617 τὴν
934 2569 1097 2617 τοιαύτην

79 2629 299 2681 (Ἱπαραὲάλοι
316 2629 452 2682 ψυχήν;
478 2629 561 2681 ποίᾳ
581 2630 718 2682 ἐχίδνης
747 2630 830 2683 ποίᾳ
849 2631 990 2677 ἇσπίδι;
1011 2630 1100 2682 ποίῳ

81 2690 253 2738 σκ(·’)ληκι;
274 2690 341 2728 τίνι
366 2690 548 2744 κανθάρῳ;
567 2691 660 2729 Οὔτε
675 2691 742 2743 γὰρ
759 2690 1001 2746 ἐναγέστερον,
1021 2691 1098 2729 οὔτε

79 2751 309 2805 πονηρότερόν
325 2768 359 2789 τι
373 2755 434 2798 τ’ἧς
450 2751 610 2798 τοιαύτης
628 2754 756 2804 ψυχῆς.
779 2755 892 2791 Τοῦτο
906 2752 984 2805 γὰρ,
1000 2757 1098 2791 τοῦτο

78 2811 141 2855 τὰς
163 2812 375 2859 Έκκλησίας
398 2812 561 2865 ἀνέτρεψε
579 2843 588 2860 ,
609 2817 709 2851 τοῦτο
739 2813 800 2856 τὰς
822 2813 970 2866 αἱρέσεις
989 2814 1098 2861 ἔτεκε,

78 2877 178 2911 τοῦτο
201 2873 387 2924 ἀδελφικὴν
412 2873 546 2912 ὥπλισε
568 2880 694 2926 χεῖρα,
724 2874 783 2912 καὶ
811 2873 934 2924 αἵματι
961 2874 1095 2912 δικαίου

81 2933 189 2976 δεξιὰν
211 2936 443 2984 βαπτισθῆναι
459 2934 614 2982 ἐποίησε,
631 2934 690 2973 καὶ
706 2934 830 2986 νόμους
847 2936 1020 2975 ἀνέσπασε
1038 2936 1095 2988 φύ-

78 3008 183 3037 σεως,
203 2994 261 3031 καὶ
275 2997 324 3045 τῷ
338 2994 474 3048 θανάτῳ
492 3011 552 3039 τας
569 2994 674 3047 θύρας
693 2995 832 3048 ἀνέῳξε,
851 2996 911 3034 καὶ
929 2996 993 3042 τὴν
1009 2996 1096 3049 ἀρὰν

79 3053 211 3099 ἐκείνην
234 3057 280 3098 εἷς
296 3055 392 3106 ἔργον
406 3055 515 3107 ἤγαγε
527 3085 536 3103 ,
555 3056 616 3094 καὶ
636 3056 714 3095 οὔτε
727 3056 859 3095 ὠδίνων
876 3056 953 3095 οὔτε
969 3057 1096 3108 γονέων

77 3113 155 3151 οὔτε
178 3114 282 3152 ἄλλου
305 3114 421 3159 ὲ’τινος
455 3118 719 3167 ἀναμνησθῆναι
751 3118 809 3156 τὸν
837 3118 953 3156 ἄθλιον
984 3119 1097 3156 εἴασεν

81 3181 206 3217 ἐκεῖνον
221 3209 230 3226 ,
248 3183 323 3218 ἀλλ’
343 3181 450 3226 οὕτως
470 3183 571 3221 αὐτὸν
589 3184 818 3237 ἐξεὸἄκχευσε
837 3184 896 3223 καὶ
917 3188 964 3228 εἶς
979 3189 1101 3224 τοσοῦ-

77 3261 134 3283 τον
155 3246 280 3297 ἤγαγεν
302 3241 455 3299 οἶστρον,
473 3251 519 3293 ὣς
537 3250 598 3287 καὶ
622 3255 681 3289 τοῦ
699 3253 791 3290 Θεοῦ
807 3254 1098 3304 παρακαλοῦντος

126 3361 137 3373 ³
160 3349 170 3391 [
189 3353 278 3388 οὕτως
296 3352 332 3381 Α.
352 3358 383 3382 01
398 3362 500 3395 marg.
519 3352 620 3386 53111.
637 3354 648 3395 ]

128 3407 139 3416 “
168 3405 177 3445 [
196 3408 351 3447 δικαιώσῃ
370 3402 506 3445 11110111]

1180 1674 1213 1703 et
1229 1667 1342 1704 multa
1372 1667 1643 1719 supplicatione.
1665 1670 1756 1706 Nam
1788 1670 1818 1707 si
1849 1670 1892 1717 is,
1922 1671 1984 1722 qui
2022 1673 2166 1711 fratrem

1181 1741 1250 1764 non
1270 1736 1380 1775 amat,
1401 1728 1430 1765 si
1451 1729 1617 1780 pecunias
1651 1730 1825 1778 effundat,
1858 1731 1887 1768 si
1915 1733 2092 1785 martyrio
2123 1735 2167 1771 11-

1180 1787 1362 1837 lustretur,
1383 1789 1475 1827 nihil
1491 1790 1605 1841 magis
1628 1791 1771 1842 proficit
1791 1807 1798 1828 ε
1829 1792 1889 1842 qui
1910 1792 2046 1831 bellum
2062 1795 2167 1833 infert

1179 1848 1222 1898 ei,
1248 1848 1310 1900 qui
1335 1848 1429 1887 nihil
1451 1850 1520 1887 sibi
1548 1851 1634 1888 mali
1663 1851 1796 1897 intulit,
1818 1852 1932 1904 cogita
1965 1864 2096 1904 quanto
2121 1857 2166 1893 sit

1179 1909 1354 1961 supplicio
1374 1910 1518 1961 dignus.
1542 1911 1609 1948 Hic
1625 1912 1817 1962 gentilibus
1832 1912 1984 1951 deterior
1998 1925 2059 1954 est.
2074 1917 2165 1954 Nam

1178 1969 1219 2018 si,
1241 1983 1322 2007 cum
1341 1984 1404 2008 nos
1435 1980 1592 2009 amantes
1614 1972 1813 2023 diligimus,
1833 1973 1926 2011 nihil
1947 1975 2027 2027 plus
2047 1976 2161 2014 habe-

1177 2044 1270 2081 mus,
1290 2045 1397 2081 quam
1427 2032 1481 2069 1111
1499 2048 1507 2068 :
1527 2033 1586 2083 qui
1613 2034 1816 2072 amantibus
1840 2049 1876 2072 se
1903 2035 2057 2086 invidet,
2074 2052 2157 2088 quo,

1175 2106 1306 2143 quaeso,
1324 2092 1359 2130 in
1379 2093 1456 2130 loco
1470 2094 1536 2131 crit
1551 2094 1567 2131 Ξ)
1584 2094 1682 2132 Bello
1694 2109 1847 2146 namque
1866 2097 2096 2148 perniciosior
2110 2109 2161 2138 est
2250 2108 2364 2136 Invidia

1175 2152 1326 2192 invidia.
1341 2155 1432 2191 Nam
1462 2154 1521 2204 qui
1542 2154 1679 2192 bellum
1700 2156 1801 2207 gerit,
1818 2171 1922 2195 031153
1956 2158 2042 2196 belli
2068 2160 2159 2198 sub—
2174 2148 2365 2217 kfggsmf‘s

1175 2214 1260 2259 lata,
1293 2215 1518 2253 inimicitiam
1547 2216 1716 2268 deponit,
1748 2218 1893 2257 invidus
1917 2230 2035 2259 autem
2053 2237 2160 2261 num—

1177 2289 1280 2326 quam
1304 2277 1414 2329 possit
1438 2278 1573 2316 amicus
1603 2293 1688 2317 esse.
1719 2280 1784 2318 Ille
1803 2280 1946 2332 quidem
1977 2284 2161 2323 manifesto

1175 2336 1270 2375 bello
1289 2338 1441 2390 impetit,
1463 2340 1522 2377 hie.
1550 2340 1688 2378 occulto
1711 2357 1718 2377 :
1740 2341 1799 2380 il¹e
1824 2356 1947 2381 causas
1976 2345 2106 2384 multas
2127 2356 2161 2384 et

1175 2399 1381 2450 probabiles
1399 2401 1549 2454 suscepti
1559 2401 1644 2440 belli
1660 2403 1818 2454 proferre
1838 2413 1971 2456 potest,
1992 2405 2050 2444 1110
2067 2420 2159 2445 non-

1177 2457 1244 2496 nisi
1272 2458 1427 2497 furorem
1447 2469 1480 2497 et
1501 2460 1693 2498 satanicam
1721 2462 1951 2501 voluntatem.
1982 2465 2048 2502 Cui
2076 2480 2160 2517 ergo

1174 2519 1280 2556 talem
1291 2519 1447 2557 animam
1463 2521 1748 2572 comparaveris?
1758 2522 1815 2559 cui
1828 2523 1960 2575 viperae
1973 2524 2157 2578 9011135111-

1175 2579 1212 2617 di
1223 2581 1240 2617 ἶ)
1255 2581 1312 2617 cui
1326 2581 1437 2619 vermi
1448 2581 1465 2618 Ξ)
1477 2582 1533 2619 0111
1548 2582 1742 2620 cantharo?
1753 2583 1956 2622 Nihilenim
1967 2587 2158 2634 scelestius,

1175 2640 1265 2678 nihil
1291 2640 1447 2678 deterius
1470 2641 1676 2693 hujusmodi
1701 2642 1832 2681 anima.
1848 2644 1922 2682 Hoc
1941 2646 2050 2696 enim,
2073 2647 2155 2694 hoe⁷

1173 2702 1332 2752 inquam,
1353 2701 1530 2740 Ecclesias
1546 2703 1733 2749 subvertit,
1754 2703 1822 2741 hoc
1837 2704 1987 2744 haereses
2002 2709 2154 2759 peperit,

1174 2763 1241 2801 hoc
1260 2764 1451 2800 fraternam
1463 2763 1616 2801 armavit
1630 2777 1775 2801 manum
1790 2772 1825 2801 et
1843 2764 1958 2804 effecit
1974 2776 2013 2804 ut
2026 2768 2061 2805 in
2077 2782 2155 2806 san-

1174 2825 1281 2877 guine
1295 2824 1383 2876 justi
1407 2824 1552 2862 dextera
1572 2834 1803 2876 mergeretur,
1830 2826 1994 2877 legesque
2019 2838 2156 2867 naturae

1173 2886 1429 2939 pessumdedit,
1446 2894 1478 2923 et
1505 2885 1609 2923 morti
1636 2895 1756 2937 portas
1775 2887 1928 2938 aperuit,
1949 2903 1991 2927 ac
2010 2891 2158 2928 maledi-

1174 2947 1326 2985 ctionem
1348 2947 1447 2985 illam
1467 2947 1514 2984 ad
1533 2961 1623 2998 opus
1652 2945 1831 2997 deduxit,-
1849 2962 1911 2986 nec
1939 2952 2099 3001 permisit
2121 2962 2160 2989 ut

1174 3008 1300 3045 infelix
1326 3008 1386 3046 ille
1405 3007 1650 3046 recordaretur
1668 3016 1790 3058 partus
1810 3009 1865 3046 sui
1894 3024 2006 3061 neque
2029 3027 2160 3064 paren—

1175 3077 1251 3106 tum
1279 3082 1393 3119 neque
1424 3067 1568 3105 alterius
1589 3068 1824 3119 cujusquam3
1846 3078 1879 3106 et
1906 3079 2003 3109 131110
2031 3073 2162 3111 furoris

1175 3129 1392 3180 insaniaeque
1412 3137 1518 3166 oestro
1541 3129 1670 3177 movit,
1698 3138 1736 3166 ut
1755 3129 1919 3168 hortante
1941 3133 2015 3170 Deo
2038 3148 2078 3171 ac
2099 3134 2161 3172 di-

1173 3200 1270 3228 cente
1293 3206 1300 3226 :
1324 3190 1395 3227 Ad
1414 3198 1449 3226 te
1479 3192 1550 3227 erit
1580 3192 1771 3240 appetitus
1792 3192 1887 3242 ejus,
1923 3201 1957 3230 et
1979 3202 2019 3231 tu
2041 3196 2163 3233 domi·
2183 3206 2252 3232 (lew
2270 3206 2284 3241 ί,
2313 3213 2345 3241 7.

1177 3253 1330 3288 naberis
1351 3250 1471 3296 illius,
1501 3263 1543 3286 ne
1565 3249 1616 3286 sic
1647 3248 1792 3299 quidem
1825 3251 1973 3290 cederet.
1996 3256 2104 3306 Atqui
2133 3266 2165 3294 et

1198 3365 1210 3379 ἢ
1233 3353 1349 3386 Codex
1367 3365 1448 3385 unus
1467 3357 1651 3397 παραέαὶεὶ,

1200 3408 1215 3431 b
1239 3407 1249 3446 [
1266 3407 1299 3437 A.
1319 3414 1350 3437 et
1366 3416 1478 3449 margo
1497 3405 1597 3439 53111,
1620 3409 1731 3445 οὐδενός
1749 3418 1807 3449 pro
1820 3409 1922 3450 itt-153]

1951 3452 2011 3489 08.
