2502 3810
752 285 793 313 IN
833 283 973 313 liviss-

119 369 318 418 εὐάρεστον,
342 370 362 413 ἡ
391 366 492 412 καινὴ
524 364 694 403 πολιτεία.
722 366 791 403 Καὶ
817 364 882 415 γὰρ
909 363 1050 415 λογικὴν
1081 363 1135 399 ὅτε

118 429 264 467 ἐκάλεσε
282 427 456 479 λατρείαν,
472 427 556 479 πρὸς
573 425 706 472 ἐκείνην
723 425 1012 463 ἀντιδιαστέλλων
1030 422 1135 468 αὐτὴν

118 489 224 533 οὕτως
239 488 411 538 ὠνόμασε.
431 488 534 539 Λέγω
553 486 619 540 γὰρ
637 487 693 524 διὰ
714 489 775 532 τ’ἦς
788 485 930 538 χάριτος
946 489 1006 531 τῆς
1027 483 1136 522 δοθεί-

114 565 177 596 σης
208 564 287 601 μοι,
320 548 425 586 παντὶ
450 552 500 601 τῷ
529 548 600 585 ὄντι
623 549 657 585 ἐν
687 550 788 597 ὑμῖν,
825 545 873 596 μὴ
911 549 1134 597 ὑπερφρονεῖν

115 611 196 663 παρ’
221 610 308 648 &Sat
338 614 494 661 φρονεῖν,
523 607 612 646 ἀλλὰ
639 613 772 659 φρονεῖν
798 609 845 650 εἰς
865 606 903 643 τὸ
935 610 1134 656 σωφρονεῖν,

117 671 254 722 ἑκάστῳ
269 672 314 712 ὣς
331 673 348 708 ὁ
363 671 450 712 Θεὸς
472 669 608 722 ἐμέρισε
632 668 755 720 μέτρον
776 665 1136 717 πίστεως.”Ανωτε’ρω

119 731 223 769 εἰπὼν
235 761 244 776 ,
263 730 330 768 Δια
347 733 415 768 τῶν
433 733 620 782 οἰκτιρμῶν
633 732 692 766 τοῦ
713 730 804 767 Θεοῦ
824 728 1019 779 παρακαλῶ
1035 729 1052 762 ὑ
1058 732 1137 776 μᾶς,

119 794 265 830 ἐνταῦθα
282 791 386 830 πάλιν
415 791 532 843 λέγει,
555 790 622 829 Διὰ
647 793 708 836 τῆς
734 789 887 841 χάριτος.
917 787 1014 839 “Ὀρα
1043 788 1139 824 διδα-

120 853 249 890 σκάλου
276 851 613 904 ταπεινοφροσύνην,
638 850 700 901 ὅρα
729 848 872 900 γνώμην
894 846 1139 896 κατεσταλμέ-

121 928 194 960 νην.
217 913 382 962 Οὐδαμοῦ
402 912 521 950 ἑαυτὸν
542 910 738 954 ἀξιόπιστον
762 903 848 946 εἶναί
872 924 956 959 φησι
976 907 1060 958 πρὸς
1078 906 1141 952 τὴν

124 973 287 1018 τοιαύτην
307 973 511 1026 παραίνεσιν
538 972 596 1010 καὶ
618 969 818 1021 συμθόυλήν
836 985 844 992 ·
866 968 956 1006 ἀλλὰ
975 967 1058 1006 ποτὲ
1080 966 1142 1017 μὲν

122 1033 200 1076 τοὺς
218 1033 417 1085 οἷκτιρμοὺς
435 1037 494 1070 τοῦ
514 1034 605 1070 Θεοῦ
621 1029 890 1082 παραλαμὸοἱνει
912 1030 986 1078 μεθ’
1002 1031 1143 1074 ἑαυτοῦ,

123 1094 204 1132 ποτὲ
229 1093 262 1131 δὲ
285 1092 348 1138 τὴν
368 1092 484 1144 χάριν.
505 1093 557 1129 Οὐ
575 1090 642 1142 γὰρ
658 1090 739 1140 ἐμὸν
766 1089 866 1140 λόγον
890 1088 999 1139 λέγω,
1020 1087 1143 1139 φησὶν,

125 1153 215 1191 ἀλλὰ
229 1152 286 1189 τὸν
300 1153 367 1190 ἀπὸ
380 1157 439 1190 τοῦ
458 1153 563 1189 Θεοῦ.
586 1151 655 1188 Καὶ
675 1152 736 1187 οὐκ
753 1143 848 1195 εἷπε,
865 1148 956 1199 λέγω
974 1148 1040 1199 γὰρ
1063 1150 1145 1198 ὑμῖν

123 1212 179 1250 διὰ
205 1216 267 1258 τῆς
283 1211 405 1263 σοφίας
423 1216 483 1249 τοῦ
502 1213 594 1249 Θεοῦ
607 1241 616 1258 ,
636 1209 728 1261 λέγω
747 1209 815 1262 γὰρ
835 1212 916 1260 ὑμῖν
934 1208 989 1246 διὰ
1005 1212 1066 1256 τῆς
1093 1224 1146 1247 νο-

125 1272 288 1323 μοθεσίας
304 1276 362 1310 τοῦ
385 1269 494 1319 Θεοῦ,
514 1270 622 1318 ἀλλὰ,
646 1270 715 1308 Διὰ
731 1274 794 1316 τῆς
808 1270 951 1323 χάριτος
967 1285 974 1293 ·
995 1273 1148 1322 συνεχῶς

123 1337 191 1371 τῶν
212 1335 414 1385 εὐεργεσιῶν
438 1333 713 1383 ἀναμιμνήσκων
726 1362 735 1378 ,
756 1330 846 1370 ὥστε
872 1330 1148 1382 εὐγνωμονεστέ-

130 1410 206 1446 ρους
219 1397 378 1441 ποιῆσαι,
391 1392 450 1430 καὶ
462 1392 570 1436 δεῖξαι
581 1392 641 1430 καὶ
655 1392 764 1443 ταύτῃ
778 1391 981 1434 ὑπευθύνους
998 1391 1097 1435 ὄντας
1107 1395 1149 1443 τῇ

126 1458 195 1492 τῶν
205 1453 401 1505 λεγομένων
416 1456 568 1504 ὑπακοῇ.
578 1452 693 1490 Παντὶ
707 1455 756 1504 τῷ
770 1452 842 1489 ὄντι
853 1453 887 1489 ἐν
898 1452 1092 1505 ὑμῖν.Οὖχί
1103 1454 1152 1503 τῷ

128 1516 210 1553 δεῖνι
230 1515 288 1552 καὶ
310 1516 359 1565 τῷ
377 1514 460 1551 δεῖνι
478 1513 600 1564 μόνον,
615 1512 705 1551 ἀλλὰ
721 1513 780 1550 καὶ
803 1513 946 1565 ἄρχοντι
970 1512 1030 1550 καὶ
1047 1515 1153 1565 ἀρχο-

131 1574 238 1626 μένῳ,
259 1573 320 1612 καὶ
336 1573 446 1625 δούλῳ
465 1573 524 1610 καὶ
544 1573 723 1625 ἐλευθέρῳ,
739 1573 798 1611 καί
817 1572 938 1624 ἰδιώτῃ
962 1573 1022 1611 καὶ
1043 1576 1154 1625 σοφῷ,

131 1635 190 1672 καὶ
217 1633 355 1685 γυναικὶ
381 1634 440 1672 καὶ
471 1633 594 1685 ἀνδρὶ,
614 1634 673 1672 καὶ
692 1634 757 1687 νέῳ
776 1634 836 1671 καὶ
865 1634 1023 1685 γέροντι·
1044 1633 1155 1677 κοινὸς

132 1695 198 1746 γὰρ
219 1689 315 1738 οῦτος
330 1698 347 1732 ὃ
363 1694 484 1745 νόμος,
500 1694 620 1742 ἐπειδὴ
642 1694 701 1732 καὶ
720 1693 933 1737 δεσποτικός.
961 1693 1066 1733 Οὕτω
1096 1693 1155 1732 καὶ

133 1758 314 1807 ἀνεπαχθῆ
332 1760 482 1793 ποιεῖται
504 1755 561 1794 τὸν
580 1755 682 1808 λόγον
695 1787 704 1803 ,
721 1762 808 1793 πᾶσι
833 1755 1008 1808 προτιθεὶς
1032 1754 1076 1793 τὰ
1102 1757 1154 1793 δι-

135 1817 297 1868 δάγματα
311 1845 320 1862 ,
338 1815 482 1858 καὶτοῖς
500 1817 562 1854 οὒκ
576 1811 669 1854 οῧσιν
688 1816 907 1865 ὑπευθύνοις,
927 1815 983 1854 ἵνα
1004 1819 1035 1855 οἱ
1052 1816 1155 1855 ὑπεύ-

136 1882 229 1916 θυνοι
249 1876 311 1923 τὴν
340 1876 504 1922 τοιαύτην
533 1876 734 1927 ἐπιτίμησιν
762 1877 822 1915 καὶ
850 1877 1031 1929 διόρθωσιν
1060 1880 1156 1916 εὔκο-

1015 281 1073 311 AD
1112 281 1216 310 Rom.

1259 278 1412 308 noi-iit.
1455 276 1528 305 xx.
2092 254 2172 312 73⁵

1211 369 1307 398 ictus
1331 359 1411 397 vitae
1436 358 1525 395 ratio
1541 387 1552 402 ‚
1573 365 1606 392 at
1630 368 1696 391 non
1723 352 1922 405 pia-ripun,
1953 349 2012 388 scd
2043 358 2185 401 propter

1207 421 1351 458 illorum
1372 419 1612 456 infirmitatem
1633 428 1791 454 concessa
1809 413 1931 464 :quod
1955 421 2073 449 autem
2106 424 2186 462 per-

1206 483 1333 519 fectum
1352 489 1385 518 ct
1405 481 1481 517 Deo
1496 478 1666 530 placitum
1683 484 1752 522 est,
1779 488 1913 512 novum
1932 472 2022 510 illud
2037 481 2087 510 est
2105 471 2185 509 vitae

1209 541 1426 578 institutum.
1446 540 1537 576 Nam
1555 551 1636 574 eum
1656 533 1901 574 rationabilem
1923 532 2059 570 cultum
2081 529 2186 577 dixit,

1207 611 1245 639 ut
1269 602 1372 638 illum
1399 614 1419 637 a
1440 598 1549 637 veteri
1575 598 1673 634 cultu
1698 595 1930 646 distingueret
1952 594 2001 632 ita
2032 592 2186 631 vocavit.

1208 663 1245 699 5.
1266 663 1363 699 Dico
1384 662 1484 697 enim
1505 672 1572 709 per
1589 659 1773 709 gratiam,
1793 670 1878 707 quse
1894 656 1988 691 data
2005 662 2059 691 est
2080 653 2188 701 milti,

1209 725 1314 760 omni
1333 722 1510 758 versanti
1534 721 1635 755 inter
1653 731 1737 762 vos,
1767 725 1807 753 ut
1834 730 1879 752 ne
1895 716 2013 752 altius
2035 716 2185 765 sapiat,

1210 796 1328 833 qztam
1347 788 1517 832 operteat
1542 792 1675 829 sapere
1690 793 1706 821 ;
1721 777 1789 813 sed
1813 778 1868 812 ila
1896 778 2036 826 sapiat,
2061 783 2099 811 ut
2118 787 2192 825 par

1210 853 1266 881 est
1293 856 1438 894 sapere,
1480 849 1520 877 ut
1550 840 1757 889 unicuique
1789 838 1894 873 Deus
1940 838 2105 886 partitus
2136 843 2191 872 est

1212 915 1432 940 mensuram
1479 901 1566 939 ulei.
1594 899 1710 948 Supra
1736 896 1889 946 dixerat,
1924 897 2000 932 Per
2030 898 2191 932 misera-

1213 966 1337 1001 tiones
1357 963 1434 999 Dei
1461 963 1616 997 obsecro
1636 972 1707 995 vos
1723 974 1738 1003 ,·
1757 957 1816 993 liic
1835 970 1974 1006 quoquc
1994 955 2103 1004 dicit,
2118 957 2196 992 Ρω-

1210 1026 1393 1075 gratiam.
1412 1020 1505 1061 Vide
1517 1018 1671 1057 doctoris
1686 1017 1924 1054 humilitatem
1941 1046 1951 1065 ,
1972 1016 2055 1054 tide
2068 1016 2197 1053 demis-

1214 1098 1292 1121 sum
1307 1083 1478 1120 animum.
1497 1081 1681 1130 Nusquam
1701 1092 1736 1115 se
1751 1077 1823 1114 side
1841 1076 1989 1128 dignum
2010 1090 2082 1113 esse
2098 1075 2198 1121 dicit,

1215 1145 1251 1182 in
1285 1145 1347 1182 tali
1375 1144 1519 1181 hortatu
1551 1150 1584 1179 et
1604 1138 1854 1189 consilio350d
1870 1137 1974 1175 modo
2004 1136 2201 1174 miscricor-

1216 1208 1315 1245 diam
1349 1207 1436 1254 Dei,
1464 1205 1571 1244 modo
1599 1204 1749 1255 gratiam
1781 1202 1930 1242 advocat
1956 1201 2000 1239 ad
2028 1201 2135 1239 sidem
2153 1201 2204 1237 sa-

1216 1268 1391 1308 cicndam.
1421 1267 1501 1305 Non
1527 1280 1627 1304 meus
1654 1274 1706 1302 est
1725 1278 1861 1313 sermo,
1888 1263 2019 1313 inquit,
2056 1262 2117 1300 sed
2136 1263 2204 1303 Dei

1219 1340 1281 1369 est.
1301 1333 1425 1381 Neque
1439 1329 1556 1378 dixit,
1581 1327 1672 1365 Dico
1690 1326 1795 1364 vobis
1814 1340 1877 1378 per
1895 1324 2105 1377 sapientiam
2120 1323 2201 1370 Dei,

1219 1406 1296 1439 nee,
1331 1392 1422 1429 Dico
1443 1390 1547 1429 vobis
1568 1403 1632 1441 per
1659 1388 1772 1439 legem
1793 1387 1944 1439 positam
1967 1400 1987 1423 a
2010 1387 2106 1435 Deo;
2128 1384 2204 1434 sed,

1219 1455 1320 1492 Dico
1356 1455 1468 1490 vobis
1498 1465 1566 1503 per
1594 1452 1764 1502 gratiam
1786 1450 2007 1499 :frequenter
2038 1446 2208 1484 beneficia

1219 1527 1522 1561 commemorans,
1543 1521 1582 1549 ut
1604 1509 1774 1562 gratiores
1793 1509 1931 1554 reddat,
1952 1518 1985 1546 ct
1996 1518 2034 1546 ut
2048 1507 2209 1546 ostendat

1220 1575 1304 1613 hinc
1340 1574 1468 1612 dehere
1512 1573 1593 1610 illos
1640 1570 1747 1608 (lictis
1790 1570 1948 1620 obsequi.
1994 1571 2210 1620 Unicuique

1222 1638 1400 1674 versanti
1431 1637 1534 1672 inter
1566 1647 1651 1670 vos.
1691 1633 1771 1669 Non
1807 1630 1861 1668 illi
1895 1630 1951 1668 vel
1982 1630 2035 1666 illi
2056 1638 2206 1675 tantum,

1224 1696 1285 1734 sed
1316 1695 1486 1748 principi,
1518 1693 1678 1743 subdito,
1716 1706 1832 1741 servo,
1863 1691 1989 1740 libero,
2024 1690 2142 1728 idiotae
2179 1698 2213 1727 et

1221 1759 1371 1811 sapienti
1393 1789 1403 1807 ‚
1422 1757 1564 1795 mulieri
1595 1770 1636 1794 ac
1668 1755 1764 1805 viro,
1792 1754 1917 1806 juveni
1940 1763 1972 1792 et
2001 1753 2094 1791 seni:
2117 1767 2214 1791 com-

1226 1820 1346 1858 munis
1374 1819 1468 1858 enim
1486 1819 1564 1856 haec
1586 1818 1645 1855 lex
1673 1826 1737 1868 est,
1770 1816 1853 1866 quia
1875 1825 1907 1853 et
1936 1815 2138 1853 Dominica.
2160 1816 2215 1852 Ita

1225 1898 1423 1922 sermonem
1456 1896 1527 1920 non
1560 1894 1748 1920 onerosum
1782 1879 1915 1927 reddit,
1949 1879 2114 1917 omnibus
2148 1877 2215 1915 do-

307 1945 311 1950 «
330 1937 338 1949 ,
516 1939 526 1947 ,
632 1940 643 1949 ,

131 1938 282 1989 λώτῑρῡν
303 1936 480 1981 δεξί’)νῒαῑ·
500 1937 568 1975 Καὶ
586 1938 620 1975 τί
634 1937 757 1990 Λέγεῑς,
779 1937 854 1976 εἶπέ
872 1954 950 1989 μοις
972 1939 1033 1985 Μὴ
1053 1943 1156 1992 ὓπερ·
1177 1949 1201 1978 D
1223 1945 1374 1983 ctrinam
1390 1958 1615 1996 proponens,
1645 1942 1753 1980 etiam
1776 1941 1819 1978 iis
1845 1940 1905 1990 qui
1941 1949 2022 1977 sunt
2053 1939 2215 1987 innoxii,

134 2006 266 2050 φρονεῖν
301 2000 384 2050 παρ’
419 1998 436 2035 ὂ
469 2000 518 2037 δεῖ
554 2005 701 2050 φρονεῖν.
730 1999 806 2046 Τὴν
841 2000 977 2052 μητέρα
1011 2001 1157 2038 ἐνταῦθα

135 2060 266 2111 εἰσάγει
282 2062 348 2096 τῶν
373 2061 531 2111 ἀγαθῶν,
552 2059 613 2106 τὴν
635 2060 970 2112 ταπεινοφροσύνην,
989 2060 1047 2098 τὸν
1064 2060 1158 2098 διδοί-

136 2121 263 2157 σκαλον
283 2120 340 2157 τὸν
358 2122 480 2158 ἑαυτοῦ
508 2119 733 2170 μιμούμενος.
758 2121 924 2173 Καθάπερ
942 2121 1008 2172 γὰρ
1031 2122 1159 2164 ἐκεῖνος

137 2183 184 2223 εἷς
202 2180 240 2218 τὸ
258 2180 333 2232 ὄρος
361 2180 509 2228 avagia,
534 2180 669 2219 καὶτὸν
698 2180 818 2227 ἠθικὸν
844 2181 981 2232 μέλλων
1005 2182 1158 2234 ὑφαίνειν

136 2240 250 2290 λόγον,
270 2243 424 2278 ἐντεῦθεν
444 2240 573 2293 ἤρξατο
589 2244 748 2294 πρῶτον,
770 2242 828 2279 καὶ
849 2246 959 2280 ταῦτα
986 2243 1160 2280 κατέὸαλε

137 2300 180 2338 τὰ
208 2301 369 2351 θεμέλια,
401 2300 489 2339 οὕτω
524 2301 634 2352 λέγων
652 2317 659 2324 ·
682 2302 859 2352 Μακάριοι
880 2303 911 2340 οἱ
943 2302 1079 2354 πτωχοὶ
1109 2305 1158 2354 τῷ

138 2361 310 2411 πνεύματι
329 2377 336 2384 ·
357 2361 446 2400 οὕτω
466 2361 525 2399 καὶ
547 2362 646 2405 αὐτὸς
671 2362 739 2400 ἀπὸ
764 2365 832 2400 τῶν
857 2365 1077 2415 δογματικῶν
1101 2365 1159 2402 ἐπὶ

137 2422 181 2460 τὰ
210 2421 407 2473 ἦθικώτερα
435 2426 493 2461 νῦν
514 2423 642 2470 ἕκὸὰς,

676 2423 744 2437 ’xlx

672 2423 805 2468 εοιοαξε
836 2424 897 2475 μὲν
926 2424 1072 2463 καθόλου
1096 2425 1157 2473 τὴν

140 2481 265 2533 ἀρετὴν
280 2512 289 2529 ,
315 2482 378 2528 τὴν
402 2483 604 2534 θαυμαστὴν
628 2484 745 2522 θυσίαν
766 2487 849 2536 παρ’
879 2487 979 2535 ἡμῶν
1008 2486 1160 2532 ἀπαιτή-

140 2557 202 2583 σας
223 2557 230 2565 ·
271 2541 408 2592 μέλλων
445 2542 480 2581 δὲ
519 2544 630 2589 αὐτὴν
664 2545 755 2583 κατὰ
790 2545 892 2598 μέρος
929 2546 1160 2600 ὑπογράφειν,

140 2601 259 2653 ὥσπερ
286 2602 353 2640 ἀπὸ
373 2605 544 2654 κεφαλῆς,
570 2606 633 2649 τῆς
653 2606 968 2658 ταπεινοφροσύνης
995 2606 1158 2659 ἄρχεται,

142 2662 201 2700 καί
229 2678 331 2714 φησι,
352 2662 414 2709 Μὴ
431 2667 655 2716 ὑπερφρονεῖν
675 2668 757 2717 παρ’
780 2666 797 2703 ὃ
820 2667 869 2703 δεῖ
884 2673 1018 2718 φρονεῖν
1035 2683 1042 2690 ·
1059 2672 1160 2705 τοῦτο

142 2722 208 2775 γάρ
227 2724 299 2760 ἐστι
318 2722 357 2760 τὸ
379 2724 515 2774 θέλημα
542 2729 601 2763 τοῦ
621 2727 713 2763 Θεοῦ
729 2741 736 2748 ·
759 2725 862 2765 Ἀλλὰ
882 2732 1015 2778 φρονεῖν
1046 2729 1092 2771 εἷς
1123 2729 1162 2766 τὸ

143 2789 340 2835 σ.ι)φρονεῖν,
360 2783 409 2822 ⁰0
430 2784 464 2822 δὲ
483 2785 587 2837 λέγει,
606 2786 757 2825 τοιοῦτόν
773 2790 877 2826 ἐστιν·
895 2787 1063 2838 ἐλοίὸομεν
1082 2787 1165 2840 φρί-

142 2859 263 2890 νησιν,
283 2846 347 2896 οὐχ
368 2843 424 2882 ἵνα
453 2846 500 2889 εἷς
527 2846 691 2885 ἀπόνοιαν
717 2850 802 2898 αὐτῇ
823 2848 1056 2900 χρησώμεθα,
1087 2851 1162 2887 ἀλλ’

142 2902 198 2941 ἵνα
216 2906 267 2955 εἷς,
281 2905 518 2957 σωφροσύνην.
541 2907 615 2945 Καὶ
642 2910 702 2946 οὐκ
721 2903 838 2957 εἶπεν,
859 2911 906 2952 εἰς
933 2910 972 2948 τὸ
1000 2925 1165 2948 ταπεινο-

143 2970 290 3014 φρονεῖν,
306 2967 401 3013 ἀλλ’,
421 2967 482 3010 Εἷς
496 2967 536 3006 τὸ
552 2975 740 3020 σωφρονεῖν
757 2985 764 2993 ·
783 2970 1006 3022 σωφροσύνην
1023 2973 1168 3009 ἐνταῦθα

146 3024 275 3074 λέγων,
296 3026 332 3063 οὖ
356 3025 418 3072 τὴν
447 3029 817 3080 ἀντιδιαστελλομὲνην
837 3033 880 3082 τῇ
906 3031 1069 3083 ἀσελγείᾳ
1089 3035 1169 3083 ἀρε-

146 3084 222 3130 τὴν,
244 3085 319 3124 οὐδὲ
339 3087 378 3125 τὸ
401 3089 628 3141 ἀπηλλάχθαι
649 3092 860 3139 ἀκολασίας,
882 3092 972 3130 ἀλλὰ
991 3093 1030 3130 τὸ
1049 3091 1168 3144 νήφειν

148 3145 205 3181 καὶ
228 3145 388 3194 ὑγιαῖνειν
405 3149 494 3186 κατὰ
517 3150 666 3189 διάνοιαν
685 3168 691 3175 ·
713 3153 854 3204 καὶγὰρ
882 3154 941 3192 καί
968 3159 1068 3192 τοῦτο
1098 3169 1167 3191 σω-

147 3204 298 3256 φροσύνη
330 3206 467 3258 λέγεται
501 3210 569 3248 ἀπὸ
597 3216 656 3250 τοῦ
687 3213 780 3256 σώας
813 3214 905 3266 ἔγειν
942 3214 1004 3257 τὰς
1032 3214 1168 3267 φρένας.

150 3264 293 3308 Δεικνὺς
310 3266 422 3304 τοίνυν
437 3298 446 3315 ,
461 3268 514 3307 ὅτι
530 3271 586 3309 τὸν
603 3271 651 3322 μὴ
675 3274 904 3325 μετριάζοντα
932 3274 1007 3313 οὐδὲ
1028 3291 1168 3327 σωφρο-

150 3331 216 3363 νεῖν
237 3325 286 3364 ἔνι
303 3356 312 3374 ,
333 3328 510 3376 τουτέστι,
533 3333 786 3380 καθεστηκέναι
805 3334 863 3372 καὶ
879 3335 1061 3386 ὑγιαίνειν,
1082 3336 1172 3374 ἀλλὰ

151 3391 345 3441 παραπαίει
367 3393 425 3431 καὶ
443 3394 623 3442 ἐξέστηκεν
639 3400 656 3435 ὃ
673 3404 824 3443 τοιοῦτος
837 3431 846 3448 ,
863 3401 921 3438 καὶ
943 3403 1174 3454 παραπλῆγος

154 3455 282 3501 παντός
309 3459 382 3496 ἐστι
405 3461 660 3514 μανικώτερος,
689 3466 914 3517 σωφροσύνην
943 3467 1087 3507 ἐκάλεσε
1112 3468 1174 3515 τὴν

1227 2015 1266 2043 ut
1303 2006 1366 2056 qui
1398 2005 1499 2043 noxii
1544 2013 1627 2042 sunt
1661 2002 1913 2040 correctionem
1944 2001 2043 2038 illam
2076 1999 2218 2037 facilius

1227 2067 1420 2119 excipiant.
1441 2066 1488 2104 Et
1505 2064 1605 2117 quid,
1619 2078 1752 2115 quaeso,
1773 2062 1894 2100 dicis?
1920 2064 1978 2100 Ne
1998 2064 2082 2113 quis
2099 2062 2217 2098 alcius

1225 2130 1368 2180 sapiat,
1398 2142 1517 2180 quam
1549 2134 1724 2178 oporteat
1743 2138 1888 2177 sapere.
1921 2125 2073 2163 Matrem
2106 2122 2216 2160 bono-

1227 2204 1309 2227 rum
1328 2190 1387 2227 hic
1407 2188 1559 2237 inducit,
1574 2186 1827 2235 humilitatem,
1841 2194 2094 2238 praeceptorem
2112 2198 2218 2221 suum

1227 2251 1397 2290 imitatus.
1443 2247 1761 2298 Quemadmodum
1795 2246 1890 2284 enim
1934 2246 1994 2283 ille
2031 2259 2219 2283 conscenso

1227 2321 1359 2360 monte,
1382 2311 1554 2349 moralem
1571 2322 1769 2347 sermonem
1786 2307 1975 2344 habiturus
1986 2337 1996 2355 ‚
2021 2306 2104 2361 hinc
2120 2321 2220 2345 orsus

1226 2380 1292 2421 cst,
1312 2381 1345 2410 et
1364 2371 1443 2409 haec
1457 2370 1686 2408 fundamenta
1701 2367 1821 2421 posuit
1835 2367 1956 2405 dicens
1970 2384 1976 2405 :
1996 2369 2110 2405 Beati
2119 2381 2217 2420 pau-

1223 2448 1331 2486 peres
1360 2436 1522 2485 spiritu;
1543 2432 1593 2470 sic
1628 2440 1662 2469 ct
1683 2430 1816 2469 Paulus
1844 2444 1939 2469 nunc
1961 2444 1981 2467 a
2010 2429 2224 2480 dogmaticis

1227 2495 1272 2532 ad
1297 2495 1469 2532 moralem
1497 2492 1694 2531 orationem
1714 2491 1900 2541 transiens,
1929 2490 2122 2530 universim
2145 2490 2223 2540 qui-

1228 2555 1311 2593 dem
1342 2556 1514 2594 virtutem
1532 2553 1670 2601 docuit,
1701 2552 1905 2589 mirabilem
1929 2551 2082 2589 hostiam
2104 2565 2121 2589 a
2154 2565 2223 2588 no-

1229 2616 1285 2654 bis
1319 2625 1486 2668 expetens
1508 2630 1520 2665 3
1544 2629 1625 2652 cum
1647 2622 1766 2651 autem
1793 2612 1892 2649 illam
1929 2626 1992 2663 per
2005 2621 2123 2663 partes
2158 2611 2221 2649 de-

1187 2680 1209 2710 Ε
1231 2679 1429 2730 scripturus
1463 2685 1578 2726 esset,
1609 2674 1710 2726 quasi
1738 2688 1757 2711 a
1789 2673 1924 2724 capite,
1945 2673 1991 2710 ab
2020 2672 2224 2710 humilitate

1232 2738 1394 2787 orditur,
1436 2747 1469 2776 et
1506 2737 1556 2775 ait
1589 2752 1599 2772 :
1634 2737 1724 2773 Non
1757 2735 1875 2772 altius
1920 2736 2070 2785 sapiat,
2106 2748 2223 2785 quam

1235 2808 1411 2851 oporteat
1437 2813 1588 2850 sapere;
1615 2797 1691 2834 haec
1721 2805 1771 2834 est
1804 2794 1897 2833 enim
1926 2795 2089 2833 voluntas
2126 2795 2220 2841 Dei;

1234 2861 1309 2898 Sed
1336 2862 1463 2911 sapiat
1484 2860 1536 2896 ad
1563 2860 1822 2896 sobrietatem.
1846 2855 1889 2892 Id
1903 2865 1973 2903 cst,
1991 2855 2222 2893 prudentiam

1236 2923 1458 2975 accepimus,
1481 2936 1549 2959 non
1570 2930 1609 2958 ut
1629 2920 1691 2957 illa
1720 2918 1763 2957 ad
1783 2919 2024 2970 arrogantiam
2054 2928 2220 2968 utamur,

1239 2983 1297 3021 sed
1318 2992 1357 3020 ut
1373 2982 1418 3020 ad
1437 2981 1716 3034 temperantiam.
1732 2981 1805 3018 Nec
1824 2979 1940 3025 dixit,
1966 2979 2022 3017 Ad
2040 2979 2225 3017 humilita-

1241 3054 1330 3093 tcm;
1359 3044 1444 3093 sed,
1474 3044 1546 3081 Ad
1562 3044 1820 3080 sobrietatem.
1845 3041 2078 3078 Sobrietatem
2106 3049 2223 3078 autem

1238 3105 1297 3142 hic
1317 3105 1405 3142 dicit
1427 3118 1495 3141 non
1516 3117 1592 3140 eam
1611 3116 1690 3152 quae
1719 3100 1874 3138 lascivia?
1893 3109 1926 3137 et
1952 3100 2145 3138 lubricitati
2160 3116 2224 3152 op-

1239 3165 1384 3217 ponitur
1435 3164 1628 3211 virtutem,
1649 3161 1711 3199 sed
1758 3161 1979 3211 vigilantiam
2015 3170 2049 3198 et
2085 3175 2226 3199 sensum

1240 3228 1398 3265 bonum:
1427 3238 1508 3262 nain
1542 3233 1575 3261 et
1594 3223 1662 3261 hoc
1693 3222 1861 3260 sobrietas
1894 3221 2041 3268 dicitur,
2070 3236 2110 3259 co
2130 3222 2227 3272 quod

1243 3301 1365 3325 sanam
1385 3295 1417 3324 et
1444 3292 1676 3336 temperatam
1697 3291 1848 3320 mentem
1882 3282 2071 3320 contineat.
2099 3284 2226 3321 Osten-

1245 3348 1331 3386 dens
1370 3347 1505 3396 igitur,
1528 3358 1608 3381 cum
1628 3374 1640 3391 ,
1664 3343 1725 3394 qui
1755 3342 1956 3380 moderatus
1985 3357 2053 3380 non
2083 3343 2128 3381 sit
2160 3358 2229 3382 non

1248 3421 1348 3460 posse
1381 3414 1634 3458 temperantem
1671 3417 1774 3453 esse3
1805 3403 1844 3441 id
1873 3413 1944 3453 cst,
1964 3413 2056 3442 stare
2093 3419 2230 3454 sanumj

1250 3467 1310 3507 sal
1326 3466 1485 3518 desipere
1505 3474 1536 3504 et
1557 3464 1720 3516 insanire,
1745 3478 1785 3502 ac
1803 3463 1964 3502 demente
1981 3465 2107 3515 quovis
2123 3465 2235 3516 magis

2233 2065 2392 2092 Humilim
2409 2085 2418 2095 ‚

2233 2113 2324 2134 mater
2366 2106 2420 2132 lio-

2233 2156 2348 2175 norum.

2243 2365 2421 2397 rtlffittli.5.3.
