<?xml version="1.0" encoding="UTF-8"?>
<!DOCTYPE html PUBLIC "-//W3C//DTD XHTML 1.0 Transitional//EN"
    "http://www.w3.org/TR/xhtml1/DTD/xhtml1-transitional.dtd">
<html xmlns="http://www.w3.org/1999/xhtml" xml:lang="en" lang="en">
 <head>
  <title>
</title>
<meta http-equiv="Content-Type" content="text/html;charset=utf-8" />
  <meta name='ocr-system' content='tesseract 3.04.00' />
  <meta name='ocr-capabilities' content='ocr_page ocr_carea ocr_par ocr_line ocrx_word'/>
</head>
<body>
  <div class='ocr_page' id='page_1' title='image "./operaomniaquaeex09johnuoft/operaomniaquaeex09johnuoft_0321.png"; bbox 0 0 2502 3810; ppageno 0'>
   <div class='ocr_carea' id='block_1_1' title="bbox 620 228 1107 260">
    <p class='ocr_par' dir='ltr' id='par_1_1' title="bbox 620 228 1107 260">
     <span class='ocr_line' id='line_1_1' title="bbox 620 228 1107 260; baseline -0.004 -1"><span class='ocrx_word' id='word_1_1' title='bbox 620 230 662 259; x_wconf 82' lang='grc' dir='ltr'>ΙΝ</span> <span class='ocrx_word' id='word_1_2' title='bbox 702 230 815 260; x_wconf 67' lang='lat' dir='ltr'><strong>ACTA</strong></span> <span class='ocrx_word' id='word_1_3' title='bbox 851 228 1107 259; x_wconf 69' lang='lat' dir='ltr'>APOSTOLOR</span> 
     </span>
    </p>
   </div>
   <div class='ocr_carea' id='block_1_2' title="bbox 88 309 1107 425">
    <p class='ocr_par' dir='ltr' id='par_1_2' title="bbox 88 309 1107 425">
     <span class='ocr_line' id='line_1_2' title="bbox 92 309 1105 367; baseline -0.005 -15"><span class='ocrx_word' id='word_1_4' title='bbox 92 313 235 367; x_wconf 85' lang='grc' dir='ltr'>Ορώπων</span> <span class='ocrx_word' id='word_1_5' title='bbox 257 313 350 360; x_wconf 77' lang='grc' dir='ltr'>ἐστὶ,</span> <span class='ocrx_word' id='word_1_6' title='bbox 370 311 429 350; x_wconf 80' lang='grc' dir='ltr'>καὶ</span> <span class='ocrx_word' id='word_1_7' title='bbox 456 310 615 362; x_wconf 78' lang='grc' dir='ltr'>δόγματα</span> <span class='ocrx_word' id='word_1_8' title='bbox 648 311 766 363; x_wconf 85' lang='grc' dir='ltr'>ἔχουσι</span> <span class='ocrx_word' id='word_1_9' title='bbox 800 310 968 363; x_wconf 65' lang='grc' dir='ltr'>διάφορα·</span> <span class='ocrx_word' id='word_1_10' title='bbox 997 314 1013 349; x_wconf 79' lang='grc' dir='ltr'>ὁ</span> <span class='ocrx_word' id='word_1_11' title='bbox 1043 309 1105 361; x_wconf 82' lang='grc' dir='ltr'>μὲν</span> 
     </span>
     <span class='ocr_line' id='line_1_3' title="bbox 88 370 1107 425; baseline -0.004 -14"><span class='ocrx_word' id='word_1_12' title='bbox 88 373 223 420; x_wconf 56' lang='grc' dir='ltr'>υΕλλην</span> <span class='ocrx_word' id='word_1_13' title='bbox 251 373 356 420; x_wconf 77' lang='grc' dir='ltr'>ἐστὶν,</span> <span class='ocrx_word' id='word_1_14' title='bbox 376 376 393 410; x_wconf 83' lang='grc' dir='ltr'>ὁ</span> <span class='ocrx_word' id='word_1_15' title='bbox 417 372 453 410; x_wconf 76' lang='grc' dir='ltr'>δὲ</span> <span class='ocrx_word' id='word_1_16' title='bbox 472 372 654 420; x_wconf 79' lang='grc' dir='ltr'>Ἰουδαῖος,</span> <span class='ocrx_word' id='word_1_17' title='bbox 675 376 692 410; x_wconf 80' lang='grc' dir='ltr'>ὁ</span> <span class='ocrx_word' id='word_1_18' title='bbox 721 372 756 410; x_wconf 79' lang='grc' dir='ltr'>δὲ</span> <span class='ocrx_word' id='word_1_19' title='bbox 778 371 1003 425; x_wconf 81' lang='grc' dir='ltr'>Χριστιανός·</span> <span class='ocrx_word' id='word_1_20' title='bbox 1031 370 1107 408; x_wconf 80' lang='grc' dir='ltr'>οὐδὲ</span> 
     </span>
    </p>
   </div>
   <div class='ocr_carea' id='block_1_3' title="bbox 98 433 224 447">
    <p class='ocr_par' dir='ltr' id='par_1_3' title="bbox 98 433 224 447">
     <span class='ocr_line' id='line_1_4' title="bbox 98 433 224 447; baseline 0 0"><span class='ocrx_word' id='word_1_21' title='bbox 98 433 105 447; x_wconf 61' lang='grc' dir='ltr'>ἱ</span> <span class='ocrx_word' id='word_1_22' title='bbox 146 435 224 447; x_wconf 45' lang='grc' dir='ltr'>σωκ</span> 
     </span>
    </p>
   </div>
   <div class='ocr_carea' id='block_1_4' title="bbox 86 433 1108 1579">
    <p class='ocr_par' dir='ltr' id='par_1_4' title="bbox 86 433 1108 1579">
     <span class='ocr_line' id='line_1_5' title="bbox 89 433 1106 485; baseline -0.003 -14"><span class='ocrx_word' id='word_1_23' title='bbox 89 438 124 471; x_wconf 79' lang='grc' dir='ltr'>ὲν</span> <span class='ocrx_word' id='word_1_24' title='bbox 142 450 190 471; x_wconf 90' lang='grc' dir='ltr'>οει</span> <span class='ocrx_word' id='word_1_25' title='bbox 206 433 317 485; x_wconf 82' lang='grc' dir='ltr'>οόγμα</span> <span class='ocrx_word' id='word_1_26' title='bbox 332 434 599 478; x_wconf 78' lang='grc' dir='ltr'>καταδέξασθαι·</span> <span class='ocrx_word' id='word_1_27' title='bbox 617 434 778 480; x_wconf 73' lang='grc' dir='ltr'>ἀλλήλοις</span> <span class='ocrx_word' id='word_1_28' title='bbox 792 433 858 485; x_wconf 83' lang='grc' dir='ltr'>γὰρ</span> <span class='ocrx_word' id='word_1_29' title='bbox 878 434 1086 482; x_wconf 73' lang='grc' dir='ltr'>πολεμοῦσιν</span> <span class='ocrx_word' id='word_1_30' title='bbox 1099 446 1106 454; x_wconf 96' lang='grc'>·</span> 
     </span>
     <span class='ocr_line' id='line_1_6' title="bbox 89 486 1107 547; baseline -0.003 -15"><span class='ocrx_word' id='word_1_31' title='bbox 89 493 156 545; x_wconf 82' lang='grc' dir='ltr'>ἐγὼ</span> <span class='ocrx_word' id='word_1_32' title='bbox 178 493 212 531; x_wconf 76' lang='grc' dir='ltr'>δὲ</span> <span class='ocrx_word' id='word_1_33' title='bbox 234 494 390 544; x_wconf 71' lang='grc' dir='ltr'>μαθητής</span> <span class='ocrx_word' id='word_1_34' title='bbox 410 497 499 545; x_wconf 78' lang='grc' dir='ltr'>εἰμι,</span> <span class='ocrx_word' id='word_1_35' title='bbox 516 495 574 532; x_wconf 85' lang='grc' dir='ltr'>καὶ</span> <span class='ocrx_word' id='word_1_36' title='bbox 591 493 711 547; x_wconf 74' lang='grc' dir='ltr'>κριτὴς</span> <span class='ocrx_word' id='word_1_37' title='bbox 727 495 763 531; x_wconf 75' lang='grc' dir='ltr'>οὗ</span> <span class='ocrx_word' id='word_1_38' title='bbox 787 493 956 544; x_wconf 80' lang='grc' dir='ltr'>βούλομαι</span> <span class='ocrx_word' id='word_1_39' title='bbox 973 491 988 511; x_wconf 79' lang='lat'>¹³</span> <span class='ocrx_word' id='word_1_40' title='bbox 1001 486 1107 539; x_wconf 64' lang='grc' dir='ltr'>εἶναι,</span> 
     </span>
     <span class='ocr_line' id='line_1_7' title="bbox 89 552 1108 606; baseline -0.002 -14"><span class='ocrx_word' id='word_1_41' title='bbox 89 555 165 593; x_wconf 78' lang='grc' dir='ltr'>οὐδὲ</span> <span class='ocrx_word' id='word_1_42' title='bbox 198 554 264 598; x_wconf 75' lang='grc' dir='ltr'>ἔξω</span> <span class='ocrx_word' id='word_1_43' title='bbox 291 555 567 606; x_wconf 77' lang='grc' dir='ltr'>καταγινώσκειν</span> <span class='ocrx_word' id='word_1_44' title='bbox 593 554 664 597; x_wconf 82' lang='grc' dir='ltr'>ἑνὸς</span> <span class='ocrx_word' id='word_1_45' title='bbox 688 554 874 605; x_wconf 78' lang='grc' dir='ltr'>δόγματος·</span> <span class='ocrx_word' id='word_1_46' title='bbox 908 552 1024 591; x_wconf 72' lang='grc' dir='ltr'>οὐκέτι</span> <span class='ocrx_word' id='word_1_47' title='bbox 1054 569 1108 591; x_wconf 93' lang='grc' dir='ltr'>σοι</span> 
     </span>
     <span class='ocr_line' id='line_1_8' title="bbox 89 613 1107 668; baseline -0.003 -15"><span class='ocrx_word' id='word_1_48' title='bbox 89 615 176 661; x_wconf 75' lang='grc' dir='ltr'>αὕτη</span> <span class='ocrx_word' id='word_1_49' title='bbox 196 615 314 653; x_wconf 75' lang='grc' dir='ltr'>λοιπὸν</span> <span class='ocrx_word' id='word_1_50' title='bbox 345 618 365 661; x_wconf 75' lang='grc' dir='ltr'>ἦ</span> <span class='ocrx_word' id='word_1_51' title='bbox 396 616 566 668; x_wconf 65' lang='grc' dir='ltr'>πρόφασις</span> <span class='ocrx_word' id='word_1_52' title='bbox 599 614 716 667; x_wconf 84' lang='grc' dir='ltr'>χώραν</span> <span class='ocrx_word' id='word_1_53' title='bbox 748 614 832 666; x_wconf 83' lang='grc' dir='ltr'>ἔχει.</span> <span class='ocrx_word' id='word_1_54' title='bbox 851 614 1020 666; x_wconf 70' lang='grc' dir='ltr'>Καθάπερ</span> <span class='ocrx_word' id='word_1_55' title='bbox 1039 613 1107 665; x_wconf 71' lang='grc' dir='ltr'>γὰρ</span> 
     </span>
     <span class='ocr_line' id='line_1_9' title="bbox 87 674 1106 728; baseline -0.002 -15"><span class='ocrx_word' id='word_1_56' title='bbox 87 676 232 728; x_wconf 82' lang='grc' dir='ltr'>ἴσχυσας</span> <span class='ocrx_word' id='word_1_57' title='bbox 244 677 282 714; x_wconf 83' lang='grc' dir='ltr'>τὸ</span> <span class='ocrx_word' id='word_1_58' title='bbox 298 677 391 715; x_wconf 81' lang='grc' dir='ltr'>νόΟον</span> <span class='ocrx_word' id='word_1_59' title='bbox 410 678 580 724; x_wconf 52' lang='lat' dir='ltr'>{affixe-jv,</span> <span class='ocrx_word' id='word_1_60' title='bbox 593 676 699 719; x_wconf 69' lang='grc' dir='ltr'>οὕτως</span> <span class='ocrx_word' id='word_1_61' title='bbox 716 675 870 727; x_wconf 80' lang='grc' dir='ltr'>ἰσχύσεις</span> <span class='ocrx_word' id='word_1_62' title='bbox 886 674 945 712; x_wconf 83' lang='grc' dir='ltr'>καὶ</span> <span class='ocrx_word' id='word_1_63' title='bbox 961 677 1106 712; x_wconf 70' lang='grc' dir='ltr'>ἐνταῦθα</span> 
     </span>
     <span class='ocr_line' id='line_1_10' title="bbox 88 734 1107 788; baseline -0.004 -14"><span class='ocrx_word' id='word_1_64' title='bbox 88 737 195 774; x_wconf 79' lang='grc' dir='ltr'>ἐλθὼν</span> <span class='ocrx_word' id='word_1_65' title='bbox 218 737 404 788; x_wconf 74' lang='grc' dir='ltr'>δοκιμάσαι</span> <span class='ocrx_word' id='word_1_66' title='bbox 431 738 470 775; x_wconf 80' lang='grc' dir='ltr'>τὸ</span> <span class='ocrx_word' id='word_1_67' title='bbox 494 737 678 780; x_wconf 82' lang='grc' dir='ltr'>λυσιτελές.</span> <span class='ocrx_word' id='word_1_68' title='bbox 696 736 740 774; x_wconf 78' lang='lat' dir='ltr'>‘O</span> <span class='ocrx_word' id='word_1_69' title='bbox 773 735 834 786; x_wconf 81' lang='grc' dir='ltr'>μὲν</span> <span class='ocrx_word' id='word_1_70' title='bbox 863 734 931 786; x_wconf 82' lang='grc' dir='ltr'>γὰρ</span> <span class='ocrx_word' id='word_1_71' title='bbox 963 734 1107 784; x_wconf 82' lang='grc' dir='ltr'>μηδενὸς</span> 
     </span>
     <span class='ocr_line' id='line_1_11' title="bbox 87 794 1106 850; baseline -0.004 -14"><span class='ocrx_word' id='word_1_72' title='bbox 87 798 174 842; x_wconf 76' lang='grc' dir='ltr'>ὅλως</span> <span class='ocrx_word' id='word_1_73' title='bbox 197 800 366 850; x_wconf 78' lang='grc' dir='ltr'>δόγματος</span> <span class='ocrx_word' id='word_1_74' title='bbox 393 798 600 850; x_wconf 71' lang='grc' dir='ltr'>καταγνοὺς,</span> <span class='ocrx_word' id='word_1_75' title='bbox 621 798 767 839; x_wconf 79' lang='grc' dir='ltr'>εὐκόλως</span> <span class='ocrx_word' id='word_1_76' title='bbox 792 801 902 833; x_wconf 77' lang='grc' dir='ltr'>ταῦτα</span> <span class='ocrx_word' id='word_1_77' title='bbox 931 798 1016 847; x_wconf 81' lang='grc' dir='ltr'>ε’ρεῖ·</span> <span class='ocrx_word' id='word_1_78' title='bbox 1035 799 1052 832; x_wconf 85' lang='grc' dir='ltr'>ὁ</span> <span class='ocrx_word' id='word_1_79' title='bbox 1071 794 1106 832; x_wconf 79' lang='grc' dir='ltr'>δὲ</span> 
     </span>
     <span class='ocr_line' id='line_1_12' title="bbox 88 853 1107 911; baseline -0.006 -14"><span class='ocrx_word' id='word_1_80' title='bbox 88 860 300 909; x_wconf 73' lang='grc' dir='ltr'>καταγνοὺς,</span> <span class='ocrx_word' id='word_1_81' title='bbox 321 860 384 897; x_wconf 76' lang='grc' dir='ltr'>κᾶν</span> <span class='ocrx_word' id='word_1_82' title='bbox 416 859 522 910; x_wconf 71' lang='grc' dir='ltr'>μηδὲν</span> <span class='ocrx_word' id='word_1_83' title='bbox 552 860 724 911; x_wconf 81' lang='grc' dir='ltr'>ᾑρημένος</span> <span class='ocrx_word' id='word_1_84' title='bbox 743 853 786 909; x_wconf 75' lang='grc' dir='ltr'>ᾗ,</span> <span class='ocrx_word' id='word_1_85' title='bbox 809 858 876 907; x_wconf 75' lang='grc' dir='ltr'>ὁδῷ</span> <span class='ocrx_word' id='word_1_86' title='bbox 910 855 1107 906; x_wconf 69' lang='grc' dir='ltr'>προὸαίνων</span> 
     </span>
     <span class='ocr_line' id='line_1_13' title="bbox 89 914 1107 967; baseline -0.006 -10"><span class='ocrx_word' id='word_1_87' title='bbox 89 921 271 967; x_wconf 75' lang='grc' dir='ltr'>δυνήσεται</span> <span class='ocrx_word' id='word_1_88' title='bbox 290 922 435 958; x_wconf 72' lang='grc' dir='ltr'>συνιδεῖν</span> <span class='ocrx_word' id='word_1_89' title='bbox 457 921 495 959; x_wconf 81' lang='grc' dir='ltr'>τὸ</span> <span class='ocrx_word' id='word_1_90' title='bbox 512 921 599 959; x_wconf 82' lang='grc' dir='ltr'>δέον.</span> <span class='ocrx_word' id='word_1_91' title='bbox 616 920 676 966; x_wconf 87' lang='grc' dir='ltr'>Μὴ</span> <span class='ocrx_word' id='word_1_92' title='bbox 702 919 742 965; x_wconf 73' lang='grc' dir='ltr'>δὴ</span> <span class='ocrx_word' id='word_1_93' title='bbox 761 916 998 966; x_wconf 68' lang='grc' dir='ltr'>σκηπτιὸμεθα</span> <span class='ocrx_word' id='word_1_94' title='bbox 1019 914 1107 964; x_wconf 78' lang='grc' dir='ltr'>μηδὲ</span> 
     </span>
     <span class='ocr_line' id='line_1_14' title="bbox 89 975 1107 1034; baseline -0.009 -15"><span class='ocrx_word' id='word_1_95' title='bbox 89 981 399 1034; x_wconf 67' lang='grc' dir='ltr'>προφασιζώμεΟα·</span> <span class='ocrx_word' id='word_1_96' title='bbox 415 981 530 1020; x_wconf 80' lang='grc' dir='ltr'>πάντα</span> <span class='ocrx_word' id='word_1_97' title='bbox 548 981 615 1033; x_wconf 85' lang='grc' dir='ltr'>γὰρ</span> <span class='ocrx_word' id='word_1_98' title='bbox 637 979 698 1032; x_wconf 73' lang='grc' dir='ltr'>ῥᾴδ</span> <span class='ocrx_word' id='word_1_99' title='bbox 708 995 752 1017; x_wconf 90' lang='grc' dir='ltr'>ια.</span> <span class='ocrx_word' id='word_1_100' title='bbox 772 977 897 1016; x_wconf 83' lang='grc' dir='ltr'>Βούλει</span> <span class='ocrx_word' id='word_1_101' title='bbox 917 992 970 1013; x_wconf 92' lang='grc' dir='ltr'>σοι</span> <span class='ocrx_word' id='word_1_102' title='bbox 990 975 1107 1022; x_wconf 81' lang='grc' dir='ltr'>δείξω,</span> 
     </span>
     <span class='ocr_line' id='line_1_15' title="bbox 88 1035 1105 1094; baseline -0.008 -14"><span class='ocrx_word' id='word_1_103' title='bbox 88 1042 141 1080; x_wconf 75' lang='grc' dir='ltr'>ὅτι</span> <span class='ocrx_word' id='word_1_104' title='bbox 161 1042 331 1094; x_wconf 55' lang='grc' dir='ltr'>πρόφασίς</span> <span class='ocrx_word' id='word_1_105' title='bbox 358 1044 432 1080; x_wconf 80' lang='grc' dir='ltr'>ἐστι</span> <span class='ocrx_word' id='word_1_106' title='bbox 448 1046 579 1088; x_wconf 74' lang='grc' dir='ltr'>ταῦτα;</span> <span class='ocrx_word' id='word_1_107' title='bbox 597 1040 655 1079; x_wconf 84' lang='grc' dir='ltr'>Τὰ</span> <span class='ocrx_word' id='word_1_108' title='bbox 681 1039 860 1092; x_wconf 79' lang='grc' dir='ltr'>πρακτέα,</span> <span class='ocrx_word' id='word_1_109' title='bbox 887 1037 947 1074; x_wconf 77' lang='grc' dir='ltr'>καὶ</span> <span class='ocrx_word' id='word_1_110' title='bbox 980 1035 1024 1073; x_wconf 81' lang='grc' dir='ltr'>τὰ</span> <span class='ocrx_word' id='word_1_111' title='bbox 1058 1035 1105 1086; x_wconf 85' lang='grc' dir='ltr'>μὴ</span> 
     </span>
     <span class='ocr_line' id='line_1_16' title="bbox 89 1096 1106 1154; baseline -0.006 -14"><span class='ocrx_word' id='word_1_112' title='bbox 89 1102 247 1154; x_wconf 78' lang='grc' dir='ltr'>πρακτέα</span> <span class='ocrx_word' id='word_1_113' title='bbox 264 1097 376 1148; x_wconf 48' lang='grc' dir='ltr'>οἶδας</span> <span class='ocrx_word' id='word_1_114' title='bbox 394 1102 450 1139; x_wconf 76' lang='grc' dir='ltr'>διὰ</span> <span class='ocrx_word' id='word_1_115' title='bbox 476 1102 510 1138; x_wconf 87' lang='grc' dir='ltr'>τί</span> <span class='ocrx_word' id='word_1_116' title='bbox 528 1096 583 1139; x_wconf 59' lang='grc' dir='ltr'>οὖν</span> <span class='ocrx_word' id='word_1_117' title='bbox 604 1100 648 1138; x_wconf 82' lang='grc' dir='ltr'>τὰ</span> <span class='ocrx_word' id='word_1_118' title='bbox 664 1099 822 1152; x_wconf 79' lang='grc' dir='ltr'>πρακτέα</span> <span class='ocrx_word' id='word_1_119' title='bbox 851 1097 899 1148; x_wconf 81' lang='grc' dir='ltr'>μὴ</span> <span class='ocrx_word' id='word_1_120' title='bbox 922 1097 1106 1149; x_wconf 84' lang='grc' dir='ltr'>πράττεις,</span> 
     </span>
     <span class='ocr_line' id='line_1_17' title="bbox 89 1158 1108 1214; baseline -0.003 -15"><span class='ocrx_word' id='word_1_121' title='bbox 89 1162 178 1200; x_wconf 79' lang='grc' dir='ltr'>ἀλλὰ</span> <span class='ocrx_word' id='word_1_122' title='bbox 198 1162 241 1200; x_wconf 89' lang='grc' dir='ltr'>τὰ</span> <span class='ocrx_word' id='word_1_123' title='bbox 260 1162 308 1212; x_wconf 82' lang='grc' dir='ltr'>μὴ</span> <span class='ocrx_word' id='word_1_124' title='bbox 334 1160 508 1214; x_wconf 71' lang='grc' dir='ltr'>πρακτέα,</span> <span class='ocrx_word' id='word_1_125' title='bbox 525 1160 661 1214; x_wconf 82' lang='grc' dir='ltr'>Πρᾶξον</span> <span class='ocrx_word' id='word_1_126' title='bbox 689 1163 803 1198; x_wconf 82' lang='grc' dir='ltr'>ἐκεῖνα</span> <span class='ocrx_word' id='word_1_127' title='bbox 816 1189 826 1207; x_wconf 86' lang='grc'>,</span> <span class='ocrx_word' id='word_1_128' title='bbox 853 1158 912 1196; x_wconf 78' lang='grc' dir='ltr'>καὶ</span> <span class='ocrx_word' id='word_1_129' title='bbox 944 1160 1032 1210; x_wconf 79' lang='grc' dir='ltr'>ὀρθῷ</span> <span class='ocrx_word' id='word_1_130' title='bbox 1046 1159 1108 1196; x_wconf 79' lang='grc' dir='ltr'>λο-</span> 
     </span>
     <span class='ocr_line' id='line_1_18' title="bbox 87 1220 1108 1274; baseline -0.003 -14"><span class='ocrx_word' id='word_1_131' title='bbox 87 1226 204 1274; x_wconf 81' lang='grc' dir='ltr'>γισμῷ</span> <span class='ocrx_word' id='word_1_132' title='bbox 234 1223 379 1269; x_wconf 78' lang='grc' dir='ltr'>ζήτησον</span> <span class='ocrx_word' id='word_1_133' title='bbox 401 1222 496 1273; x_wconf 85' lang='grc' dir='ltr'>παρὰ</span> <span class='ocrx_word' id='word_1_134' title='bbox 525 1227 584 1260; x_wconf 78' lang='grc' dir='ltr'>τοῦ</span> <span class='ocrx_word' id='word_1_135' title='bbox 612 1224 724 1266; x_wconf 76' lang='grc' dir='ltr'>Θεοῦ,</span> <span class='ocrx_word' id='word_1_136' title='bbox 745 1220 803 1258; x_wconf 81' lang='grc' dir='ltr'>καὶ</span> <span class='ocrx_word' id='word_1_137' title='bbox 824 1220 925 1263; x_wconf 78' lang='grc' dir='ltr'>αὐτός</span> <span class='ocrx_word' id='word_1_138' title='bbox 945 1237 997 1258; x_wconf 87' lang='grc' dir='ltr'>σοι</span> <span class='ocrx_word' id='word_1_139' title='bbox 1016 1220 1108 1258; x_wconf 82' lang='grc' dir='ltr'>ποίν-</span> 
     </span>
     <span class='ocr_line' id='line_1_19' title="bbox 89 1281 1107 1336; baseline -0.003 -15"><span class='ocrx_word' id='word_1_140' title='bbox 89 1299 155 1327; x_wconf 88' lang='grc' dir='ltr'>τως</span> <span class='ocrx_word' id='word_1_141' title='bbox 177 1282 405 1334; x_wconf 73' lang='grc' dir='ltr'>ἀποκαλύψει.</span> <span class='ocrx_word' id='word_1_142' title='bbox 431 1284 507 1320; x_wconf 76' lang='grc' dir='ltr'>Οὐκ</span> <span class='ocrx_word' id='word_1_143' title='bbox 522 1282 596 1321; x_wconf 81' lang='grc' dir='ltr'>ἔστι</span> <span class='ocrx_word' id='word_1_144' title='bbox 615 1281 920 1336; x_wconf 78' lang='grc' dir='ltr'>προσωπολήπτης</span> <span class='ocrx_word' id='word_1_145' title='bbox 931 1312 941 1329; x_wconf 95' lang='grc'>,</span> <span class='ocrx_word' id='word_1_146' title='bbox 957 1281 1073 1333; x_wconf 70' lang='grc' dir='ltr'>φησὶν,</span> <span class='ocrx_word' id='word_1_147' title='bbox 1090 1283 1107 1318; x_wconf 86' lang='grc' dir='ltr'><em>ὃ</em></span> 
     </span>
     <span class='ocr_line' id='line_1_20' title="bbox 89 1342 1104 1395; baseline -0.004 -12"><span class='ocrx_word' id='word_1_148' title='bbox 89 1345 199 1387; x_wconf 82' lang='grc' dir='ltr'>Θεός·</span> <span class='ocrx_word' id='word_1_149' title='bbox 221 1346 298 1382; x_wconf 87' lang='grc' dir='ltr'>ἀλλ’</span> <span class='ocrx_word' id='word_1_150' title='bbox 328 1347 361 1382; x_wconf 82' lang='grc' dir='ltr'>ἐν</span> <span class='ocrx_word' id='word_1_151' title='bbox 387 1343 491 1382; x_wconf 79' lang='grc' dir='ltr'>παντὶ</span> <span class='ocrx_word' id='word_1_152' title='bbox 520 1344 607 1381; x_wconf 77' lang='grc' dir='ltr'>ἔθνει</span> <span class='ocrx_word' id='word_1_153' title='bbox 635 1346 652 1381; x_wconf 83' lang='grc' dir='ltr'>ὃ</span> <span class='ocrx_word' id='word_1_154' title='bbox 672 1342 880 1395; x_wconf 68' lang='grc' dir='ltr'>φοὸούμενος</span> <span class='ocrx_word' id='word_1_155' title='bbox 906 1343 1028 1389; x_wconf 76' lang='grc' dir='ltr'>αὐτὸν,</span> <span class='ocrx_word' id='word_1_156' title='bbox 1048 1342 1104 1379; x_wconf 67' lang='grc' dir='ltr'>καὶ</span> 
     </span>
     <span class='ocr_line' id='line_1_21' title="bbox 88 1404 1107 1458; baseline -0.003 -15"><span class='ocrx_word' id='word_1_157' title='bbox 88 1405 314 1458; x_wconf 73' lang='grc' dir='ltr'>ἐργαζόμενος</span> <span class='ocrx_word' id='word_1_158' title='bbox 344 1404 578 1452; x_wconf 81' lang='grc' dir='ltr'>δικαιοσύνην,</span> <span class='ocrx_word' id='word_1_159' title='bbox 613 1404 731 1448; x_wconf 77' lang='grc' dir='ltr'>δεκτὸς</span> <span class='ocrx_word' id='word_1_160' title='bbox 769 1406 862 1455; x_wconf 77' lang='grc' dir='ltr'>αὐτῷ</span> <span class='ocrx_word' id='word_1_161' title='bbox 892 1406 997 1441; x_wconf 81' lang='grc' dir='ltr'>ἐστιν.</span> <span class='ocrx_word' id='word_1_162' title='bbox 1030 1405 1107 1441; x_wconf 78' lang='grc' dir='ltr'>Οὐκ</span> 
     </span>
     <span class='ocr_line' id='line_1_22' title="bbox 87 1464 1106 1518; baseline -0.002 -15"><span class='ocrx_word' id='word_1_163' title='bbox 87 1466 161 1503; x_wconf 84' lang='grc' dir='ltr'>ἔστι</span> <span class='ocrx_word' id='word_1_164' title='bbox 186 1466 242 1504; x_wconf 82' lang='grc' dir='ltr'>τὸν</span> <span class='ocrx_word' id='word_1_165' title='bbox 272 1465 377 1518; x_wconf 75' lang='grc' dir='ltr'>χωρὶς</span> <span class='ocrx_word' id='word_1_166' title='bbox 403 1465 610 1517; x_wconf 70' lang='grc' dir='ltr'>προλήψεως</span> <span class='ocrx_word' id='word_1_167' title='bbox 643 1465 810 1504; x_wconf 81' lang='grc' dir='ltr'>ἀκούοντα</span> <span class='ocrx_word' id='word_1_168' title='bbox 837 1465 885 1515; x_wconf 80' lang='grc' dir='ltr'>μὴ</span> <span class='ocrx_word' id='word_1_169' title='bbox 914 1464 1106 1502; x_wconf 73' lang='grc' dir='ltr'>πείθεσθαι.</span> 
     </span>
     <span class='ocr_line' id='line_1_23' title="bbox 86 1521 1107 1579; baseline -0.002 -15"><span class='ocrx_word' id='word_1_170' title='bbox 86 1525 224 1578; x_wconf 67' lang='grc' dir='ltr'>εὨσπερ</span> <span class='ocrx_word' id='word_1_171' title='bbox 241 1527 308 1579; x_wconf 82' lang='grc' dir='ltr'>γὰρ</span> <span class='ocrx_word' id='word_1_172' title='bbox 331 1528 360 1563; x_wconf 85' lang='grc' dir='ltr'>εἰ</span> <span class='ocrx_word' id='word_1_173' title='bbox 378 1525 491 1563; x_wconf 81' lang='grc' dir='ltr'>κανών</span> <span class='ocrx_word' id='word_1_174' title='bbox 506 1542 556 1570; x_wconf 86' lang='grc' dir='ltr'>τις</span> <span class='ocrx_word' id='word_1_175' title='bbox 575 1521 630 1574; x_wconf 60' lang='grc' dir='ltr'>ἦν,</span> <span class='ocrx_word' id='word_1_176' title='bbox 653 1527 738 1578; x_wconf 78' lang='grc' dir='ltr'>πρὸς</span> <span class='ocrx_word' id='word_1_177' title='bbox 758 1526 794 1564; x_wconf 82' lang='grc' dir='ltr'>ὃν</span> <span class='ocrx_word' id='word_1_178' title='bbox 823 1526 937 1564; x_wconf 86' lang='grc' dir='ltr'>πάντα</span> <span class='ocrx_word' id='word_1_179' title='bbox 955 1524 1107 1563; x_wconf 81' lang='grc' dir='ltr'>ἀπευθύ-</span> 
     </span>
    </p>
   </div>
   <div class='ocr_carea' id='block_1_5' title="bbox 512 1587 724 1600">
    <p class='ocr_par' dir='ltr' id='par_1_5' title="bbox 512 1587 724 1600">
     <span class='ocr_line' id='line_1_24' title="bbox 512 1587 724 1600; baseline -0.005 0"><span class='ocrx_word' id='word_1_180' title='bbox 512 1590 533 1597; x_wconf 67' lang='grc' dir='ltr'><strong><em>Ν</em></strong></span> <span class='ocrx_word' id='word_1_181' title='bbox 577 1587 609 1600; x_wconf 53' lang='lat' dir='ltr'>:lx</span> <span class='ocrx_word' id='word_1_182' title='bbox 715 1587 724 1599; x_wconf 87' lang='grc' dir='ltr'><em>Ι</em></span> 
     </span>
    </p>
   </div>
   <div class='ocr_carea' id='block_1_6' title="bbox 82 1586 1112 2911">
    <p class='ocr_par' dir='ltr' id='par_1_6' title="bbox 82 1586 1112 2911">
     <span class='ocr_line' id='line_1_25' title="bbox 83 1586 1107 1639; baseline -0.001 -14"><span class='ocrx_word' id='word_1_183' title='bbox 83 1591 202 1626; x_wconf 83' lang='grc' dir='ltr'>νεσΟαι</span> <span class='ocrx_word' id='word_1_184' title='bbox 222 1589 341 1639; x_wconf 67' lang='grc' dir='ltr'>ἐχρῆν,</span> <span class='ocrx_word' id='word_1_185' title='bbox 363 1590 400 1625; x_wconf 78' lang='grc' dir='ltr'>οὗ</span> <span class='ocrx_word' id='word_1_186' title='bbox 420 1589 553 1632; x_wconf 80' lang='grc' dir='ltr'>πολλης</span> <span class='ocrx_word' id='word_1_187' title='bbox 573 1603 640 1625; x_wconf 79' lang='grc' dir='ltr'>εοει</span> <span class='ocrx_word' id='word_1_188' title='bbox 662 1589 817 1639; x_wconf 73' lang='grc' dir='ltr'>σκεψεως</span> <span class='ocrx_word' id='word_1_189' title='bbox 832 1617 841 1635; x_wconf 95' lang='grc'>,</span> <span class='ocrx_word' id='word_1_190' title='bbox 863 1586 952 1624; x_wconf 74' lang='grc' dir='ltr'>ἀλλὰ</span> <span class='ocrx_word' id='word_1_191' title='bbox 967 1587 1024 1624; x_wconf 82' lang='grc' dir='ltr'>τὸν</span> <span class='ocrx_word' id='word_1_192' title='bbox 1040 1603 1107 1624; x_wconf 88' lang='grc' dir='ltr'>πα-</span> 
     </span>
     <span class='ocr_line' id='line_1_26' title="bbox 88 1644 1108 1701; baseline -0.001 -15"><span class='ocrx_word' id='word_1_193' title='bbox 88 1652 322 1701; x_wconf 75' lang='grc' dir='ltr'>ραμετροῦντα</span> <span class='ocrx_word' id='word_1_194' title='bbox 338 1648 476 1687; x_wconf 78' lang='grc' dir='ltr'>εὔκολον</span> <span class='ocrx_word' id='word_1_195' title='bbox 496 1644 537 1694; x_wconf 59' lang='grc' dir='ltr'>ἦν</span> <span class='ocrx_word' id='word_1_196' title='bbox 563 1649 696 1686; x_wconf 61' lang='grc' dir='ltr'>λαέεῖν·</span> <span class='ocrx_word' id='word_1_197' title='bbox 727 1647 835 1692; x_wconf 76' lang='grc' dir='ltr'>οὕτως</span> <span class='ocrx_word' id='word_1_198' title='bbox 854 1648 914 1686; x_wconf 79' lang='grc' dir='ltr'>καὶ</span> <span class='ocrx_word' id='word_1_199' title='bbox 933 1653 1002 1687; x_wconf 65' lang='grc' dir='ltr'>νῦν.</span> <span class='ocrx_word' id='word_1_200' title='bbox 1022 1650 1108 1691; x_wconf 83' lang='grc' dir='ltr'>Πῶς</span> 
     </span>
     <span class='ocr_line' id='line_1_27' title="bbox 84 1704 1106 1762; baseline -0.002 -14"><span class='ocrx_word' id='word_1_201' title='bbox 84 1704 141 1748; x_wconf 68' lang='grc' dir='ltr'>οῧν</span> <span class='ocrx_word' id='word_1_202' title='bbox 159 1710 196 1746; x_wconf 76' lang='grc' dir='ltr'>οὐ</span> <span class='ocrx_word' id='word_1_203' title='bbox 218 1711 404 1761; x_wconf 73' lang='grc' dir='ltr'>συνορῶσι;</span> <span class='ocrx_word' id='word_1_204' title='bbox 421 1710 546 1748; x_wconf 72' lang='grc' dir='ltr'>Πολλὰ</span> <span class='ocrx_word' id='word_1_205' title='bbox 566 1715 658 1748; x_wconf 85' lang='grc' dir='ltr'>ποιεῖ</span> <span class='ocrx_word' id='word_1_206' title='bbox 673 1739 681 1757; x_wconf 83' lang='lat'>,</span> <span class='ocrx_word' id='word_1_207' title='bbox 701 1709 760 1748; x_wconf 74' lang='grc' dir='ltr'>καὶ</span> <span class='ocrx_word' id='word_1_208' title='bbox 775 1709 950 1762; x_wconf 63' lang='grc' dir='ltr'>πρόληψις</span> <span class='ocrx_word' id='word_1_209' title='bbox 966 1709 1026 1747; x_wconf 75' lang='grc' dir='ltr'>καὶ</span> <span class='ocrx_word' id='word_1_210' title='bbox 1042 1712 1106 1746; x_wconf 84' lang='grc' dir='ltr'>ἀν-</span> 
     </span>
     <span class='ocr_line' id='line_1_28' title="bbox 83 1770 1106 1824; baseline 0.001 -17"><span class='ocrx_word' id='word_1_211' title='bbox 83 1770 253 1821; x_wconf 83' lang='grc' dir='ltr'>Ορώπιναι</span> <span class='ocrx_word' id='word_1_212' title='bbox 268 1770 505 1809; x_wconf 78' lang='grc' dir='ltr'>αἷτίαι.Το’ὺ”το</span> <span class='ocrx_word' id='word_1_213' title='bbox 516 1771 575 1809; x_wconf 72' lang='grc' dir='ltr'>καὶ</span> <span class='ocrx_word' id='word_1_214' title='bbox 587 1771 667 1823; x_wconf 78' lang='grc' dir='ltr'>περὶ</span> <span class='ocrx_word' id='word_1_215' title='bbox 675 1774 696 1817; x_wconf 71' lang='grc' dir='ltr'>ἡ</span> <span class='ocrx_word' id='word_1_216' title='bbox 703 1775 788 1822; x_wconf 79' lang='grc' dir='ltr'>μῶν,</span> <span class='ocrx_word' id='word_1_217' title='bbox 802 1772 898 1824; x_wconf 76' lang='grc' dir='ltr'>φησὶ,</span> <span class='ocrx_word' id='word_1_218' title='bbox 911 1771 969 1808; x_wconf 81' lang='grc' dir='ltr'>καὶ</span> <span class='ocrx_word' id='word_1_219' title='bbox 982 1773 1106 1808; x_wconf 80' lang='grc' dir='ltr'>ἐκεῖνοι</span> 
     </span>
     <span class='ocr_line' id='line_1_29' title="bbox 82 1831 1104 1885; baseline 0.002 -17"><span class='ocrx_word' id='word_1_220' title='bbox 82 1831 234 1883; x_wconf 82' lang='grc' dir='ltr'>λέγουσι.</span> <span class='ocrx_word' id='word_1_221' title='bbox 252 1833 352 1878; x_wconf 72' lang='grc' dir='ltr'>Πῶς,</span> <span class='ocrx_word' id='word_1_222' title='bbox 368 1831 427 1879; x_wconf 81' lang='grc' dir='ltr'>Μὴ</span> <span class='ocrx_word' id='word_1_223' title='bbox 448 1832 516 1884; x_wconf 79' lang='grc' dir='ltr'>γὰρ</span> <span class='ocrx_word' id='word_1_224' title='bbox 535 1833 779 1885; x_wconf 72' lang='grc' dir='ltr'>ἀπεσχίσμεθα</span> <span class='ocrx_word' id='word_1_225' title='bbox 794 1837 855 1880; x_wconf 69' lang='grc' dir='ltr'>τῆς</span> <span class='ocrx_word' id='word_1_226' title='bbox 870 1833 1104 1880; x_wconf 81' lang='grc' dir='ltr'>Ἔκκλησίας;</span> 
     </span>
     <span class='ocr_line' id='line_1_30' title="bbox 84 1892 1104 1947; baseline 0.003 -19"><span class='ocrx_word' id='word_1_227' title='bbox 84 1892 132 1943; x_wconf 75' lang='grc' dir='ltr'>μὴ</span> <span class='ocrx_word' id='word_1_228' title='bbox 153 1892 219 1946; x_wconf 79' lang='grc' dir='ltr'>γὰρ</span> <span class='ocrx_word' id='word_1_229' title='bbox 249 1892 474 1945; x_wconf 75' lang='grc' dir='ltr'>αἱρεσιοίρχας</span> <span class='ocrx_word' id='word_1_230' title='bbox 497 1893 641 1946; x_wconf 63' lang='grc' dir='ltr'>ἔχομεν,</span> <span class='ocrx_word' id='word_1_231' title='bbox 662 1893 709 1945; x_wconf 82' lang='grc' dir='ltr'>μὴ</span> <span class='ocrx_word' id='word_1_232' title='bbox 731 1894 797 1947; x_wconf 77' lang='grc' dir='ltr'>γὰρ</span> <span class='ocrx_word' id='word_1_233' title='bbox 833 1897 892 1932; x_wconf 78' lang='grc' dir='ltr'>ἀπ’</span> <span class='ocrx_word' id='word_1_234' title='bbox 914 1893 1104 1946; x_wconf 80' lang='grc' dir='ltr'>ἀνθρώπων</span> 
     </span>
     <span class='ocr_line' id='line_1_31' title="bbox 83 1953 1106 2006; baseline 0.001 -15"><span class='ocrx_word' id='word_1_235' title='bbox 83 1954 300 2004; x_wconf 78' lang='grc' dir='ltr'>καλούμεθα,</span> <span class='ocrx_word' id='word_1_236' title='bbox 321 1953 368 2004; x_wconf 81' lang='grc' dir='ltr'>μὴ</span> <span class='ocrx_word' id='word_1_237' title='bbox 387 1954 452 2006; x_wconf 82' lang='grc' dir='ltr'>γὰρ</span> <span class='ocrx_word' id='word_1_238' title='bbox 466 1955 723 2006; x_wconf 74' lang='grc' dir='ltr'>προηγούμενος</span> <span class='ocrx_word' id='word_1_239' title='bbox 736 1958 836 2005; x_wconf 80' lang='grc' dir='ltr'>ἡμῶν</span> <span class='ocrx_word' id='word_1_240' title='bbox 852 1954 903 1998; x_wconf 85' lang='grc' dir='ltr'>τίς</span> <span class='ocrx_word' id='word_1_241' title='bbox 918 1957 1022 2002; x_wconf 78' lang='grc' dir='ltr'>ἐστιν,</span> <span class='ocrx_word' id='word_1_242' title='bbox 1037 1955 1106 1992; x_wconf 82' lang='grc' dir='ltr'>ὥσ-</span> 
     </span>
     <span class='ocr_line' id='line_1_32' title="bbox 83 2016 1105 2070; baseline -0.001 -16"><span class='ocrx_word' id='word_1_243' title='bbox 83 2032 149 2068; x_wconf 83' lang='grc' dir='ltr'>περ</span> <span class='ocrx_word' id='word_1_244' title='bbox 169 2019 218 2067; x_wconf 80' lang='grc' dir='ltr'>τῷ</span> <span class='ocrx_word' id='word_1_245' title='bbox 241 2016 301 2067; x_wconf 78' lang='grc' dir='ltr'>μὲν</span> <span class='ocrx_word' id='word_1_246' title='bbox 318 2017 500 2068; x_wconf 79' lang='grc' dir='ltr'>Μαρκίων,</span> <span class='ocrx_word' id='word_1_247' title='bbox 513 2020 562 2069; x_wconf 80' lang='grc' dir='ltr'>τῷ</span> <span class='ocrx_word' id='word_1_248' title='bbox 575 2017 610 2055; x_wconf 78' lang='grc' dir='ltr'>δὲ</span> <span class='ocrx_word' id='word_1_249' title='bbox 622 2020 832 2069; x_wconf 81' lang='grc' dir='ltr'>Μανιχαῖος,</span> <span class='ocrx_word' id='word_1_250' title='bbox 846 2020 895 2070; x_wconf 81' lang='grc' dir='ltr'>τῷ</span> <span class='ocrx_word' id='word_1_251' title='bbox 911 2016 946 2055; x_wconf 80' lang='grc' dir='ltr'>δὲ</span> <span class='ocrx_word' id='word_1_252' title='bbox 963 2016 1105 2069; x_wconf 82' lang='grc' dir='ltr'>Ἄρειος,</span> 
     </span>
     <span class='ocr_line' id='line_1_33' title="bbox 84 2077 1106 2131; baseline 0.002 -17"><span class='ocrx_word' id='word_1_253' title='bbox 84 2080 134 2129; x_wconf 80' lang='grc' dir='ltr'>τῷ</span> <span class='ocrx_word' id='word_1_254' title='bbox 165 2077 200 2114; x_wconf 75' lang='grc' dir='ltr'>δὲ</span> <span class='ocrx_word' id='word_1_255' title='bbox 227 2077 328 2121; x_wconf 81' lang='grc' dir='ltr'>ἄλλος</span> <span class='ocrx_word' id='word_1_256' title='bbox 352 2094 404 2121; x_wconf 81' lang='grc' dir='ltr'>τις</span> <span class='ocrx_word' id='word_1_257' title='bbox 428 2077 594 2130; x_wconf 72' lang='grc' dir='ltr'>αῗρέσεως</span> <span class='ocrx_word' id='word_1_258' title='bbox 608 2079 779 2131; x_wconf 81' lang='grc' dir='ltr'>ἀρχηγός;</span> <span class='ocrx_word' id='word_1_259' title='bbox 800 2081 844 2117; x_wconf 79' lang='grc' dir='ltr'>Εἰ</span> <span class='ocrx_word' id='word_1_260' title='bbox 859 2078 894 2116; x_wconf 76' lang='grc' dir='ltr'>δὲ</span> <span class='ocrx_word' id='word_1_261' title='bbox 916 2078 976 2116; x_wconf 78' lang='grc' dir='ltr'>καὶ</span> <span class='ocrx_word' id='word_1_262' title='bbox 1004 2082 1106 2128; x_wconf 75' lang='grc' dir='ltr'>ἡμεῖς</span> 
     </span>
     <span class='ocr_line' id='line_1_34' title="bbox 84 2138 1105 2191; baseline -0.001 -15"><span class='ocrx_word' id='word_1_263' title='bbox 84 2138 318 2189; x_wconf 80' lang='grc' dir='ltr'>προσηγορίαν</span> <span class='ocrx_word' id='word_1_264' title='bbox 338 2139 428 2182; x_wconf 71' lang='grc' dir='ltr'>τινος</span> <span class='ocrx_word' id='word_1_265' title='bbox 454 2139 592 2191; x_wconf 81' lang='grc' dir='ltr'>ἔχομεν,</span> <span class='ocrx_word' id='word_1_266' title='bbox 613 2142 689 2178; x_wconf 81' lang='grc' dir='ltr'>ἀλλ’</span> <span class='ocrx_word' id='word_1_267' title='bbox 714 2142 750 2177; x_wconf 82' lang='grc' dir='ltr'>οὐ</span> <span class='ocrx_word' id='word_1_268' title='bbox 766 2139 844 2182; x_wconf 75' lang='grc' dir='ltr'>τοὺς</span> <span class='ocrx_word' id='word_1_269' title='bbox 858 2143 920 2185; x_wconf 76' lang='grc' dir='ltr'>τῆς</span> <span class='ocrx_word' id='word_1_270' title='bbox 940 2138 1105 2190; x_wconf 82' lang='grc' dir='ltr'>αἱρέσεως</span> 
     </span>
     <span class='ocr_line' id='line_1_35' title="bbox 86 2198 1106 2252; baseline 0.001 -17"><span class='ocrx_word' id='word_1_271' title='bbox 86 2198 272 2250; x_wconf 82' lang='grc' dir='ltr'>ἄρξαντας,</span> <span class='ocrx_word' id='word_1_272' title='bbox 293 2199 382 2237; x_wconf 75' lang='grc' dir='ltr'>ἀλλὰ</span> <span class='ocrx_word' id='word_1_273' title='bbox 414 2199 492 2243; x_wconf 64' lang='grc' dir='ltr'>τοὺς</span> <span class='ocrx_word' id='word_1_274' title='bbox 510 2200 728 2252; x_wconf 77' lang='grc' dir='ltr'>προστάντας</span> <span class='ocrx_word' id='word_1_275' title='bbox 744 2202 845 2250; x_wconf 73' lang='grc' dir='ltr'>ἡμῶν</span> <span class='ocrx_word' id='word_1_276' title='bbox 866 2199 925 2237; x_wconf 79' lang='grc' dir='ltr'>καὶ</span> <span class='ocrx_word' id='word_1_277' title='bbox 938 2198 1106 2252; x_wconf 65' lang='grc' dir='ltr'>κυδερνή-</span> 
     </span>
     <span class='ocr_line' id='line_1_36' title="bbox 85 2258 1108 2312; baseline 0 -16"><span class='ocrx_word' id='word_1_278' title='bbox 85 2275 214 2302; x_wconf 82' lang='grc' dir='ltr'>σαντας</span> <span class='ocrx_word' id='word_1_279' title='bbox 234 2259 295 2306; x_wconf 76' lang='grc' dir='ltr'>τὴν</span> <span class='ocrx_word' id='word_1_280' title='bbox 313 2260 540 2307; x_wconf 82' lang='grc' dir='ltr'>Ἐκκλησίαν.</span> <span class='ocrx_word' id='word_1_281' title='bbox 560 2262 636 2298; x_wconf 84' lang='grc' dir='ltr'>Οὐκ</span> <span class='ocrx_word' id='word_1_282' title='bbox 655 2260 780 2312; x_wconf 74' lang='grc' dir='ltr'>ἔχομεν</span> <span class='ocrx_word' id='word_1_283' title='bbox 800 2261 1033 2303; x_wconf 73' lang='grc' dir='ltr'>διδασκάλους</span> <span class='ocrx_word' id='word_1_284' title='bbox 1049 2258 1108 2297; x_wconf 66' lang='grc' dir='ltr'>ἐπὶ</span> 
     </span>
     <span class='ocr_line' id='line_1_37' title="bbox 86 2319 1106 2373; baseline 0.002 -16"><span class='ocrx_word' id='word_1_285' title='bbox 86 2323 148 2366; x_wconf 70' lang='grc' dir='ltr'>τῆς</span> <span class='ocrx_word' id='word_1_286' title='bbox 163 2324 243 2371; x_wconf 72' lang='grc' dir='ltr'>γῆς·</span> <span class='ocrx_word' id='word_1_287' title='bbox 265 2319 313 2371; x_wconf 82' lang='grc' dir='ltr'>μὴ</span> <span class='ocrx_word' id='word_1_288' title='bbox 334 2320 476 2372; x_wconf 78' lang='grc' dir='ltr'>γένοιτο·</span> <span class='ocrx_word' id='word_1_289' title='bbox 497 2321 557 2359; x_wconf 81' lang='grc' dir='ltr'>ἕνα</span> <span class='ocrx_word' id='word_1_290' title='bbox 581 2320 705 2373; x_wconf 83' lang='grc' dir='ltr'>ἔχομεν</span> <span class='ocrx_word' id='word_1_291' title='bbox 724 2320 782 2358; x_wconf 82' lang='grc' dir='ltr'>τὸν</span> <span class='ocrx_word' id='word_1_292' title='bbox 798 2323 831 2359; x_wconf 82' lang='grc' dir='ltr'>ἐν</span> <span class='ocrx_word' id='word_1_293' title='bbox 854 2327 924 2364; x_wconf 89' lang='grc' dir='ltr'>τοῖς</span> <span class='ocrx_word' id='word_1_294' title='bbox 939 2323 1106 2372; x_wconf 78' lang='grc' dir='ltr'>οὐρανοῖς.</span> 
     </span>
     <span class='ocr_line' id='line_1_38' title="bbox 87 2381 1108 2435; baseline 0.002 -16"><span class='ocrx_word' id='word_1_295' title='bbox 87 2383 272 2428; x_wconf 79' lang='grc' dir='ltr'>Κάκεῖνοι,</span> <span class='ocrx_word' id='word_1_296' title='bbox 298 2381 405 2433; x_wconf 75' lang='grc' dir='ltr'>φησὶ,</span> <span class='ocrx_word' id='word_1_297' title='bbox 435 2381 478 2419; x_wconf 83' lang='grc' dir='ltr'>τὰ</span> <span class='ocrx_word' id='word_1_298' title='bbox 501 2381 588 2420; x_wconf 77' lang='grc' dir='ltr'>αὐτὰ</span> <span class='ocrx_word' id='word_1_299' title='bbox 619 2382 889 2434; x_wconf 63' lang='grc' dir='ltr'>προὸοίλλονται.</span> <span class='ocrx_word' id='word_1_300' title='bbox 910 2382 1001 2420; x_wconf 75' lang='grc' dir='ltr'>Ἀλλ’</span> <span class='ocrx_word' id='word_1_301' title='bbox 1031 2383 1108 2435; x_wconf 66' lang='grc' dir='ltr'>ἐφέ-</span> 
     </span>
     <span class='ocr_line' id='line_1_39' title="bbox 88 2442 1107 2497; baseline 0.003 -18"><span class='ocrx_word' id='word_1_302' title='bbox 88 2457 194 2489; x_wconf 76' lang='grc' dir='ltr'>στηκε</span> <span class='ocrx_word' id='word_1_303' title='bbox 211 2443 251 2480; x_wconf 84' lang='grc' dir='ltr'>τὸ</span> <span class='ocrx_word' id='word_1_304' title='bbox 267 2442 375 2493; x_wconf 86' lang='grc' dir='ltr'>ὄνομα</span> <span class='ocrx_word' id='word_1_305' title='bbox 398 2447 611 2497; x_wconf 72' lang='grc' dir='ltr'>κατηγοροῦν</span> <span class='ocrx_word' id='word_1_306' title='bbox 631 2446 756 2490; x_wconf 78' lang='grc' dir='ltr'>αὐτῶν,</span> <span class='ocrx_word' id='word_1_307' title='bbox 775 2444 835 2482; x_wconf 86' lang='grc' dir='ltr'>καὶ</span> <span class='ocrx_word' id='word_1_308' title='bbox 851 2444 1047 2497; x_wconf 69' lang='grc' dir='ltr'>ἐμερροίττον</span> <span class='ocrx_word' id='word_1_309' title='bbox 1066 2444 1107 2481; x_wconf 84' lang='grc' dir='ltr'>τὰ</span> 
     </span>
     <span class='ocr_line' id='line_1_40' title="bbox 88 2502 1110 2555; baseline 0.003 -15"><span class='ocrx_word' id='word_1_310' title='bbox 88 2502 289 2553; x_wconf 70' lang='grc' dir='ltr'>ἶὀ-τόματα.</span> <span class='ocrx_word' id='word_1_311' title='bbox 319 2503 450 2541; x_wconf 85' lang='grc' dir='ltr'>Πολλοὶ</span> <span class='ocrx_word' id='word_1_312' title='bbox 477 2504 656 2555; x_wconf 80' lang='grc' dir='ltr'>γεγόνασιν</span> <span class='ocrx_word' id='word_1_313' title='bbox 681 2504 878 2552; x_wconf 78' lang='grc' dir='ltr'>ἽΞλληνες,</span> <span class='ocrx_word' id='word_1_314' title='bbox 912 2504 972 2542; x_wconf 77' lang='grc' dir='ltr'>καὶ</span> <span class='ocrx_word' id='word_1_315' title='bbox 1001 2505 1110 2548; x_wconf 75' lang='grc' dir='ltr'>οὐδεὶς</span> 
     </span>
     <span class='ocr_line' id='line_1_41' title="bbox 89 2560 1109 2618; baseline 0.004 -18"><span class='ocrx_word' id='word_1_316' title='bbox 89 2568 199 2601; x_wconf 78' lang='grc' dir='ltr'>ταῦτα</span> <span class='ocrx_word' id='word_1_317' title='bbox 214 2563 394 2616; x_wconf 78' lang='grc' dir='ltr'>ἠρώτησε,</span> <span class='ocrx_word' id='word_1_318' title='bbox 411 2564 471 2602; x_wconf 77' lang='grc' dir='ltr'>καὶ</span> <span class='ocrx_word' id='word_1_319' title='bbox 494 2565 590 2618; x_wconf 82' lang='grc' dir='ltr'>παρὰ</span> <span class='ocrx_word' id='word_1_320' title='bbox 616 2565 814 2618; x_wconf 67' lang='grc' dir='ltr'>φιλοσόφοις</span> <span class='ocrx_word' id='word_1_321' title='bbox 840 2560 881 2612; x_wconf 67' lang='grc' dir='ltr'>ἦν</span> <span class='ocrx_word' id='word_1_322' title='bbox 901 2569 1030 2612; x_wconf 76' lang='grc' dir='ltr'>ταῦτα,</span> <span class='ocrx_word' id='word_1_323' title='bbox 1050 2565 1109 2604; x_wconf 81' lang='grc' dir='ltr'>καὶ</span> 
     </span>
     <span class='ocr_line' id='line_1_42' title="bbox 89 2624 1112 2679; baseline 0.003 -16"><span class='ocrx_word' id='word_1_324' title='bbox 89 2624 197 2667; x_wconf 70' lang='grc' dir='ltr'>οὐδεὶς</span> <span class='ocrx_word' id='word_1_325' title='bbox 227 2624 382 2671; x_wconf 76' lang='grc' dir='ltr'>ἐκωλύθη</span> <span class='ocrx_word' id='word_1_326' title='bbox 402 2628 469 2662; x_wconf 84' lang='grc' dir='ltr'>τῶν</span> <span class='ocrx_word' id='word_1_327' title='bbox 490 2624 554 2672; x_wconf 81' lang='grc' dir='ltr'>τὴν</span> <span class='ocrx_word' id='word_1_328' title='bbox 581 2626 683 2678; x_wconf 79' lang='grc' dir='ltr'>ὀρθὴν</span> <span class='ocrx_word' id='word_1_329' title='bbox 699 2626 833 2679; x_wconf 77' lang='grc' dir='ltr'>αἵρεσιν</span> <span class='ocrx_word' id='word_1_330' title='bbox 854 2628 1016 2679; x_wconf 79' lang='grc' dir='ltr'>ἐχόντων.</span> <span class='ocrx_word' id='word_1_331' title='bbox 1043 2627 1112 2665; x_wconf 81' lang='grc' dir='ltr'>Διὰ</span> 
     </span>
     <span class='ocr_line' id='line_1_43' title="bbox 89 2678 1111 2736; baseline 0.005 -14"><span class='ocrx_word' id='word_1_332' title='bbox 89 2686 123 2723; x_wconf 88' lang='grc' dir='ltr'>τί</span> <span class='ocrx_word' id='word_1_333' title='bbox 145 2685 193 2736; x_wconf 88' lang='grc' dir='ltr'>μὴ</span> <span class='ocrx_word' id='word_1_334' title='bbox 211 2678 304 2723; x_wconf 63' lang='grc' dir='ltr'>εἶπον</span> <span class='ocrx_word' id='word_1_335' title='bbox 321 2686 376 2723; x_wconf 77' lang='grc' dir='ltr'>ὅτε</span> <span class='ocrx_word' id='word_1_336' title='bbox 399 2689 510 2725; x_wconf 74' lang='grc' dir='ltr'>ταῦτα</span> <span class='ocrx_word' id='word_1_337' title='bbox 535 2687 681 2736; x_wconf 82' lang='grc' dir='ltr'>ἐκίνουν,</span> <span class='ocrx_word' id='word_1_338' title='bbox 701 2688 754 2726; x_wconf 78' lang='grc' dir='ltr'>ὅτι</span> <span class='ocrx_word' id='word_1_339' title='bbox 768 2689 828 2726; x_wconf 84' lang='grc' dir='ltr'>καὶ</span> <span class='ocrx_word' id='word_1_340' title='bbox 849 2684 942 2728; x_wconf 59' lang='grc' dir='ltr'>οὗτοι</span> <span class='ocrx_word' id='word_1_341' title='bbox 957 2692 1111 2728; x_wconf 81' lang='grc' dir='ltr'>κάκεῖνοι</span> 
     </span>
     <span class='ocr_line' id='line_1_44' title="bbox 90 2746 1110 2798; baseline 0.003 -14"><span class='ocrx_word' id='word_1_342' title='bbox 90 2748 268 2785; x_wconf 82' lang='grc' dir='ltr'>Ἰουδαῖοι·</span> <span class='ocrx_word' id='word_1_343' title='bbox 287 2746 355 2784; x_wconf 85' lang='grc' dir='ltr'>τίνι</span> <span class='ocrx_word' id='word_1_344' title='bbox 378 2748 427 2785; x_wconf 78' lang='grc' dir='ltr'>δεῖ</span> <span class='ocrx_word' id='word_1_345' title='bbox 450 2751 545 2798; x_wconf 75' lang='grc' dir='ltr'>ἡμᾶς</span> <span class='ocrx_word' id='word_1_346' title='bbox 570 2748 767 2798; x_wconf 74' lang='grc' dir='ltr'>πείθεσθαι;</span> <span class='ocrx_word' id='word_1_347' title='bbox 788 2749 878 2788; x_wconf 82' lang='grc' dir='ltr'>Ἀλλ’</span> <span class='ocrx_word' id='word_1_348' title='bbox 901 2749 1110 2797; x_wconf 79' lang='grc' dir='ltr'>ἐπείσθησαν</span> 
     </span>
     <span class='ocr_line' id='line_1_45' title="bbox 88 2807 1109 2861; baseline 0.005 -16"><span class='ocrx_word' id='word_1_349' title='bbox 88 2810 135 2851; x_wconf 82' lang='grc' dir='ltr'>ὡς</span> <span class='ocrx_word' id='word_1_350' title='bbox 163 2807 245 2846; x_wconf 73' lang='grc' dir='ltr'>ἔδει.</span> <span class='ocrx_word' id='word_1_351' title='bbox 268 2809 403 2847; x_wconf 76' lang='grc' dir='ltr'>Οὐκοῦν</span> <span class='ocrx_word' id='word_1_352' title='bbox 425 2809 483 2847; x_wconf 80' lang='grc' dir='ltr'>καὶ</span> <span class='ocrx_word' id='word_1_353' title='bbox 504 2813 536 2860; x_wconf 69' lang='grc' dir='ltr'>ἡΙ</span> <span class='ocrx_word' id='word_1_354' title='bbox 558 2815 605 2853; x_wconf 80' lang='grc' dir='ltr'>εἰς</span> <span class='ocrx_word' id='word_1_355' title='bbox 623 2809 823 2861; x_wconf 85' lang='grc' dir='ltr'>πειθώμεθα</span> <span class='ocrx_word' id='word_1_356' title='bbox 848 2817 918 2854; x_wconf 89' lang='grc' dir='ltr'>τοῖς</span> <span class='ocrx_word' id='word_1_357' title='bbox 943 2817 1002 2850; x_wconf 80' lang='grc' dir='ltr'>τοῦ</span> <span class='ocrx_word' id='word_1_358' title='bbox 1018 2814 1109 2850; x_wconf 70' lang='grc' dir='ltr'>Θεοῦ</span> 
     </span>
     <span class='ocr_line' id='line_1_46' title="bbox 947 2871 995 2911; baseline 0 0"><span class='ocrx_word' id='word_1_359' title='bbox 947 2871 965 2893; x_wconf 69' lang='lat' dir='ltr'><strong>h</strong></span> <span class='ocrx_word' id='word_1_360' title='bbox 977 2874 995 2911; x_wconf 81' lang='grc' dir='ltr'><em>δ</em></span> 
     </span>
    </p>
   </div>
   <div class='ocr_carea' id='block_1_7' title="bbox 905 2875 927 2883">
    <p class='ocr_par' dir='ltr' id='par_1_7' title="bbox 905 2875 927 2883">
     <span class='ocr_line' id='line_1_47' title="bbox 905 2875 927 2883; baseline 0 0"><span class='ocrx_word' id='word_1_361' title='bbox 905 2875 927 2883; x_wconf 70' lang='grc' dir='ltr'>ω</span> 
     </span>
    </p>
   </div>
   <div class='ocr_carea' id='block_1_8' title="bbox 89 2868 931 2925">
    <p class='ocr_par' dir='ltr' id='par_1_8' title="bbox 89 2868 931 2925">
     <span class='ocr_line' id='line_1_48' title="bbox 89 2868 931 2925; baseline 0.006 -20"><span class='ocrx_word' id='word_1_362' title='bbox 89 2868 223 2918; x_wconf 87' lang='grc' dir='ltr'>νόμοις,</span> <span class='ocrx_word' id='word_1_363' title='bbox 245 2869 304 2907; x_wconf 83' lang='grc' dir='ltr'>καὶ</span> <span class='ocrx_word' id='word_1_364' title='bbox 323 2869 437 2907; x_wconf 86' lang='grc' dir='ltr'>πάντα</span> <span class='ocrx_word' id='word_1_365' title='bbox 454 2870 664 2923; x_wconf 67' lang='grc' dir='ltr'>πράττωμεν</span> <span class='ocrx_word' id='word_1_366' title='bbox 677 2872 767 2909; x_wconf 79' lang='grc' dir='ltr'>κατὰ</span> <span class='ocrx_word' id='word_1_367' title='bbox 785 2873 824 2911; x_wconf 82' lang='grc' dir='ltr'>τὸ</span> <span class='ocrx_word' id='word_1_368' title='bbox 838 2875 931 2925; x_wconf 79' lang='grc' dir='ltr'>αὖτῳ</span> 
     </span>
    </p>
   </div>
   <div class='ocr_carea' id='block_1_9' title="bbox 1056 2877 1069 2885">
    <p class='ocr_par' dir='ltr' id='par_1_9' title="bbox 1056 2877 1069 2885">
     <span class='ocr_line' id='line_1_49' title="bbox 1056 2877 1069 2885; baseline 0 -3"><span class='ocrx_word' id='word_1_369' title='bbox 1056 2877 1069 2885; x_wconf 79' lang='grc'>,-</span> 
     </span>
    </p>
   </div>
   <div class='ocr_carea' id='block_1_10' title="bbox 90 2889 1110 3107">
    <p class='ocr_par' dir='ltr' id='par_1_10' title="bbox 90 2889 1110 3107">
     <span class='ocr_line' id='line_1_50' title="bbox 998 2889 1110 2922; baseline 0 -11"><span class='ocrx_word' id='word_1_370' title='bbox 998 2889 1110 2922; x_wconf 90' lang='grc' dir='ltr'>οκουν,</span> 
     </span>
     <span class='ocr_line' id='line_1_51' title="bbox 90 2929 1110 2984; baseline 0.006 -18"><span class='ocrx_word' id='word_1_371' title='bbox 90 2929 150 2967; x_wconf 80' lang='grc' dir='ltr'>καὶ</span> <span class='ocrx_word' id='word_1_372' title='bbox 169 2929 260 2967; x_wconf 79' lang='grc' dir='ltr'>κατὰ</span> <span class='ocrx_word' id='word_1_373' title='bbox 277 2929 339 2977; x_wconf 78' lang='grc' dir='ltr'>τὴν</span> <span class='ocrx_word' id='word_1_374' title='bbox 360 2933 461 2969; x_wconf 74' lang='grc' dir='ltr'>αὐτοῦ</span> <span class='ocrx_word' id='word_1_375' title='bbox 481 2932 644 2982; x_wconf 84' lang='grc' dir='ltr'>βούλησιν</span> <span class='ocrx_word' id='word_1_376' title='bbox 669 2932 973 2984; x_wconf 83' lang='grc' dir='ltr'>πολιτευσώμεθα,</span> <span class='ocrx_word' id='word_1_377' title='bbox 993 2935 1040 2977; x_wconf 83' lang='grc' dir='ltr'>ὡς</span> <span class='ocrx_word' id='word_1_378' title='bbox 1060 2935 1110 2972; x_wconf 82' lang='grc' dir='ltr'>ἔτι</span> 
     </span>
     <span class='ocr_line' id='line_1_52' title="bbox 91 2989 1110 3045; baseline 0.006 -17"><span class='ocrx_word' id='word_1_379' title='bbox 91 2989 195 3039; x_wconf 75' lang='grc' dir='ltr'>ἐσμὲν</span> <span class='ocrx_word' id='word_1_380' title='bbox 211 2991 245 3027; x_wconf 78' lang='grc' dir='ltr'>ἐν</span> <span class='ocrx_word' id='word_1_381' title='bbox 269 2993 318 3042; x_wconf 81' lang='grc' dir='ltr'>τῷ</span> <span class='ocrx_word' id='word_1_382' title='bbox 338 2991 483 3044; x_wconf 84' lang='grc' dir='ltr'>παρόντι</span> <span class='ocrx_word' id='word_1_383' title='bbox 506 2993 570 3045; x_wconf 85' lang='grc' dir='ltr'>βίῳ</span> <span class='ocrx_word' id='word_1_384' title='bbox 583 3023 592 3040; x_wconf 83' lang='grc'>,</span> <span class='ocrx_word' id='word_1_385' title='bbox 613 2991 667 3030; x_wconf 79' lang='grc' dir='ltr'>ἵνα</span> <span class='ocrx_word' id='word_1_386' title='bbox 695 2993 782 3044; x_wconf 82' lang='grc' dir='ltr'>μετὰ</span> <span class='ocrx_word' id='word_1_387' title='bbox 802 2996 925 3045; x_wconf 71' lang='grc' dir='ltr'>ἀρετῆς</span> <span class='ocrx_word' id='word_1_388' title='bbox 943 2995 999 3032; x_wconf 83' lang='grc' dir='ltr'>τὸν</span> <span class='ocrx_word' id='word_1_389' title='bbox 1019 2995 1110 3034; x_wconf 75' lang='grc' dir='ltr'>ὑπό-</span> 
     </span>
     <span class='ocr_line' id='line_1_53' title="bbox 91 3051 1110 3107; baseline 0.007 -20"><span class='ocrx_word' id='word_1_390' title='bbox 91 3053 211 3088; x_wconf 89' lang='grc' dir='ltr'>λοιπον</span> <span class='ocrx_word' id='word_1_391' title='bbox 227 3051 348 3103; x_wconf 81' lang='grc' dir='ltr'>χρόνον</span> <span class='ocrx_word' id='word_1_392' title='bbox 364 3055 425 3098; x_wconf 77' lang='grc' dir='ltr'>τῆς</span> <span class='ocrx_word' id='word_1_393' title='bbox 439 3054 527 3100; x_wconf 69' lang='grc' dir='ltr'>ζωῆς</span> <span class='ocrx_word' id='word_1_394' title='bbox 542 3057 641 3104; x_wconf 77' lang='grc' dir='ltr'>ἡμῶν</span> <span class='ocrx_word' id='word_1_395' title='bbox 659 3054 880 3099; x_wconf 79' lang='grc' dir='ltr'>διανύσαντες</span> <span class='ocrx_word' id='word_1_396' title='bbox 892 3085 901 3102; x_wconf 87' lang='grc'>,</span> <span class='ocrx_word' id='word_1_397' title='bbox 918 3058 987 3093; x_wconf 77' lang='grc' dir='ltr'>τῶν</span> <span class='ocrx_word' id='word_1_398' title='bbox 1003 3058 1110 3107; x_wconf 80' lang='grc' dir='ltr'>ἐπηγ-</span> 
     </span>
    </p>
   </div>
   <div class='ocr_carea' id='block_1_11' title="bbox 93 3117 1110 3175">
    <p class='ocr_par' dir='ltr' id='par_1_11' title="bbox 93 3117 1110 3175">
     <span class='ocr_line' id='line_1_54' title="bbox 93 3117 1110 3175; baseline 0.006 -20"><span class='ocrx_word' id='word_1_399' title='bbox 93 3117 270 3169; x_wconf 79' lang='grc' dir='ltr'>γελμένων</span> <span class='ocrx_word' id='word_1_400' title='bbox 290 3119 426 3170; x_wconf 85' lang='grc' dir='ltr'>ἀγαθῶν</span> <span class='ocrx_word' id='word_1_401' title='bbox 446 3126 516 3163; x_wconf 90' lang='grc' dir='ltr'>τοῖς</span> <span class='ocrx_word' id='word_1_402' title='bbox 538 3123 719 3172; x_wconf 79' lang='grc' dir='ltr'>ἀγαπῶσιν</span> <span class='ocrx_word' id='word_1_403' title='bbox 740 3122 842 3161; x_wconf 78' lang='grc' dir='ltr'>αὐτὸν</span> <span class='ocrx_word' id='word_1_404' title='bbox 862 3124 1036 3175; x_wconf 73' lang='grc' dir='ltr'>ἐπιτυχεῖν</span> <span class='ocrx_word' id='word_1_405' title='bbox 1054 3124 1110 3161; x_wconf 83' lang='grc' dir='ltr'>δυ-</span> 
     </span>
    </p>
   </div>
   <div class='ocr_carea' id='block_1_12' title="bbox 139 3239 1100 3390">
    <p class='ocr_par' dir='ltr' id='par_1_12' title="bbox 139 3239 1100 3390">
     <span class='ocr_line' id='line_1_55' title="bbox 140 3239 797 3287; baseline 0.008 -14"><span class='ocrx_word' id='word_1_406' title='bbox 140 3243 156 3267; x_wconf 78' lang='lat' dir='ltr'><strong>b</strong></span> <span class='ocrx_word' id='word_1_407' title='bbox 182 3239 275 3273; x_wconf 83' lang='lat' dir='ltr'>Idem</span> <span class='ocrx_word' id='word_1_408' title='bbox 291 3243 372 3275; x_wconf 75' lang='grc' dir='ltr'>εἶναι.</span> <span class='ocrx_word' id='word_1_409' title='bbox 393 3248 417 3276; x_wconf 84' lang='grc' dir='ltr'>εἰ</span> <span class='ocrx_word' id='word_1_410' title='bbox 433 3245 463 3276; x_wconf 64' lang='lat' dir='ltr'>El:</span> <span class='ocrx_word' id='word_1_411' title='bbox 479 3247 545 3283; x_wconf 75' lang='grc' dir='ltr'>εἵξω</span> <span class='ocrx_word' id='word_1_412' title='bbox 560 3251 797 3287; x_wconf 67' lang='grc' dir='ltr'>καταγινώσκειν.</span> 
     </span>
     <span class='ocr_line' id='line_1_56' title="bbox 139 3293 679 3336; baseline 0.011 -12"><span class='ocrx_word' id='word_1_413' title='bbox 139 3304 152 3319; x_wconf 71' lang='lat' dir='ltr'>a</span> <span class='ocrx_word' id='word_1_414' title='bbox 175 3293 269 3325; x_wconf 85' lang='lat' dir='ltr'>Unus</span> <span class='ocrx_word' id='word_1_415' title='bbox 285 3301 435 3336; x_wconf 74' lang='grc' dir='ltr'>στόματα.</span> <span class='ocrx_word' id='word_1_416' title='bbox 451 3298 499 3329; x_wconf 69' lang='grc' dir='ltr'>διὰ</span> <span class='ocrx_word' id='word_1_417' title='bbox 514 3301 542 3330; x_wconf 86' lang='grc' dir='ltr'>τί</span> <span class='ocrx_word' id='word_1_418' title='bbox 558 3300 679 3331; x_wconf 71' lang='grc' dir='ltr'>πολλοί.</span> 
     </span>
     <span class='ocr_line' id='line_1_57' title="bbox 139 3345 1100 3390; baseline 0.004 -12"><span class='ocrx_word' id='word_1_419' title='bbox 139 3347 155 3370; x_wconf 82' lang='lat' dir='ltr'>b</span> <span class='ocrx_word' id='word_1_420' title='bbox 179 3345 346 3387; x_wconf 82' lang='lat' dir='ltr'>[Codices</span> <span class='ocrx_word' id='word_1_421' title='bbox 371 3345 477 3378; x_wconf 87' lang='lat' dir='ltr'>nostri</span> <span class='ocrx_word' id='word_1_422' title='bbox 497 3358 612 3380; x_wconf 85' lang='lat' dir='ltr'>omnes</span> <span class='ocrx_word' id='word_1_423' title='bbox 638 3349 683 3380; x_wconf 74' lang='lat' dir='ltr'>ita</span> <span class='ocrx_word' id='word_1_424' title='bbox 707 3355 866 3390; x_wconf 84' lang='lat' dir='ltr'>perorant</span> <span class='ocrx_word' id='word_1_425' title='bbox 886 3360 892 3378; x_wconf 74' lang='grc' dir='ltr'>ε</span> <span class='ocrx_word' id='word_1_426' title='bbox 920 3351 1036 3390; x_wconf 60' lang='grc' dir='ltr'>δοκοῦ-ι,</span> <span class='ocrx_word' id='word_1_427' title='bbox 1054 3351 1100 3382; x_wconf 71' lang='grc' dir='ltr'>ἵνα</span> 
     </span>
    </p>
   </div>
   <div class='ocr_carea' id='block_1_13' title="bbox 94 3403 1102 3446">
    <p class='ocr_par' dir='ltr' id='par_1_13' title="bbox 94 3403 1102 3446">
     <span class='ocr_line' id='line_1_58' title="bbox 94 3403 1102 3446; baseline 0.003 -14"><span class='ocrx_word' id='word_1_428' title='bbox 94 3405 176 3441; x_wconf 68' lang='grc' dir='ltr'>μετὰ</span> <span class='ocrx_word' id='word_1_429' title='bbox 190 3405 299 3446; x_wconf 72' lang='grc' dir='ltr'>ἀρετῆς</span> <span class='ocrx_word' id='word_1_430' title='bbox 315 3403 365 3433; x_wconf 64' lang='lat' dir='ltr'>‘rb-J</span> <span class='ocrx_word' id='word_1_431' title='bbox 386 3406 521 3442; x_wconf 73' lang='grc' dir='ltr'>παρόντα</span> <span class='ocrx_word' id='word_1_432' title='bbox 535 3405 599 3443; x_wconf 78' lang='grc' dir='ltr'>βίον</span> <span class='ocrx_word' id='word_1_433' title='bbox 621 3403 803 3439; x_wconf 54' lang='lat' dir='ltr'>&amp;nubea-2235</span> <span class='ocrx_word' id='word_1_434' title='bbox 824 3409 881 3434; x_wconf 77' lang='grc' dir='ltr'>τῶν</span> <span class='ocrx_word' id='word_1_435' title='bbox 906 3405 951 3435; x_wconf 72' lang='grc' dir='ltr'>ἐπ.</span> <span class='ocrx_word' id='word_1_436' title='bbox 976 3407 1025 3443; x_wconf 74' lang='grc' dir='ltr'>ἀγ.</span> <span class='ocrx_word' id='word_1_437' title='bbox 1042 3410 1102 3439; x_wconf 78' lang='grc' dir='ltr'>τοῖς</span> 
     </span>
    </p>
   </div>
   <div class='ocr_carea' id='block_1_14' title="bbox 1115 210 2150 270">
    <p class='ocr_par' dir='ltr' id='par_1_14' title="bbox 1115 210 2150 270">
     <span class='ocr_line' id='line_1_59' title="bbox 1115 210 2150 270; baseline 0.008 -13"><span class='ocrx_word' id='word_1_438' title='bbox 1115 229 1190 258; x_wconf 81' lang='grc' dir='ltr'>υΜ.</span> <span class='ocrx_word' id='word_1_439' title='bbox 1229 229 1387 259; x_wconf 67' lang='lat' dir='ltr'>nonu„</span> <span class='ocrx_word' id='word_1_440' title='bbox 1428 228 1584 259; x_wconf 82' lang='lat' dir='ltr'>xxxm.</span> <span class='ocrx_word' id='word_1_441' title='bbox 2063 210 2150 270; x_wconf 77' lang='lat'>237</span> 
     </span>
    </p>
   </div>
   <div class='ocr_carea' id='block_1_15' title="bbox 1118 306 2170 3106">
    <p class='ocr_par' dir='ltr' id='par_1_15' title="bbox 1176 306 2159 663">
     <span class='ocr_line' id='line_1_60' title="bbox 1178 306 2156 362; baseline -0.006 -14"><span class='ocrx_word' id='word_1_442' title='bbox 1178 310 1206 348; x_wconf 86' lang='lat' dir='ltr'>si</span> <span class='ocrx_word' id='word_1_443' title='bbox 1220 309 1315 349; x_wconf 86' lang='lat' dir='ltr'>dicat</span> <span class='ocrx_word' id='word_1_444' title='bbox 1330 311 1391 349; x_wconf 86' lang='lat' dir='ltr'>ille</span> <span class='ocrx_word' id='word_1_445' title='bbox 1406 311 1457 362; x_wconf 88' lang='lat' dir='ltr'>id,</span> <span class='ocrx_word' id='word_1_446' title='bbox 1472 310 1567 361; x_wconf 89' lang='lat' dir='ltr'>quod</span> <span class='ocrx_word' id='word_1_447' title='bbox 1582 319 1620 347; x_wconf 84' lang='lat' dir='ltr'>tu</span> <span class='ocrx_word' id='word_1_448' title='bbox 1636 307 1681 346; x_wconf 88' lang='lat' dir='ltr'>de</span> <span class='ocrx_word' id='word_1_449' title='bbox 1697 307 1907 346; x_wconf 83' lang='lat' dir='ltr'>Christianis</span> <span class='ocrx_word' id='word_1_450' title='bbox 1921 306 2011 345; x_wconf 88' lang='lat' dir='ltr'>dicis</span> <span class='ocrx_word' id='word_1_451' title='bbox 2024 307 2156 343; x_wconf 81' lang='lat' dir='ltr'>:Tanta</span> 
     </span>
     <span class='ocr_line' id='line_1_61' title="bbox 1178 364 2156 415; baseline -0.006 -9"><span class='ocrx_word' id='word_1_452' title='bbox 1178 368 1371 407; x_wconf 84' lang='lat' dir='ltr'>multitudo</span> <span class='ocrx_word' id='word_1_453' title='bbox 1384 369 1569 407; x_wconf 87' lang='lat' dir='ltr'>hominum</span> <span class='ocrx_word' id='word_1_454' title='bbox 1584 377 1646 415; x_wconf 89' lang='lat' dir='ltr'>est,</span> <span class='ocrx_word' id='word_1_455' title='bbox 1667 375 1700 403; x_wconf 89' lang='lat' dir='ltr'>et</span> <span class='ocrx_word' id='word_1_456' title='bbox 1712 367 1811 405; x_wconf 78' lang='lat' dir='ltr'>varia</span> <span class='ocrx_word' id='word_1_457' title='bbox 1824 366 1955 403; x_wconf 80' lang='lat' dir='ltr'>habent</span> <span class='ocrx_word' id='word_1_458' title='bbox 1969 364 2134 415; x_wconf 85' lang='lat' dir='ltr'>dogmata</span> <span class='ocrx_word' id='word_1_459' title='bbox 2146 378 2156 409; x_wconf 88' lang='lat'>;</span> 
     </span>
     <span class='ocr_line' id='line_1_62' title="bbox 1176 424 2155 481; baseline -0.006 -15"><span class='ocrx_word' id='word_1_460' title='bbox 1176 429 1267 467; x_wconf 84' lang='lat' dir='ltr'>alius</span> <span class='ocrx_word' id='word_1_461' title='bbox 1284 430 1424 481; x_wconf 84' lang='lat' dir='ltr'>gentilis</span> <span class='ocrx_word' id='word_1_462' title='bbox 1442 439 1505 478; x_wconf 80' lang='lat' dir='ltr'>est,</span> <span class='ocrx_word' id='word_1_463' title='bbox 1520 429 1612 466; x_wconf 85' lang='lat' dir='ltr'>alius</span> <span class='ocrx_word' id='word_1_464' title='bbox 1631 427 1789 478; x_wconf 80' lang='lat' dir='ltr'>Judaeus,</span> <span class='ocrx_word' id='word_1_465' title='bbox 1804 427 1896 464; x_wconf 88' lang='lat' dir='ltr'>alius</span> <span class='ocrx_word' id='word_1_466' title='bbox 1912 424 2155 463; x_wconf 80' lang='lat' dir='ltr'>Christianus:</span> 
     </span>
     <span class='ocr_line' id='line_1_63' title="bbox 1177 485 2157 542; baseline -0.004 -16"><span class='ocrx_word' id='word_1_467' title='bbox 1177 490 1317 527; x_wconf 89' lang='lat' dir='ltr'>nullum</span> <span class='ocrx_word' id='word_1_468' title='bbox 1336 490 1500 542; x_wconf 82' lang='lat' dir='ltr'>amplecti</span> <span class='ocrx_word' id='word_1_469' title='bbox 1519 490 1648 541; x_wconf 82' lang='lat' dir='ltr'>dogma</span> <span class='ocrx_word' id='word_1_470' title='bbox 1668 496 1804 541; x_wconf 78' lang='lat' dir='ltr'>oportet</span> <span class='ocrx_word' id='word_1_471' title='bbox 1819 486 1893 524; x_wconf 88' lang='lat' dir='ltr'>:illi</span> <span class='ocrx_word' id='word_1_472' title='bbox 1909 486 2002 524; x_wconf 90' lang='lat' dir='ltr'>enim</span> <span class='ocrx_word' id='word_1_473' title='bbox 2016 485 2106 523; x_wconf 86' lang='lat' dir='ltr'>inter</span> <span class='ocrx_word' id='word_1_474' title='bbox 2122 499 2157 522; x_wconf 88' lang='lat' dir='ltr'>se</span> 
     </span>
     <span class='ocr_line' id='line_1_64' title="bbox 1177 546 2158 602; baseline -0.005 -16"><span class='ocrx_word' id='word_1_475' title='bbox 1177 560 1336 602; x_wconf 85' lang='lat' dir='ltr'>pugnant</span> <span class='ocrx_word' id='word_1_476' title='bbox 1349 564 1429 601; x_wconf 77' lang='lat' dir='ltr'>:ego</span> <span class='ocrx_word' id='word_1_477' title='bbox 1448 550 1647 602; x_wconf 86' lang='lat' dir='ltr'>discipulus</span> <span class='ocrx_word' id='word_1_478' title='bbox 1669 564 1760 599; x_wconf 89' lang='lat' dir='ltr'>sum,</span> <span class='ocrx_word' id='word_1_479' title='bbox 1774 548 1887 600; x_wconf 77' lang='lat' dir='ltr'>judex</span> <span class='ocrx_word' id='word_1_480' title='bbox 1904 561 1975 585; x_wconf 87' lang='lat' dir='ltr'>esse</span> <span class='ocrx_word' id='word_1_481' title='bbox 1989 546 2083 595; x_wconf 80' lang='lat' dir='ltr'>nolo,</span> <span class='ocrx_word' id='word_1_482' title='bbox 2098 560 2158 582; x_wconf 40' lang='lat' dir='ltr'>net</span> 
     </span>
     <span class='ocr_line' id='line_1_65' title="bbox 1176 607 2159 663; baseline -0.005 -15"><span class='ocrx_word' id='word_1_483' title='bbox 1176 626 1243 662; x_wconf 90' lang='lat' dir='ltr'>que</span> <span class='ocrx_word' id='word_1_484' title='bbox 1261 612 1376 650; x_wconf 87' lang='lat' dir='ltr'>ullum</span> <span class='ocrx_word' id='word_1_485' title='bbox 1396 613 1525 663; x_wconf 82' lang='lat' dir='ltr'>dogma</span> <span class='ocrx_word' id='word_1_486' title='bbox 1546 611 1880 649; x_wconf 72' lang='lat' dir='ltr'>condemnaremon</span> <span class='ocrx_word' id='word_1_487' title='bbox 1890 609 1966 661; x_wconf 90' lang='lat' dir='ltr'>jam</span> <span class='ocrx_word' id='word_1_488' title='bbox 1980 607 2040 645; x_wconf 87' lang='lat' dir='ltr'>ille</span> <span class='ocrx_word' id='word_1_489' title='bbox 2064 620 2159 658; x_wconf 83' lang='lat' dir='ltr'>prae-</span> 
     </span>
    </p>

    <p class='ocr_par' dir='ltr' id='par_1_16' title="bbox 1118 669 2163 1943">
     <span class='ocr_line' id='line_1_66' title="bbox 1129 669 2160 721; baseline -0.007 -11"><span class='ocrx_word' id='word_1_490' title='bbox 1129 681 1152 710; x_wconf 86' lang='grc' dir='ltr'><em>Ε</em></span> <span class='ocrx_word' id='word_1_491' title='bbox 1176 681 1293 711; x_wconf 76' lang='lat' dir='ltr'>textus</span> <span class='ocrx_word' id='word_1_492' title='bbox 1303 673 1419 711; x_wconf 92' lang='lat' dir='ltr'>locum</span> <span class='ocrx_word' id='word_1_493' title='bbox 1430 673 1546 711; x_wconf 87' lang='lat' dir='ltr'>habet.</span> <span class='ocrx_word' id='word_1_494' title='bbox 1556 674 1606 710; x_wconf 89' lang='lat' dir='ltr'>Ut</span> <span class='ocrx_word' id='word_1_495' title='bbox 1618 672 1710 710; x_wconf 85' lang='lat' dir='ltr'>enim</span> <span class='ocrx_word' id='word_1_496' title='bbox 1722 671 1960 709; x_wconf 86' lang='lat' dir='ltr'>adulterinum</span> <span class='ocrx_word' id='word_1_497' title='bbox 1968 669 2090 720; x_wconf 84' lang='lat' dir='ltr'>ejicere</span> <span class='ocrx_word' id='word_1_498' title='bbox 2097 682 2160 721; x_wconf 86' lang='lat' dir='ltr'>po-</span> 
     </span>
     <span class='ocr_line' id='line_1_67' title="bbox 1176 729 2158 784; baseline -0.004 -15"><span class='ocrx_word' id='word_1_499' title='bbox 1176 734 1289 779; x_wconf 75' lang='lat' dir='ltr'>misti,</span> <span class='ocrx_word' id='word_1_500' title='bbox 1300 733 1350 771; x_wconf 89' lang='lat' dir='ltr'>sic</span> <span class='ocrx_word' id='word_1_501' title='bbox 1363 733 1495 784; x_wconf 85' lang='lat' dir='ltr'>poteris</span> <span class='ocrx_word' id='word_1_502' title='bbox 1506 733 1576 769; x_wconf 89' lang='lat' dir='ltr'>hue</span> <span class='ocrx_word' id='word_1_503' title='bbox 1587 732 1769 780; x_wconf 74' lang='lat' dir='ltr'><strong>accedens,</strong></span> <span class='ocrx_word' id='word_1_504' title='bbox 1782 731 1869 781; x_wconf 89' lang='lat' dir='ltr'>quid</span> <span class='ocrx_word' id='word_1_505' title='bbox 1882 730 1928 768; x_wconf 89' lang='lat' dir='ltr'>sit</span> <span class='ocrx_word' id='word_1_506' title='bbox 1938 730 2024 767; x_wconf 81' lang='lat' dir='ltr'>utile</span> <span class='ocrx_word' id='word_1_507' title='bbox 2035 729 2158 780; x_wconf 80' lang='lat' dir='ltr'>explo-</span> 
     </span>
     <span class='ocr_line' id='line_1_68' title="bbox 1176 789 2160 843; baseline -0.004 -13"><span class='ocrx_word' id='word_1_508' title='bbox 1176 807 1266 830; x_wconf 86' lang='lat' dir='ltr'>rare.</span> <span class='ocrx_word' id='word_1_509' title='bbox 1279 795 1369 830; x_wconf 83' lang='lat' dir='ltr'>Nam</span> <span class='ocrx_word' id='word_1_510' title='bbox 1382 794 1443 843; x_wconf 90' lang='lat' dir='ltr'>qui</span> <span class='ocrx_word' id='word_1_511' title='bbox 1454 793 1592 829; x_wconf 88' lang='lat' dir='ltr'>nullum</span> <span class='ocrx_word' id='word_1_512' title='bbox 1605 792 1736 841; x_wconf 85' lang='lat' dir='ltr'>dogma</span> <span class='ocrx_word' id='word_1_513' title='bbox 1744 791 1968 840; x_wconf 88' lang='lat' dir='ltr'>condemnat,</span> <span class='ocrx_word' id='word_1_514' title='bbox 1978 791 2044 827; x_wconf 85' lang='lat' dir='ltr'>hoc</span> <span class='ocrx_word' id='word_1_515' title='bbox 2056 789 2160 827; x_wconf 78' lang='lat' dir='ltr'>facile</span> 
     </span>
     <span class='ocr_line' id='line_1_69' title="bbox 1175 851 2159 902; baseline -0.003 -14"><span class='ocrx_word' id='word_1_516' title='bbox 1175 851 1267 889; x_wconf 87' lang='lat' dir='ltr'>dicet</span> <span class='ocrx_word' id='word_1_517' title='bbox 1281 867 1288 887; x_wconf 92' lang='lat'><strong>:</strong></span> <span class='ocrx_word' id='word_1_518' title='bbox 1300 852 1360 902; x_wconf 87' lang='lat' dir='ltr'>qui</span> <span class='ocrx_word' id='word_1_519' title='bbox 1376 865 1459 890; x_wconf 85' lang='lat' dir='ltr'>vero</span> <span class='ocrx_word' id='word_1_520' title='bbox 1471 851 1631 899; x_wconf 84' lang='lat' dir='ltr'>damnat,</span> <span class='ocrx_word' id='word_1_521' title='bbox 1644 851 1709 888; x_wconf 83' lang='lat' dir='ltr'>etsi</span> <span class='ocrx_word' id='word_1_522' title='bbox 1725 851 1816 888; x_wconf 87' lang='lat' dir='ltr'>nihil</span> <span class='ocrx_word' id='word_1_523' title='bbox 1834 851 1953 900; x_wconf 83' lang='lat' dir='ltr'>eligat,</span> <span class='ocrx_word' id='word_1_524' title='bbox 1972 863 2159 900; x_wconf 80' lang='lat' dir='ltr'>progressu</span> 
     </span>
     <span class='ocr_line' id='line_1_70' title="bbox 1175 912 2161 965; baseline -0.004 -14"><span class='ocrx_word' id='word_1_525' title='bbox 1175 914 1344 964; x_wconf 85' lang='lat' dir='ltr'>temporis</span> <span class='ocrx_word' id='word_1_526' title='bbox 1369 914 1496 965; x_wconf 88' lang='lat' dir='ltr'>poterit</span> <span class='ocrx_word' id='word_1_527' title='bbox 1525 912 1646 951; x_wconf 80' lang='lat' dir='ltr'>videre</span> <span class='ocrx_word' id='word_1_528' title='bbox 1677 912 1766 962; x_wconf 88' lang='lat' dir='ltr'>quid</span> <span class='ocrx_word' id='word_1_529' title='bbox 1793 920 1964 963; x_wconf 75' lang='lat' dir='ltr'>oporteat.</span> <span class='ocrx_word' id='word_1_530' title='bbox 1986 912 2038 948; x_wconf 80' lang='lat' dir='ltr'>Ne</span> <span class='ocrx_word' id='word_1_531' title='bbox 2071 925 2161 962; x_wconf 71' lang='lat' dir='ltr'>prze-</span> 
     </span>
     <span class='ocr_line' id='line_1_71' title="bbox 1176 971 2162 1025; baseline -0.002 -15"><span class='ocrx_word' id='word_1_532' title='bbox 1176 982 1294 1012; x_wconf 78' lang='lat' dir='ltr'>textus</span> <span class='ocrx_word' id='word_1_533' title='bbox 1319 988 1518 1024; x_wconf 75' lang='lat' dir='ltr'>quaeramus</span> <span class='ocrx_word' id='word_1_534' title='bbox 1533 989 1540 1010; x_wconf 90' lang='lat'>:</span> <span class='ocrx_word' id='word_1_535' title='bbox 1555 973 1672 1011; x_wconf 84' lang='lat' dir='ltr'>omnia</span> <span class='ocrx_word' id='word_1_536' title='bbox 1691 973 1824 1025; x_wconf 85' lang='lat' dir='ltr'>quippe</span> <span class='ocrx_word' id='word_1_537' title='bbox 1842 972 1961 1009; x_wconf 78' lang='lat' dir='ltr'>facilia</span> <span class='ocrx_word' id='word_1_538' title='bbox 1988 981 2080 1009; x_wconf 81' lang='lat' dir='ltr'>sunt.</span> <span class='ocrx_word' id='word_1_539' title='bbox 2094 971 2162 1010; x_wconf 78' lang='lat' dir='ltr'>Vis</span> 
     </span>
     <span class='ocr_line' id='line_1_72' title="bbox 1177 1032 2160 1087; baseline -0.002 -16"><span class='ocrx_word' id='word_1_540' title='bbox 1177 1034 1361 1072; x_wconf 83' lang='lat' dir='ltr'>ostendam</span> <span class='ocrx_word' id='word_1_541' title='bbox 1379 1035 1442 1073; x_wconf 83' lang='lat' dir='ltr'>tibi</span> <span class='ocrx_word' id='word_1_542' title='bbox 1465 1035 1542 1072; x_wconf 83' lang='lat' dir='ltr'>haee</span> <span class='ocrx_word' id='word_1_543' title='bbox 1558 1043 1772 1087; x_wconf 72' lang='lat' dir='ltr'>praetextum</span> <span class='ocrx_word' id='word_1_544' title='bbox 1792 1033 1890 1071; x_wconf 74' lang='lat' dir='ltr'>esse?</span> <span class='ocrx_word' id='word_1_545' title='bbox 1912 1032 1989 1071; x_wconf 87' lang='lat' dir='ltr'>Scis</span> <span class='ocrx_word' id='word_1_546' title='bbox 2009 1046 2085 1083; x_wconf 85' lang='lat' dir='ltr'>quae</span> <span class='ocrx_word' id='word_1_547' title='bbox 2106 1033 2160 1070; x_wconf 89' lang='lat' dir='ltr'>fa-</span> 
     </span>
     <span class='ocr_line' id='line_1_73' title="bbox 1177 1094 2163 1146; baseline -0.004 -13"><span class='ocrx_word' id='word_1_548' title='bbox 1177 1095 1318 1144; x_wconf 85' lang='lat' dir='ltr'>cienda,</span> <span class='ocrx_word' id='word_1_549' title='bbox 1344 1109 1422 1146; x_wconf 85' lang='lat' dir='ltr'>quae</span> <span class='ocrx_word' id='word_1_550' title='bbox 1443 1109 1511 1133; x_wconf 93' lang='lat' dir='ltr'>non</span> <span class='ocrx_word' id='word_1_551' title='bbox 1531 1094 1715 1133; x_wconf 73' lang='lat' dir='ltr'>facienda?</span> <span class='ocrx_word' id='word_1_552' title='bbox 1735 1109 1797 1132; x_wconf 90' lang='lat' dir='ltr'>cur</span> <span class='ocrx_word' id='word_1_553' title='bbox 1819 1107 1901 1145; x_wconf 79' lang='lat' dir='ltr'>ergo</span> <span class='ocrx_word' id='word_1_554' title='bbox 1921 1107 1991 1131; x_wconf 93' lang='lat' dir='ltr'>non</span> <span class='ocrx_word' id='word_1_555' title='bbox 2012 1108 2088 1144; x_wconf 79' lang='lat' dir='ltr'>quae</span> <span class='ocrx_word' id='word_1_556' title='bbox 2107 1094 2163 1130; x_wconf 85' lang='lat' dir='ltr'>fa-</span> 
     </span>
     <span class='ocr_line' id='line_1_74' title="bbox 1177 1155 2161 1207; baseline -0.003 -12"><span class='ocrx_word' id='word_1_557' title='bbox 1177 1157 1302 1195; x_wconf 87' lang='lat' dir='ltr'>cienda</span> <span class='ocrx_word' id='word_1_558' title='bbox 1319 1166 1400 1196; x_wconf 88' lang='lat' dir='ltr'>sunt</span> <span class='ocrx_word' id='word_1_559' title='bbox 1416 1158 1515 1203; x_wconf 80' lang='lat' dir='ltr'>facis,</span> <span class='ocrx_word' id='word_1_560' title='bbox 1529 1157 1594 1196; x_wconf 87' lang='lat' dir='ltr'>sed</span> <span class='ocrx_word' id='word_1_561' title='bbox 1612 1171 1690 1207; x_wconf 87' lang='lat' dir='ltr'>quae</span> <span class='ocrx_word' id='word_1_562' title='bbox 1707 1171 1775 1194; x_wconf 91' lang='lat' dir='ltr'>non</span> <span class='ocrx_word' id='word_1_563' title='bbox 1793 1155 1981 1194; x_wconf 74' lang='lat' dir='ltr'>facienda?</span> <span class='ocrx_word' id='word_1_564' title='bbox 1997 1156 2067 1192; x_wconf 87' lang='lat' dir='ltr'>Fae</span> <span class='ocrx_word' id='word_1_565' title='bbox 2087 1155 2161 1203; x_wconf 80' lang='lat' dir='ltr'>illa,</span> 
     </span>
     <span class='ocr_line' id='line_1_75' title="bbox 1176 1219 2162 1272; baseline -0.004 -13"><span class='ocrx_word' id='word_1_566' title='bbox 1176 1230 1210 1259; x_wconf 86' lang='lat' dir='ltr'>et</span> <span class='ocrx_word' id='word_1_567' title='bbox 1237 1230 1330 1259; x_wconf 88' lang='lat' dir='ltr'>recta</span> <span class='ocrx_word' id='word_1_568' title='bbox 1349 1221 1482 1259; x_wconf 84' lang='lat' dir='ltr'>ratione</span> <span class='ocrx_word' id='word_1_569' title='bbox 1501 1236 1618 1272; x_wconf 84' lang='lat' dir='ltr'>quaere</span> <span class='ocrx_word' id='word_1_570' title='bbox 1639 1235 1658 1258; x_wconf 88' lang='lat' dir='ltr'>a</span> <span class='ocrx_word' id='word_1_571' title='bbox 1678 1222 1765 1269; x_wconf 91' lang='lat' dir='ltr'>Deo,</span> <span class='ocrx_word' id='word_1_572' title='bbox 1784 1229 1816 1258; x_wconf 88' lang='lat' dir='ltr'>et</span> <span class='ocrx_word' id='word_1_573' title='bbox 1836 1221 1910 1272; x_wconf 85' lang='lat' dir='ltr'>ipse</span> <span class='ocrx_word' id='word_1_574' title='bbox 1931 1219 1999 1257; x_wconf 83' lang='lat' dir='ltr'>tibi</span> <span class='ocrx_word' id='word_1_575' title='bbox 2019 1219 2162 1256; x_wconf 89' lang='lat' dir='ltr'>omnino</span> 
     </span>
     <span class='ocr_line' id='line_1_76' title="bbox 1118 1282 2162 1340; baseline -0.002 -21"><span class='ocrx_word' id='word_1_576' title='bbox 1118 1316 1167 1340; x_wconf 62' lang='lat'>260</span> <span class='ocrx_word' id='word_1_577' title='bbox 1177 1282 1363 1321; x_wconf 70' lang='lat' dir='ltr'>revelabit.</span> <span class='ocrx_word' id='word_1_578' title='bbox 1383 1284 1490 1320; x_wconf 79' lang='lat' dir='ltr'>Deus</span> <span class='ocrx_word' id='word_1_579' title='bbox 1510 1285 1626 1332; x_wconf 85' lang='lat' dir='ltr'>enim,</span> <span class='ocrx_word' id='word_1_580' title='bbox 1650 1282 1764 1332; x_wconf 82' lang='lat' dir='ltr'>inquit</span> <span class='ocrx_word' id='word_1_581' title='bbox 1777 1311 1787 1330; x_wconf 91' lang='lat'>,</span> <span class='ocrx_word' id='word_1_582' title='bbox 1810 1295 1887 1318; x_wconf 85' lang='lat' dir='ltr'>non</span> <span class='ocrx_word' id='word_1_583' title='bbox 1905 1289 1959 1318; x_wconf 80' lang='lat' dir='ltr'>est</span> <span class='ocrx_word' id='word_1_584' title='bbox 1978 1294 2162 1332; x_wconf 78' lang='lat' dir='ltr'>persona-</span> 
     </span>
     <span class='ocr_line' id='line_1_77' title="bbox 1130 1342 2161 1396; baseline -0.003 -14"><span class='ocrx_word' id='word_1_585' title='bbox 1130 1354 1154 1382; x_wconf 79' lang='grc' dir='ltr'><strong>Α</strong></span> <span class='ocrx_word' id='word_1_586' title='bbox 1177 1358 1263 1382; x_wconf 82' lang='lat' dir='ltr'>rum</span> <span class='ocrx_word' id='word_1_587' title='bbox 1278 1353 1457 1396; x_wconf 83' lang='lat' dir='ltr'>acceptor</span> <span class='ocrx_word' id='word_1_588' title='bbox 1465 1361 1480 1389; x_wconf 87' lang='lat'><em>;</em></span> <span class='ocrx_word' id='word_1_589' title='bbox 1497 1343 1559 1381; x_wconf 89' lang='lat' dir='ltr'>sed</span> <span class='ocrx_word' id='word_1_590' title='bbox 1574 1343 1609 1381; x_wconf 94' lang='lat' dir='ltr'>in</span> <span class='ocrx_word' id='word_1_591' title='bbox 1625 1343 1721 1381; x_wconf 88' lang='lat' dir='ltr'>omni</span> <span class='ocrx_word' id='word_1_592' title='bbox 1737 1352 1838 1394; x_wconf 78' lang='lat' dir='ltr'>gente</span> <span class='ocrx_word' id='word_1_593' title='bbox 1853 1342 1915 1393; x_wconf 80' lang='lat' dir='ltr'>qui</span> <span class='ocrx_word' id='word_1_594' title='bbox 1931 1342 2030 1380; x_wconf 84' lang='lat' dir='ltr'>timet</span> <span class='ocrx_word' id='word_1_595' title='bbox 2045 1343 2161 1379; x_wconf 90' lang='lat' dir='ltr'>Deum</span> 
     </span>
     <span class='ocr_line' id='line_1_78' title="bbox 1177 1403 2161 1457; baseline -0.003 -14"><span class='ocrx_word' id='word_1_596' title='bbox 1177 1415 1210 1443; x_wconf 87' lang='lat' dir='ltr'>et</span> <span class='ocrx_word' id='word_1_597' title='bbox 1228 1405 1309 1443; x_wconf 85' lang='lat' dir='ltr'>facit</span> <span class='ocrx_word' id='word_1_598' title='bbox 1329 1405 1522 1457; x_wconf 84' lang='lat' dir='ltr'>justitiam,</span> <span class='ocrx_word' id='word_1_599' title='bbox 1543 1414 1705 1456; x_wconf 85' lang='lat' dir='ltr'>acceptus</span> <span class='ocrx_word' id='word_1_600' title='bbox 1725 1404 1778 1441; x_wconf 84' lang='lat' dir='ltr'>illi</span> <span class='ocrx_word' id='word_1_601' title='bbox 1795 1413 1856 1442; x_wconf 88' lang='lat' dir='ltr'>est.</span> <span class='ocrx_word' id='word_1_602' title='bbox 1878 1404 1957 1441; x_wconf 80' lang='lat' dir='ltr'>Non</span> <span class='ocrx_word' id='word_1_603' title='bbox 1984 1412 2100 1455; x_wconf 86' lang='lat' dir='ltr'>potest</span> <span class='ocrx_word' id='word_1_604' title='bbox 2121 1403 2161 1449; x_wconf 89' lang='lat' dir='ltr'>is,</span> 
     </span>
     <span class='ocr_line' id='line_1_79' title="bbox 1176 1464 2163 1519; baseline -0.003 -15"><span class='ocrx_word' id='word_1_605' title='bbox 1176 1467 1237 1518; x_wconf 88' lang='lat' dir='ltr'>qui</span> <span class='ocrx_word' id='word_1_606' title='bbox 1257 1467 1389 1518; x_wconf 83' lang='lat' dir='ltr'>absque</span> <span class='ocrx_word' id='word_1_607' title='bbox 1414 1466 1643 1519; x_wconf 79' lang='lat' dir='ltr'>praejudieata</span> <span class='ocrx_word' id='word_1_608' title='bbox 1674 1465 1838 1518; x_wconf 84' lang='lat' dir='ltr'>opinione</span> <span class='ocrx_word' id='word_1_609' title='bbox 1859 1464 1970 1512; x_wconf 88' lang='lat' dir='ltr'>audit,</span> <span class='ocrx_word' id='word_1_610' title='bbox 1994 1479 2062 1502; x_wconf 92' lang='lat' dir='ltr'>non</span> <span class='ocrx_word' id='word_1_611' title='bbox 2082 1479 2163 1516; x_wconf 82' lang='lat' dir='ltr'>per-</span> 
     </span>
     <span class='ocr_line' id='line_1_80' title="bbox 1175 1525 2163 1579; baseline -0.005 -12"><span class='ocrx_word' id='word_1_612' title='bbox 1175 1529 1329 1567; x_wconf 81' lang='lat' dir='ltr'>suaderi.</span> <span class='ocrx_word' id='word_1_613' title='bbox 1344 1530 1394 1567; x_wconf 85' lang='lat' dir='ltr'>Ut</span> <span class='ocrx_word' id='word_1_614' title='bbox 1407 1529 1501 1566; x_wconf 90' lang='lat' dir='ltr'>enim</span> <span class='ocrx_word' id='word_1_615' title='bbox 1514 1528 1543 1566; x_wconf 90' lang='lat' dir='ltr'>si</span> <span class='ocrx_word' id='word_1_616' title='bbox 1562 1528 1686 1579; x_wconf 80' lang='lat' dir='ltr'>regula</span> <span class='ocrx_word' id='word_1_617' title='bbox 1703 1527 1866 1577; x_wconf 81' lang='lat' dir='ltr'>quaedam</span> <span class='ocrx_word' id='word_1_618' title='bbox 1883 1535 1982 1574; x_wconf 84' lang='lat' dir='ltr'>esset,</span> <span class='ocrx_word' id='word_1_619' title='bbox 1994 1525 2038 1563; x_wconf 88' lang='lat' dir='ltr'>ad</span> <span class='ocrx_word' id='word_1_620' title='bbox 2055 1540 2163 1576; x_wconf 85' lang='lat' dir='ltr'>quam</span> 
     </span>
     <span class='ocr_line' id='line_1_81' title="bbox 1175 1587 2162 1641; baseline -0.004 -13"><span class='ocrx_word' id='word_1_621' title='bbox 1175 1605 1294 1628; x_wconf 91' lang='lat' dir='ltr'>omnes</span> <span class='ocrx_word' id='word_1_622' title='bbox 1314 1590 1423 1640; x_wconf 80' lang='lat' dir='ltr'>dirigi</span> <span class='ocrx_word' id='word_1_623' title='bbox 1442 1599 1642 1641; x_wconf 86' lang='lat' dir='ltr'>oporteret,</span> <span class='ocrx_word' id='word_1_624' title='bbox 1664 1603 1733 1625; x_wconf 93' lang='lat' dir='ltr'>non</span> <span class='ocrx_word' id='word_1_625' title='bbox 1752 1589 1864 1625; x_wconf 87' lang='lat' dir='ltr'>multa</span> <span class='ocrx_word' id='word_1_626' title='bbox 1881 1587 2162 1625; x_wconf 80' lang='lat' dir='ltr'>consideratione</span> 
     </span>
     <span class='ocr_line' id='line_1_82' title="bbox 1174 1648 2162 1703; baseline -0.003 -15"><span class='ocrx_word' id='word_1_627' title='bbox 1174 1665 1263 1703; x_wconf 87' lang='lat' dir='ltr'>opus</span> <span class='ocrx_word' id='word_1_628' title='bbox 1279 1659 1377 1699; x_wconf 87' lang='lat' dir='ltr'>esset,</span> <span class='ocrx_word' id='word_1_629' title='bbox 1391 1650 1452 1688; x_wconf 89' lang='lat' dir='ltr'>sed</span> <span class='ocrx_word' id='word_1_630' title='bbox 1469 1650 1561 1687; x_wconf 89' lang='lat' dir='ltr'>male</span> <span class='ocrx_word' id='word_1_631' title='bbox 1579 1649 1782 1687; x_wconf 82' lang='lat' dir='ltr'>metientem</span> <span class='ocrx_word' id='word_1_632' title='bbox 1802 1649 1904 1686; x_wconf 83' lang='lat' dir='ltr'>facile</span> <span class='ocrx_word' id='word_1_633' title='bbox 1921 1648 2162 1700; x_wconf 81' lang='lat' dir='ltr'>deprehende-</span> 
     </span>
     <span class='ocr_line' id='line_1_83' title="bbox 1173 1711 2162 1764; baseline -0.001 -14"><span class='ocrx_word' id='word_1_634' title='bbox 1173 1727 1292 1751; x_wconf 82' lang='lat' dir='ltr'>remus</span> <span class='ocrx_word' id='word_1_635' title='bbox 1307 1729 1314 1749; x_wconf 92' lang='lat'>:</span> <span class='ocrx_word' id='word_1_636' title='bbox 1329 1713 1377 1750; x_wconf 87' lang='lat' dir='ltr'>ita</span> <span class='ocrx_word' id='word_1_637' title='bbox 1402 1722 1435 1750; x_wconf 90' lang='lat' dir='ltr'>et</span> <span class='ocrx_word' id='word_1_638' title='bbox 1468 1727 1573 1751; x_wconf 90' lang='lat' dir='ltr'>nunc.</span> <span class='ocrx_word' id='word_1_639' title='bbox 1602 1712 1790 1759; x_wconf 79' lang='lat' dir='ltr'>Quomodo</span> <span class='ocrx_word' id='word_1_640' title='bbox 1813 1726 1895 1764; x_wconf 81' lang='lat' dir='ltr'>ergo</span> <span class='ocrx_word' id='word_1_641' title='bbox 1915 1726 1984 1750; x_wconf 92' lang='lat' dir='ltr'>non</span> <span class='ocrx_word' id='word_1_642' title='bbox 2005 1711 2162 1750; x_wconf 71' lang='lat' dir='ltr'>vident?</span> 
     </span>
     <span class='ocr_line' id='line_1_84' title="bbox 1173 1772 2161 1826; baseline -0.003 -14"><span class='ocrx_word' id='word_1_643' title='bbox 1173 1774 1290 1812; x_wconf 81' lang='lat' dir='ltr'>Multa</span> <span class='ocrx_word' id='word_1_644' title='bbox 1309 1774 1346 1811; x_wconf 88' lang='lat' dir='ltr'>id</span> <span class='ocrx_word' id='word_1_645' title='bbox 1364 1774 1542 1821; x_wconf 83' lang='lat' dir='ltr'>efficiunt,</span> <span class='ocrx_word' id='word_1_646' title='bbox 1562 1773 1792 1826; x_wconf 81' lang='lat' dir='ltr'>praejudicata</span> <span class='ocrx_word' id='word_1_647' title='bbox 1812 1772 1933 1825; x_wconf 86' lang='lat' dir='ltr'>opinio</span> <span class='ocrx_word' id='word_1_648' title='bbox 1947 1803 1957 1821; x_wconf 89' lang='lat'>,</span> <span class='ocrx_word' id='word_1_649' title='bbox 1977 1773 2161 1810; x_wconf 78' lang='lat' dir='ltr'>humanae-</span> 
     </span>
     <span class='ocr_line' id='line_1_85' title="bbox 1174 1833 2157 1886; baseline -0.001 -15"><span class='ocrx_word' id='word_1_650' title='bbox 1174 1850 1241 1886; x_wconf 89' lang='lat' dir='ltr'>que</span> <span class='ocrx_word' id='word_1_651' title='bbox 1260 1849 1386 1873; x_wconf 78' lang='lat' dir='ltr'>causae.</span> <span class='ocrx_word' id='word_1_652' title='bbox 1409 1835 1485 1873; x_wconf 87' lang='lat' dir='ltr'>Hoc</span> <span class='ocrx_word' id='word_1_653' title='bbox 1504 1835 1610 1872; x_wconf 86' lang='lat' dir='ltr'>etiam</span> <span class='ocrx_word' id='word_1_654' title='bbox 1630 1835 1675 1872; x_wconf 88' lang='lat' dir='ltr'>dc</span> <span class='ocrx_word' id='word_1_655' title='bbox 1706 1835 1823 1885; x_wconf 81' lang='lat' dir='ltr'>nobis,</span> <span class='ocrx_word' id='word_1_656' title='bbox 1845 1834 2003 1885; x_wconf 82' lang='lat' dir='ltr'>inquies,</span> <span class='ocrx_word' id='word_1_657' title='bbox 2024 1834 2078 1871; x_wconf 83' lang='lat' dir='ltr'>illi</span> <span class='ocrx_word' id='word_1_658' title='bbox 2097 1833 2157 1870; x_wconf 83' lang='lat' dir='ltr'>di-</span> 
     </span>
     <span class='ocr_line' id='line_1_86' title="bbox 1174 1893 2161 1943; baseline -0.003 -9"><span class='ocrx_word' id='word_1_659' title='bbox 1174 1907 1268 1935; x_wconf 90' lang='lat' dir='ltr'>eunt.</span> <span class='ocrx_word' id='word_1_660' title='bbox 1307 1895 1520 1943; x_wconf 75' lang='lat' dir='ltr'>Quomodo?</span> <span class='ocrx_word' id='word_1_661' title='bbox 1543 1910 1628 1933; x_wconf 90' lang='lat' dir='ltr'>num</span> <span class='ocrx_word' id='word_1_662' title='bbox 1658 1896 1702 1933; x_wconf 89' lang='lat' dir='ltr'>ab</span> <span class='ocrx_word' id='word_1_663' title='bbox 1736 1895 1892 1933; x_wconf 78' lang='lat' dir='ltr'>Ecclesia</span> <span class='ocrx_word' id='word_1_664' title='bbox 1927 1909 1989 1933; x_wconf 82' lang='lat' dir='ltr'>nos</span> <span class='ocrx_word' id='word_1_665' title='bbox 2022 1893 2161 1932; x_wconf 87' lang='lat' dir='ltr'>excidi-</span> 
     </span>
    </p>

    <p class='ocr_par' dir='ltr' id='par_1_17' title="bbox 1129 1955 2169 2635">
     <span class='ocr_line' id='line_1_87' title="bbox 1129 1955 2160 1995; baseline -0.003 0"><span class='ocrx_word' id='word_1_666' title='bbox 1129 1959 1150 1989; x_wconf 82' lang='grc' dir='ltr'>Β</span> <span class='ocrx_word' id='word_1_667' title='bbox 1174 1958 1280 1995; x_wconf 74' lang='lat' dir='ltr'>mus?</span> <span class='ocrx_word' id='word_1_668' title='bbox 1297 1972 1383 1995; x_wconf 91' lang='lat' dir='ltr'>num</span> <span class='ocrx_word' id='word_1_669' title='bbox 1401 1957 1651 1994; x_wconf 79' lang='lat' dir='ltr'>haeresiarchas</span> <span class='ocrx_word' id='word_1_670' title='bbox 1670 1957 1865 1994; x_wconf 67' lang='lat' dir='ltr'>babemus?</span> <span class='ocrx_word' id='word_1_671' title='bbox 1882 1971 1968 1994; x_wconf 87' lang='lat' dir='ltr'>num</span> <span class='ocrx_word' id='word_1_672' title='bbox 1983 1956 2028 1993; x_wconf 78' lang='lat' dir='ltr'>ab</span> <span class='ocrx_word' id='word_1_673' title='bbox 2043 1955 2160 1992; x_wconf 84' lang='lat' dir='ltr'>homi-</span> 
     </span>
     <span class='ocr_line' id='line_1_88' title="bbox 1173 2017 2161 2070; baseline -0.002 -14"><span class='ocrx_word' id='word_1_674' title='bbox 1173 2019 1279 2056; x_wconf 82' lang='lat' dir='ltr'>nibus</span> <span class='ocrx_word' id='word_1_675' title='bbox 1298 2033 1423 2057; x_wconf 86' lang='lat' dir='ltr'>nomen</span> <span class='ocrx_word' id='word_1_676' title='bbox 1440 2018 1659 2070; x_wconf 69' lang='lat' dir='ltr'>accipimus?</span> <span class='ocrx_word' id='word_1_677' title='bbox 1673 2033 1758 2055; x_wconf 90' lang='lat' dir='ltr'>num</span> <span class='ocrx_word' id='word_1_678' title='bbox 1772 2018 1849 2055; x_wconf 77' lang='lat' dir='ltr'>dux</span> <span class='ocrx_word' id='word_1_679' title='bbox 1866 2018 2045 2069; x_wconf 83' lang='lat' dir='ltr'>quispiam</span> <span class='ocrx_word' id='word_1_680' title='bbox 2058 2017 2161 2055; x_wconf 85' lang='lat' dir='ltr'>nobis</span> 
     </span>
     <span class='ocr_line' id='line_1_89' title="bbox 1175 2079 2160 2129; baseline -0.002 -11"><span class='ocrx_word' id='word_1_681' title='bbox 1175 2090 1237 2129; x_wconf 85' lang='lat' dir='ltr'>est,</span> <span class='ocrx_word' id='word_1_682' title='bbox 1259 2090 1298 2118; x_wconf 87' lang='lat' dir='ltr'>ut</span> <span class='ocrx_word' id='word_1_683' title='bbox 1316 2081 1388 2118; x_wconf 88' lang='lat' dir='ltr'>illis</span> <span class='ocrx_word' id='word_1_684' title='bbox 1410 2081 1584 2122; x_wconf 81' lang='lat' dir='ltr'>Marcion,</span> <span class='ocrx_word' id='word_1_685' title='bbox 1605 2079 1678 2117; x_wconf 85' lang='lat' dir='ltr'>illis</span> <span class='ocrx_word' id='word_1_686' title='bbox 1698 2080 1931 2129; x_wconf 54' lang='lat' dir='ltr'>Manichacus,</span> <span class='ocrx_word' id='word_1_687' title='bbox 1952 2079 2023 2116; x_wconf 87' lang='lat' dir='ltr'>illis</span> <span class='ocrx_word' id='word_1_688' title='bbox 2044 2079 2160 2127; x_wconf 85' lang='lat' dir='ltr'>Arius,</span> 
     </span>
     <span class='ocr_line' id='line_1_90' title="bbox 1173 2141 2163 2193; baseline -0.003 -13"><span class='ocrx_word' id='word_1_689' title='bbox 1173 2143 1246 2180; x_wconf 84' lang='lat' dir='ltr'>illis</span> <span class='ocrx_word' id='word_1_690' title='bbox 1269 2143 1360 2180; x_wconf 90' lang='lat' dir='ltr'>alius</span> <span class='ocrx_word' id='word_1_691' title='bbox 1385 2142 1527 2179; x_wconf 84' lang='lat' dir='ltr'>haeresis</span> <span class='ocrx_word' id='word_1_692' title='bbox 1546 2141 1733 2193; x_wconf 75' lang='lat' dir='ltr'>princeps?</span> <span class='ocrx_word' id='word_1_693' title='bbox 1753 2141 1863 2189; x_wconf 86' lang='lat' dir='ltr'>Quod</span> <span class='ocrx_word' id='word_1_694' title='bbox 1891 2142 1921 2178; x_wconf 89' lang='lat' dir='ltr'>si</span> <span class='ocrx_word' id='word_1_695' title='bbox 1948 2155 2012 2178; x_wconf 86' lang='lat' dir='ltr'>nos</span> <span class='ocrx_word' id='word_1_696' title='bbox 2045 2142 2163 2192; x_wconf 83' lang='lat' dir='ltr'>cujus-</span> 
     </span>
     <span class='ocr_line' id='line_1_91' title="bbox 1174 2203 2162 2256; baseline -0.003 -14"><span class='ocrx_word' id='word_1_697' title='bbox 1174 2205 1271 2256; x_wconf 89' lang='lat' dir='ltr'>piam</span> <span class='ocrx_word' id='word_1_698' title='bbox 1290 2218 1417 2242; x_wconf 86' lang='lat' dir='ltr'>nomen</span> <span class='ocrx_word' id='word_1_699' title='bbox 1436 2204 1591 2241; x_wconf 86' lang='lat' dir='ltr'>feramus</span> <span class='ocrx_word' id='word_1_700' title='bbox 1603 2217 1613 2251; x_wconf 74' lang='lat'><em>3</em></span> <span class='ocrx_word' id='word_1_701' title='bbox 1633 2213 1669 2240; x_wconf 86' lang='lat' dir='ltr'>at</span> <span class='ocrx_word' id='word_1_702' title='bbox 1695 2217 1764 2240; x_wconf 92' lang='lat' dir='ltr'>non</span> <span class='ocrx_word' id='word_1_703' title='bbox 1785 2203 1956 2241; x_wconf 86' lang='lat' dir='ltr'>habemus</span> <span class='ocrx_word' id='word_1_704' title='bbox 1976 2212 2077 2240; x_wconf 80' lang='lat' dir='ltr'>sectae</span> <span class='ocrx_word' id='word_1_705' title='bbox 2097 2217 2162 2240; x_wconf 87' lang='lat' dir='ltr'>au-</span> 
     </span>
     <span class='ocr_line' id='line_1_92' title="bbox 1175 2264 2162 2318; baseline -0.003 -14"><span class='ocrx_word' id='word_1_706' title='bbox 1175 2275 1299 2314; x_wconf 83' lang='lat' dir='ltr'>ctores,</span> <span class='ocrx_word' id='word_1_707' title='bbox 1332 2265 1393 2304; x_wconf 90' lang='lat' dir='ltr'>sed</span> <span class='ocrx_word' id='word_1_708' title='bbox 1422 2267 1606 2318; x_wconf 81' lang='lat' dir='ltr'>praefectos</span> <span class='ocrx_word' id='word_1_709' title='bbox 1637 2275 1671 2303; x_wconf 87' lang='lat' dir='ltr'>et</span> <span class='ocrx_word' id='word_1_710' title='bbox 1703 2265 1955 2317; x_wconf 82' lang='lat' dir='ltr'>gubernatores</span> <span class='ocrx_word' id='word_1_711' title='bbox 1982 2264 2162 2302; x_wconf 84' lang='lat' dir='ltr'>Ecclesiae.</span> 
     </span>
     <span class='ocr_line' id='line_1_93' title="bbox 1175 2325 2167 2380; baseline -0.003 -15"><span class='ocrx_word' id='word_1_712' title='bbox 1175 2329 1255 2365; x_wconf 85' lang='lat' dir='ltr'>Non</span> <span class='ocrx_word' id='word_1_713' title='bbox 1294 2328 1467 2365; x_wconf 86' lang='lat' dir='ltr'>habemus</span> <span class='ocrx_word' id='word_1_714' title='bbox 1500 2329 1687 2380; x_wconf 84' lang='lat' dir='ltr'>magistros</span> <span class='ocrx_word' id='word_1_715' title='bbox 1721 2341 1826 2379; x_wconf 85' lang='lat' dir='ltr'>super</span> <span class='ocrx_word' id='word_1_716' title='bbox 1857 2335 1989 2364; x_wconf 83' lang='lat' dir='ltr'>terram</span> <span class='ocrx_word' id='word_1_717' title='bbox 2015 2341 2022 2362; x_wconf 94' lang='lat'>:</span> <span class='ocrx_word' id='word_1_718' title='bbox 2047 2325 2138 2363; x_wconf 86' lang='lat' dir='ltr'>absit</span> <span class='ocrx_word' id='word_1_719' title='bbox 2157 2355 2167 2373; x_wconf 87' lang='lat'>‚</span> 
     </span>
     <span class='ocr_line' id='line_1_94' title="bbox 1176 2386 2169 2438; baseline -0.002 -13"><span class='ocrx_word' id='word_1_720' title='bbox 1176 2402 1289 2426; x_wconf 86' lang='lat' dir='ltr'>unum</span> <span class='ocrx_word' id='word_1_721' title='bbox 1302 2389 1474 2427; x_wconf 87' lang='lat' dir='ltr'>habemus</span> <span class='ocrx_word' id='word_1_722' title='bbox 1494 2390 1529 2427; x_wconf 88' lang='lat' dir='ltr'>in</span> <span class='ocrx_word' id='word_1_723' title='bbox 1549 2390 1657 2427; x_wconf 85' lang='lat' dir='ltr'>caelis.</span> <span class='ocrx_word' id='word_1_724' title='bbox 1677 2389 1735 2427; x_wconf 87' lang='lat' dir='ltr'>Illi</span> <span class='ocrx_word' id='word_1_725' title='bbox 1755 2402 1910 2438; x_wconf 88' lang='lat' dir='ltr'>quoque,</span> <span class='ocrx_word' id='word_1_726' title='bbox 1928 2387 2079 2437; x_wconf 85' lang='lat' dir='ltr'>inquies,</span> <span class='ocrx_word' id='word_1_727' title='bbox 2093 2386 2169 2424; x_wconf 84' lang='lat' dir='ltr'>haec</span> 
     </span>
     <span class='ocr_line' id='line_1_95' title="bbox 1177 2448 2168 2499; baseline -0.003 -11"><span class='ocrx_word' id='word_1_728' title='bbox 1177 2450 1385 2489; x_wconf 86' lang='lat' dir='ltr'>obtendunt.</span> <span class='ocrx_word' id='word_1_729' title='bbox 1403 2454 1540 2491; x_wconf 76' lang='lat' dir='ltr'>Verum</span> <span class='ocrx_word' id='word_1_730' title='bbox 1569 2451 1701 2488; x_wconf 84' lang='lat' dir='ltr'>habent</span> <span class='ocrx_word' id='word_1_731' title='bbox 1730 2464 1870 2499; x_wconf 88' lang='lat' dir='ltr'>nomen,</span> <span class='ocrx_word' id='word_1_732' title='bbox 1894 2449 1991 2499; x_wconf 86' lang='lat' dir='ltr'>quod</span> <span class='ocrx_word' id='word_1_733' title='bbox 2010 2448 2089 2485; x_wconf 88' lang='lat' dir='ltr'>illos</span> <span class='ocrx_word' id='word_1_734' title='bbox 2109 2462 2168 2485; x_wconf 88' lang='lat' dir='ltr'>ac-</span> 
     </span>
     <span class='ocr_line' id='line_1_96' title="bbox 1179 2516 2166 2568; baseline -0.003 -14"><span class='ocrx_word' id='word_1_735' title='bbox 1179 2526 1289 2565; x_wconf 86' lang='lat' dir='ltr'>cusat,</span> <span class='ocrx_word' id='word_1_736' title='bbox 1308 2518 1524 2568; x_wconf 83' lang='lat' dir='ltr'>illorumque</span> <span class='ocrx_word' id='word_1_737' title='bbox 1557 2532 1617 2555; x_wconf 90' lang='lat' dir='ltr'>ora</span> <span class='ocrx_word' id='word_1_738' title='bbox 1640 2517 1804 2555; x_wconf 83' lang='lat' dir='ltr'>obstruit.</span> <span class='ocrx_word' id='word_1_739' title='bbox 1833 2516 1942 2553; x_wconf 86' lang='lat' dir='ltr'>Multi</span> <span class='ocrx_word' id='word_1_740' title='bbox 1964 2516 2062 2553; x_wconf 87' lang='lat' dir='ltr'>fuere</span> <span class='ocrx_word' id='word_1_741' title='bbox 2083 2528 2166 2565; x_wconf 81' lang='lat' dir='ltr'>gen-</span> 
     </span>
     <span class='ocr_line' id='line_1_97' title="bbox 1179 2582 2168 2635; baseline -0.004 -13"><span class='ocrx_word' id='word_1_742' title='bbox 1179 2585 1274 2635; x_wconf 86' lang='lat' dir='ltr'>tiles,</span> <span class='ocrx_word' id='word_1_743' title='bbox 1292 2594 1325 2622; x_wconf 87' lang='lat' dir='ltr'>et</span> <span class='ocrx_word' id='word_1_744' title='bbox 1339 2585 1460 2622; x_wconf 86' lang='lat' dir='ltr'>nullus</span> <span class='ocrx_word' id='word_1_745' title='bbox 1479 2585 1555 2622; x_wconf 83' lang='lat' dir='ltr'>haee</span> <span class='ocrx_word' id='word_1_746' title='bbox 1569 2583 1800 2635; x_wconf 79' lang='lat' dir='ltr'>interrogavit</span> <span class='ocrx_word' id='word_1_747' title='bbox 1816 2599 1823 2619; x_wconf 92' lang='lat'>:</span> <span class='ocrx_word' id='word_1_748' title='bbox 1841 2592 1873 2621; x_wconf 89' lang='lat' dir='ltr'>et</span> <span class='ocrx_word' id='word_1_749' title='bbox 1893 2582 1991 2635; x_wconf 82' lang='lat' dir='ltr'>apud</span> <span class='ocrx_word' id='word_1_750' title='bbox 2009 2582 2168 2634; x_wconf 85' lang='lat' dir='ltr'>philoso-</span> 
     </span>
    </p>

    <p class='ocr_par' dir='ltr' id='par_1_18' title="bbox 1134 2632 2170 3106">
     <span class='ocr_line' id='line_1_98' title="bbox 1134 2632 2167 2703; baseline -0.002 -15"><span class='ocrx_word' id='word_1_751' title='bbox 1134 2632 1158 2662; x_wconf 54' lang='grc' dir='ltr'><strong><em>Ω</em></strong></span> <span class='ocrx_word' id='word_1_752' title='bbox 1180 2652 1270 2703; x_wconf 86' lang='lat' dir='ltr'>phos</span> <span class='ocrx_word' id='word_1_753' title='bbox 1290 2651 1366 2689; x_wconf 85' lang='lat' dir='ltr'>haee</span> <span class='ocrx_word' id='word_1_754' title='bbox 1388 2660 1487 2689; x_wconf 86' lang='lat' dir='ltr'>erant</span> <span class='ocrx_word' id='word_1_755' title='bbox 1498 2681 1508 2701; x_wconf 94' lang='lat'>,</span> <span class='ocrx_word' id='word_1_756' title='bbox 1529 2660 1562 2688; x_wconf 87' lang='lat' dir='ltr'>et</span> <span class='ocrx_word' id='word_1_757' title='bbox 1581 2651 1701 2688; x_wconf 91' lang='lat' dir='ltr'>nullus</span> <span class='ocrx_word' id='word_1_758' title='bbox 1717 2664 1839 2688; x_wconf 87' lang='lat' dir='ltr'>eorum</span> <span class='ocrx_word' id='word_1_759' title='bbox 1852 2680 1862 2699; x_wconf 95' lang='lat'>,</span> <span class='ocrx_word' id='word_1_760' title='bbox 1885 2649 1947 2701; x_wconf 85' lang='lat' dir='ltr'>qui</span> <span class='ocrx_word' id='word_1_761' title='bbox 1965 2658 2095 2687; x_wconf 88' lang='lat' dir='ltr'>rectam</span> <span class='ocrx_word' id='word_1_762' title='bbox 2112 2663 2167 2687; x_wconf 87' lang='lat' dir='ltr'>se-</span> 
     </span>
     <span class='ocr_line' id='line_1_99' title="bbox 1182 2716 2165 2771; baseline -0.004 -14"><span class='ocrx_word' id='word_1_763' title='bbox 1182 2728 1275 2757; x_wconf 86' lang='lat' dir='ltr'>ctam</span> <span class='ocrx_word' id='word_1_764' title='bbox 1294 2719 1477 2767; x_wconf 81' lang='lat' dir='ltr'>haberent,</span> <span class='ocrx_word' id='word_1_765' title='bbox 1498 2718 1703 2771; x_wconf 86' lang='lat' dir='ltr'>prohibitus</span> <span class='ocrx_word' id='word_1_766' title='bbox 1720 2727 1782 2755; x_wconf 88' lang='lat' dir='ltr'>est.</span> <span class='ocrx_word' id='word_1_767' title='bbox 1797 2718 1870 2755; x_wconf 89' lang='lat' dir='ltr'>Cur</span> <span class='ocrx_word' id='word_1_768' title='bbox 1891 2731 1959 2754; x_wconf 92' lang='lat' dir='ltr'>non</span> <span class='ocrx_word' id='word_1_769' title='bbox 1979 2716 2165 2763; x_wconf 78' lang='lat' dir='ltr'>dixerunt,</span> 
     </span>
     <span class='ocr_line' id='line_1_100' title="bbox 1182 2782 2167 2837; baseline -0.005 -13"><span class='ocrx_word' id='word_1_770' title='bbox 1182 2786 1325 2837; x_wconf 89' lang='lat' dir='ltr'>quando</span> <span class='ocrx_word' id='word_1_771' title='bbox 1347 2786 1423 2823; x_wconf 86' lang='lat' dir='ltr'>haec</span> <span class='ocrx_word' id='word_1_772' title='bbox 1443 2785 1658 2833; x_wconf 75' lang='lat' dir='ltr'>movebant,</span> <span class='ocrx_word' id='word_1_773' title='bbox 1678 2783 1774 2835; x_wconf 88' lang='lat' dir='ltr'>quod</span> <span class='ocrx_word' id='word_1_774' title='bbox 1796 2793 1829 2821; x_wconf 89' lang='lat' dir='ltr'>et</span> <span class='ocrx_word' id='word_1_775' title='bbox 1856 2784 1895 2821; x_wconf 90' lang='lat' dir='ltr'>hi</span> <span class='ocrx_word' id='word_1_776' title='bbox 1914 2792 1947 2821; x_wconf 88' lang='lat' dir='ltr'>et</span> <span class='ocrx_word' id='word_1_777' title='bbox 1966 2783 2020 2820; x_wconf 89' lang='lat' dir='ltr'>illi</span> <span class='ocrx_word' id='word_1_778' title='bbox 2051 2782 2167 2822; x_wconf 75' lang='lat' dir='ltr'>Judaei</span> 
     </span>
     <span class='ocr_line' id='line_1_101' title="bbox 1183 2850 2167 2904; baseline -0.004 -13"><span class='ocrx_word' id='word_1_779' title='bbox 1183 2862 1310 2903; x_wconf 79' lang='lat' dir='ltr'>essent,</span> <span class='ocrx_word' id='word_1_780' title='bbox 1331 2861 1364 2890; x_wconf 89' lang='lat' dir='ltr'>et</span> <span class='ocrx_word' id='word_1_781' title='bbox 1382 2852 1455 2891; x_wconf 87' lang='lat' dir='ltr'>utri</span> <span class='ocrx_word' id='word_1_782' title='bbox 1475 2852 1717 2904; x_wconf 81' lang='lat' dir='ltr'>obtemperare</span> <span class='ocrx_word' id='word_1_783' title='bbox 1733 2851 1893 2903; x_wconf 75' lang='lat' dir='ltr'>oportet?</span> <span class='ocrx_word' id='word_1_784' title='bbox 1914 2850 1984 2889; x_wconf 88' lang='lat' dir='ltr'>Sed</span> <span class='ocrx_word' id='word_1_785' title='bbox 2004 2858 2042 2887; x_wconf 87' lang='lat' dir='ltr'>ut</span> <span class='ocrx_word' id='word_1_786' title='bbox 2061 2864 2167 2902; x_wconf 82' lang='lat' dir='ltr'>opor-</span> 
     </span>
     <span class='ocr_line' id='line_1_102' title="bbox 1182 2917 2170 2973; baseline -0.004 -15"><span class='ocrx_word' id='word_1_787' title='bbox 1182 2921 1278 2959; x_wconf 86' lang='lat' dir='ltr'>tebat</span> <span class='ocrx_word' id='word_1_788' title='bbox 1310 2920 1609 2973; x_wconf 81' lang='lat' dir='ltr'>obtemperarunt.</span> <span class='ocrx_word' id='word_1_789' title='bbox 1648 2919 1695 2957; x_wconf 88' lang='lat' dir='ltr'>Et</span> <span class='ocrx_word' id='word_1_790' title='bbox 1724 2933 1787 2957; x_wconf 91' lang='lat' dir='ltr'>nos</span> <span class='ocrx_word' id='word_1_791' title='bbox 1821 2933 1904 2970; x_wconf 81' lang='lat' dir='ltr'>ergo</span> <span class='ocrx_word' id='word_1_792' title='bbox 1933 2918 2000 2956; x_wconf 92' lang='lat' dir='ltr'>Dei</span> <span class='ocrx_word' id='word_1_793' title='bbox 2031 2917 2170 2969; x_wconf 82' lang='lat' dir='ltr'>legibus</span> 
     </span>
     <span class='ocr_line' id='line_1_103' title="bbox 1182 2985 2168 3042; baseline -0.007 -14"><span class='ocrx_word' id='word_1_794' title='bbox 1182 2990 1479 3042; x_wconf 86' lang='lat' dir='ltr'>obtemperemus,</span> <span class='ocrx_word' id='word_1_795' title='bbox 1509 2998 1542 3026; x_wconf 89' lang='lat' dir='ltr'>et</span> <span class='ocrx_word' id='word_1_796' title='bbox 1561 2987 1679 3025; x_wconf 89' lang='lat' dir='ltr'>omnia</span> <span class='ocrx_word' id='word_1_797' title='bbox 1698 2996 1738 3025; x_wconf 90' lang='lat' dir='ltr'>ut</span> <span class='ocrx_word' id='word_1_798' title='bbox 1766 2987 1835 3039; x_wconf 84' lang='lat' dir='ltr'>ipsi</span> <span class='ocrx_word' id='word_1_799' title='bbox 1861 2986 1993 3038; x_wconf 85' lang='lat' dir='ltr'>placita</span> <span class='ocrx_word' id='word_1_800' title='bbox 2015 2994 2098 3023; x_wconf 87' lang='lat' dir='ltr'>sunt</span> <span class='ocrx_word' id='word_1_801' title='bbox 2116 2985 2168 3022; x_wconf 84' lang='lat' dir='ltr'>fa-</span> 
     </span>
     <span class='ocr_line' id='line_1_104' title="bbox 1183 3051 2170 3106; baseline -0.005 -12"><span class='ocrx_word' id='word_1_802' title='bbox 1183 3056 1340 3105; x_wconf 84' lang='lat' dir='ltr'>ciamus,</span> <span class='ocrx_word' id='word_1_803' title='bbox 1371 3069 1413 3094; x_wconf 86' lang='lat' dir='ltr'>ac</span> <span class='ocrx_word' id='word_1_804' title='bbox 1455 3054 1651 3093; x_wconf 88' lang='lat' dir='ltr'>secundum</span> <span class='ocrx_word' id='word_1_805' title='bbox 1689 3055 1767 3106; x_wconf 85' lang='lat' dir='ltr'>ejus</span> <span class='ocrx_word' id='word_1_806' title='bbox 1802 3053 2021 3092; x_wconf 86' lang='lat' dir='ltr'>voluntatem</span> <span class='ocrx_word' id='word_1_807' title='bbox 2063 3051 2170 3091; x_wconf 85' lang='lat' dir='ltr'>viva-</span> 
     </span>
    </p>
   </div>
   <div class='ocr_carea' id='block_1_16' title="bbox 1182 3118 2172 3176">
    <p class='ocr_par' dir='ltr' id='par_1_19' title="bbox 1182 3118 2172 3176">
     <span class='ocr_line' id='line_1_105' title="bbox 1182 3118 2172 3176; baseline -0.005 -15"><span class='ocrx_word' id='word_1_808' title='bbox 1182 3137 1274 3173; x_wconf 84' lang='lat' dir='ltr'>mus,</span> <span class='ocrx_word' id='word_1_809' title='bbox 1294 3123 1382 3161; x_wconf 86' lang='lat' dir='ltr'>dum</span> <span class='ocrx_word' id='word_1_810' title='bbox 1393 3123 1430 3161; x_wconf 89' lang='lat' dir='ltr'>in</span> <span class='ocrx_word' id='word_1_811' title='bbox 1446 3121 1609 3176; x_wconf 85' lang='lat' dir='ltr'>praesenti</span> <span class='ocrx_word' id='word_1_812' title='bbox 1633 3121 1707 3163; x_wconf 73' lang='lat' dir='ltr'>vita</span> <span class='ocrx_word' id='word_1_813' title='bbox 1724 3120 1898 3172; x_wconf 77' lang='lat' dir='ltr'>degimus,</span> <span class='ocrx_word' id='word_1_814' title='bbox 1921 3128 1960 3157; x_wconf 89' lang='lat' dir='ltr'>ut</span> <span class='ocrx_word' id='word_1_815' title='bbox 1980 3119 2016 3157; x_wconf 90' lang='lat' dir='ltr'>in</span> <span class='ocrx_word' id='word_1_816' title='bbox 2038 3118 2172 3157; x_wconf 81' lang='lat' dir='ltr'>virtute</span> 
     </span>
    </p>
   </div>
   <div class='ocr_carea' id='block_1_17' title="bbox 1164 3246 2172 3442">
    <p class='ocr_par' dir='ltr' id='par_1_20' title="bbox 1164 3246 2172 3442">
     <span class='ocr_line' id='line_1_106' title="bbox 1164 3246 2172 3288; baseline -0.003 -10"><span class='ocrx_word' id='word_1_817' title='bbox 1164 3250 1259 3287; x_wconf 78' lang='grc' dir='ltr'>ἀγαπ.</span> <span class='ocrx_word' id='word_1_818' title='bbox 1277 3247 1366 3278; x_wconf 68' lang='grc' dir='ltr'>αὐτὸν</span> <span class='ocrx_word' id='word_1_819' title='bbox 1387 3252 1485 3288; x_wconf 70' lang='grc' dir='ltr'>τυχεῖν</span> <span class='ocrx_word' id='word_1_820' title='bbox 1507 3247 1685 3286; x_wconf 68' lang='grc' dir='ltr'>δυνηθῶμεν,</span> <span class='ocrx_word' id='word_1_821' title='bbox 1701 3248 1803 3287; x_wconf 67' lang='grc' dir='ltr'>χάριτι</span> <span class='ocrx_word' id='word_1_822' title='bbox 1818 3258 1847 3276; x_wconf 85' lang='grc' dir='ltr'>κ.</span> <span class='ocrx_word' id='word_1_823' title='bbox 1863 3257 1892 3288; x_wconf 72' lang='lat'>5³-</span> <span class='ocrx_word' id='word_1_824' title='bbox 1906 3247 1958 3277; x_wconf 79' lang='grc' dir='ltr'>τοῦ</span> <span class='ocrx_word' id='word_1_825' title='bbox 1974 3246 2073 3287; x_wconf 70' lang='grc' dir='ltr'>κυρίου</span> <span class='ocrx_word' id='word_1_826' title='bbox 2086 3246 2172 3284; x_wconf 73' lang='grc' dir='ltr'>ἡμῶν</span> 
     </span>
     <span class='ocr_line' id='line_1_107' title="bbox 1166 3293 2170 3339; baseline -0.004 -11"><span class='ocrx_word' id='word_1_827' title='bbox 1166 3298 1195 3328; x_wconf 92' lang='grc' dir='ltr'>Ι.</span> <span class='ocrx_word' id='word_1_828' title='bbox 1211 3298 1253 3328; x_wconf 85' lang='grc' dir='ltr'>Χ.</span> <span class='ocrx_word' id='word_1_829' title='bbox 1271 3305 1336 3328; x_wconf 86' lang='lat' dir='ltr'>etc.</span> <span class='ocrx_word' id='word_1_830' title='bbox 1351 3305 1386 3328; x_wconf 85' lang='lat' dir='ltr'>ut</span> <span class='ocrx_word' id='word_1_831' title='bbox 1401 3297 1502 3328; x_wconf 81' lang='lat' dir='ltr'>habet</span> <span class='ocrx_word' id='word_1_832' title='bbox 1518 3295 1614 3327; x_wconf 70' lang='lat' dir='ltr'>solita</span> <span class='ocrx_word' id='word_1_833' title='bbox 1631 3297 1662 3327; x_wconf 91' lang='lat' dir='ltr'>in</span> <span class='ocrx_word' id='word_1_834' title='bbox 1678 3295 1799 3339; x_wconf 77' lang='lat' dir='ltr'>Chrys,</span> <span class='ocrx_word' id='word_1_835' title='bbox 1817 3293 2005 3338; x_wconf 76' lang='lat' dir='ltr'>doxologia.</span> <span class='ocrx_word' id='word_1_836' title='bbox 2017 3294 2071 3326; x_wconf 81' lang='lat' dir='ltr'>Sic</span> <span class='ocrx_word' id='word_1_837' title='bbox 2087 3305 2170 3336; x_wconf 84' lang='lat' dir='ltr'>quo-</span> 
     </span>
     <span class='ocr_line' id='line_1_108' title="bbox 1167 3345 2169 3390; baseline 0 -13"><span class='ocrx_word' id='word_1_838' title='bbox 1167 3359 1230 3390; x_wconf 86' lang='lat' dir='ltr'>qne</span> <span class='ocrx_word' id='word_1_839' title='bbox 1252 3349 1420 3390; x_wconf 86' lang='lat' dir='ltr'>Interpres</span> <span class='ocrx_word' id='word_1_840' title='bbox 1436 3346 1586 3382; x_wconf 80' lang='lat' dir='ltr'>Latinus.</span> <span class='ocrx_word' id='word_1_841' title='bbox 1606 3346 1781 3380; x_wconf 68' lang='lat' dir='ltr'>Editorum</span> <span class='ocrx_word' id='word_1_842' title='bbox 1805 3348 1969 3390; x_wconf 78' lang='lat' dir='ltr'>scriptura</span> <span class='ocrx_word' id='word_1_843' title='bbox 1990 3345 2169 3389; x_wconf 67' lang='lat' dir='ltr'>interpola-</span> 
     </span>
     <span class='ocr_line' id='line_1_109' title="bbox 1169 3399 1538 3442; baseline -0.011 -9"><span class='ocrx_word' id='word_1_844' title='bbox 1169 3401 1234 3433; x_wconf 88' lang='lat' dir='ltr'>tori</span> <span class='ocrx_word' id='word_1_845' title='bbox 1249 3399 1360 3433; x_wconf 70' lang='lat' dir='ltr'>deberi</span> <span class='ocrx_word' id='word_1_846' title='bbox 1379 3399 1538 3442; x_wconf 57' lang='lat' dir='ltr'>videtin-(1</span> 
     </span>
    </p>
   </div>
   <div class='ocr_carea' id='block_1_18' title="bbox 2177 1288 2358 1325">
    <p class='ocr_par' dir='ltr' id='par_1_21' title="bbox 2177 1288 2358 1325">
     <span class='ocr_line' id='line_1_110' title="bbox 2177 1288 2358 1325; baseline 0 -9"><span class='ocrx_word' id='word_1_847' title='bbox 2177 1288 2358 1325; x_wconf 40' lang='lat' dir='ltr'>Acrffosslt.</span> 
     </span>
    </p>
   </div>
   <div class='ocr_carea' id='block_1_19' title="bbox 2176 2083 2364 2157">
    <p class='ocr_par' dir='ltr' id='par_1_22' title="bbox 2176 2083 2364 2157">
     <span class='ocr_line' id='line_1_111' title="bbox 2221 2083 2364 2115; baseline -0.007 -5"><span class='ocrx_word' id='word_1_848' title='bbox 2221 2083 2364 2115; x_wconf 65' lang='lat' dir='ltr'>Marcion,</span> 
     </span>
     <span class='ocr_line' id='line_1_112' title="bbox 2176 2125 2364 2157; baseline -0.005 -5"><span class='ocrx_word' id='word_1_849' title='bbox 2176 2125 2364 2157; x_wconf 70' lang='lat' dir='ltr'>Manichaeus,</span> 
     </span>
    </p>
   </div>
   <div class='ocr_carea' id='block_1_20' title="bbox 2181 2165 2281 2193">
    <p class='ocr_par' dir='ltr' id='par_1_23' title="bbox 2181 2165 2281 2193">
     <span class='ocr_line' id='line_1_113' title="bbox 2181 2165 2281 2193; baseline 0.01 -1"><span class='ocrx_word' id='word_1_850' title='bbox 2181 2165 2281 2193; x_wconf 63' lang='lat' dir='ltr'>Anus.</span> 
     </span>
    </p>
   </div>
  </div>
 </body>
</html>
