2502 3810
688 317 729 347 {N
768 317 907 347 EPIST.

73 398 216 450 Χριστῷ
230 399 343 445 Ἰησοῦ
359 398 402 435 τὰ
415 399 498 451 πρὸς
516 399 572 436 τὸν
592 399 693 437 Θεόν.
711 398 856 445 Ἐπειδὴ
872 398 940 450 γὰρ
960 398 1090 449 σφόδρα

74 457 192 495 ἑαυτὸν
225 458 454 505 ἐταπείνωσε,
485 459 589 497 πάλιν
621 459 757 510 ἐπαίρει
787 459 845 496 τὸν
878 458 998 509 λόγον,
1032 456 1091 494 καὶ

75 521 176 555 τοῦτο
203 517 289 569 ὑπὲρ
315 518 453 556 ἐκείνων
471 521 599 565 ποιῶν,
636 518 726 557 ὥστε
754 518 802 568 μὴ
830 518 923 561 δόξαι
943 519 1091 554 εὐκατα-

76 577 242 629 φρόνητος
261 572 358 616 εἶναι.
380 581 450 618 Καὶ
470 582 503 617 ἐν
524 582 572 631 τῷ
590 579 743 631 ἐπαίρειν
761 579 796 616 δὲ
816 579 916 616 αὐτὸν
929 607 938 624 ,
957 580 1016 613 τοῦ
1043 575 1091 612 οἷ-

74 637 166 675 κείου
180 639 356 688 μέμνηται
373 640 492 686 ἤθους,
512 640 602 677 οὕτω
619 640 728 691 λέγων
742 655 750 663 ·
766 638 868 690 Ἔχω
882 632 939 674 οῦν
959 635 1092 686 καύχη-

78 713 143 734 σιν.
166 699 387 749 Καυχῶμαι,
410 700 533 750 φησὶν,
553 703 614 738 οὐκ
641 702 673 737 ἐν
701 701 859 750 ἐμαυτῷ,
884 696 959 735 οὐδὲ
984 697 1018 732 ἐν
1047 697 1090 745 τῇ

75 757 230 810 ἡμετέρα
249 760 404 809 σπουδῇ,
426 759 515 798 ἀλλὰ
535 762 577 810 τῇ
602 764 660 797 τοῦ
690 761 781 797 Θεοῦ
803 758 934 809 χάριτι.
952 757 1004 794 Οὐ
1025 754 1092 806 γὰρ

76 818 240 867 τολμήσω
259 835 292 856 τι
314 821 466 865 λαλῆσαι
479 850 488 868 ,
509 816 556 858 ὧν
582 821 618 858 οὐ
635 819 890 871 κατειργάσατο
908 821 926 855 ὃ
944 815 1094 868 Χριστὸς

78 879 121 915 δι’
138 880 222 928 ἐμοῦ
239 881 285 922 εἷς
312 881 468 927 ὑπακοὴν
487 884 555 919 τῶν
581 883 686 918 ἐθνῶν
701 910 710 928 ,
733 880 825 930 λόγῳ
852 878 910 915 καὶ
931 877 1038 929 ἔργῳ,
1060 877 1092 913 ἐν

79 939 222 990 δυνάμει
242 940 395 990 σημείων
412 941 470 978 καὶ
488 941 662 993 τεράτων,
685 944 719 979 ἐν
737 939 878 988 δυνάμει
894 937 1095 986 Πνεύματος

78 1002 182 1039 Θεοῦ.
199 1001 289 1038 Οὐδὲ
303 1001 370 1052 γὰρ
392 1002 430 1038 ἂν
447 1001 521 1053 ἔχοι
539 1018 589 1044 τις
605 1004 712 1039 εἰπεῖν
725 1031 734 1048 ,
757 1001 879 1051 φησὶν,
896 999 948 1036 ὅτι
963 998 1096 1047 κόμπος

81 1076 145 1110 μου
172 1061 216 1099 τὰ
245 1062 384 1114 ῥήματα
401 1077 408 1084 ·
428 1066 489 1107 τῆς
515 1061 582 1114 γὰρ
608 1060 802 1112 ἱερουργίας
821 1075 884 1109 μου
904 1057 1032 1104 ταύτης
1052 1057 1096 1094 τὰ

80 1121 259 1171 σύμὸολα,
291 1122 350 1159 καὶ
375 1125 436 1167 τῆς
458 1122 671 1174 χειροτονίας
688 1122 759 1173 ἔχω
786 1120 899 1159 πολλὰ
921 1118 1026 1162 δεῖξαι
1053 1117 1096 1154 τὰ

78 1181 254 1233 τεκμήρια
267 1211 276 1229 ,
295 1184 332 1219 οὐ
352 1183 488 1235 ποδήρη
516 1182 575 1220 καὶ
595 1182 778 1229 κώδωνας,
799 1180 955 1232 καθάπερ
981 1181 1011 1217 οἱ
1027 1194 1096 1215 πα-

79 1241 191 1288 λαιοὶ,
209 1241 286 1280 οὐδὲ
312 1241 437 1293 μίτραν
458 1242 517 1279 καὶ
537 1242 690 1294 κίδαριν,
711 1243 800 1280 ἀλλὰ
826 1243 945 1293 πολλῷ
965 1256 1097 1293 φρικω-

82 1302 225 1353 δέστερα
244 1303 373 1340 τούτων
391 1308 521 1354 σημεῖα
540 1303 599 1341 καὶ
616 1303 787 1353 θαύματα.
808 1303 899 1341 Οὐδὲ
919 1302 986 1355 γὰρ
1007 1302 1097 1340 ἔστιν

952 315 1009 344 ΑΙ)
1053 313 1161 343 ROM.

1111 1341 1158 1365 732

2053 285 2139 331 805

1163 403 1197 431 et
1212 394 1478 444 insipientibus
1499 392 1648 428 debitor
1661 403 1755 428 sum.
1772 390 1909 426 Habeo
1925 391 2044 440 igitur
2059 388 2139 439 glo-

1162 457 1262 490 riam
1282 456 1323 489 in
1339 454 1492 490 Christo
1509 452 1605 490 Jesu
1623 452 1674 488 ad
1685 452 1824 489 Deum.
1840 448 1935 497 Quia
1956 449 2049 486 enim
2069 461 2141 485 sese

1162 513 1266 551 valde
1285 513 1460 550 humilem
1481 512 1702 560 exhibuerat,
1719 524 1914 549 sermonem
1930 524 2053 548 rursus
2071 509 2140 546 eri-

1163 574 1227 625 git,
1250 574 1358 624 idque
1376 576 1412 610 in
1429 573 1587 625 ipsorum
1616 572 1766 623 gratiam
1791 571 1889 622 facit,
1922 585 1964 608 ne
1987 580 2142 608 contem-

1162 634 1275 671 tibilis
1294 648 1366 672 esse
1402 633 1577 671 videatur.
1610 635 1707 670 Dum
1737 641 1852 669 autem
1873 646 1946 670 sese
1975 631 2144 669 extollere

1164 694 1319 740 videtur,
1342 694 1449 731 moris
1471 694 1525 730 sui
1541 707 1610 730 non
1630 694 1763 730 oblitus
1784 693 1834 730 sic
1864 692 1965 740 dicit,
1980 694 2040 730 17.
2060 694 2143 729 Ha-

1165 757 1231 792 beo
1253 758 1371 807 igitur
1386 755 1672 806 gloriationem.
1697 754 1854 801 Glorior,
1873 753 2003 804 inquit,
2020 767 2088 791 non
2110 754 2144 790 in

1165 815 1324 867 meipso,
1345 829 1458 865 neque
1496 815 1530 852 in
1565 823 1686 851 nostra
1716 814 1915 865 diligentia,
1934 814 1996 852 sed
2020 815 2055 852 in
2078 815 2145 852 Dei

1166 876 1291 926 gratia.
1325 876 1385 914 18.
1405 875 1496 912 Νοη
1515 877 1616 912 enim
1645 875 1768 911 audeo
1784 875 1936 926 aliquid
1952 875 2059 927 loqui
2080 889 2142 912 eo·
2169 874 2173 879 ’

1118 940 1143 969 Ε
1166 949 1265 981 rum,
1283 949 1368 986 quae
1380 949 1449 986 per
1464 949 1523 971 me
1541 947 1618 970 non
1639 935 1772 984 effecit
1791 935 1965 972 Christus
1985 938 2026 971 in
2057 937 2146 972 obe-

1167 997 1357 1032 dientiam
1369 998 1540 1045 gentium
1561 997 1677 1031 verbo
1699 1003 1734 1030 et
1745 994 1885 1046 sactis,
1912 995 1974 1032 19.
2011 998 2052 1031 in
2067 998 2148 1032 vir-

1169 1064 1248 1093 tute
1261 1058 1457 1106 signorum
1471 1063 1506 1092 et
1519 1056 1794 1106 prodigiorum,
1815 1057 1856 1090 in
1875 1057 2020 1092 virtute
2034 1056 2149 1105 Spiri-

1169 1124 1228 1152 tus
1247 1116 1333 1152 Dei.
1354 1116 1477 1165 Neque
1498 1114 1590 1152 enim
1601 1115 1714 1165 possis
1738 1114 1867 1160 dicere,
1892 1115 2023 1164 inquit,
2054 1114 2151 1164 quod

1169 1175 1245 1212 haec
1264 1189 1308 1212 ex
1338 1176 1431 1213 fastu
1470 1176 1596 1225 loquar
1617 1191 1624 1211 :
1648 1188 1729 1211 nam
1765 1175 1841 1211 haec
1872 1174 2059 1212 sacerdotii
2082 1176 2152 1212 mei

1169 1243 1251 1273 sunt
1270 1235 1446 1287 symbola,
1475 1244 1507 1273 et
1533 1235 1763 1273 ordinationis
1792 1246 1877 1272 meae
1915 1236 2014 1286 signa
2040 1236 2151 1273 multa

1170 1296 1379 1349 proferenda
1404 1297 1536 1346 habeo,
1555 1311 1623 1334 non
1652 1296 1788 1333 tunicas
1816 1296 1956 1345 talares,
1986 1310 2054 1333 non
2078 1297 2152 1334 mi-

1203 311 1358 341 HOMIL.
1399 310 1525 339 XXlX.

83 1365 212 1412 εἰπεῖν,
231 1364 284 1402 ὅτι
306 1364 538 1418 ἐνεχειρίσθην
564 1364 645 1416 μὲν,
665 1368 726 1403 Οὐχ
744 1365 890 1411 ἐποίησα
912 1364 947 1401 δὲ
967 1364 1005 1401 τὸ
1026 1366 1099 1402 ἐπι-
1124 1380 1149 1406 Α
1172 1366 1332 1394 tramant
1351 1357 1490 1406 tiaram,
1510 1371 1579 1394 1101]
1609 1357 1859 1404 tlssllssnabllla,
1877 1357 1968 1394 SlCUt
1982 1357 2036 1394 illl
2060 1366 2153 1394 ῩΕῙΕ·

83 1425 209 1475 ταχθέν
227 1440 235 1448 ·
260 1426 391 1475 μᾶλλον
414 1426 450 1463 δὲ
470 1425 547 1464 οὐδὲ
569 1425 636 1477 ἐγὼ
668 1425 814 1471 ἐποίησα
822 1456 831 1473 ,
853 1425 942 1463 ἀλλὰ
964 1427 981 1461 ὁ
1007 1427 1098 1478 Χρι-

84 1485 162 1528 στός
179 1500 187 1508 ·
210 1486 262 1523 διὸ
289 1486 348 1523 καὶ
376 1489 409 1524 ἐν
431 1488 524 1537 αὐτῷ
543 1489 750 1538 καυχῶμαι,
769 1489 832 1537 οὐχ
851 1485 936 1537 ὑπὲρ
954 1489 1022 1523 τῶν
1039 1502 1099 1523 τυ-

83 1545 214 1597 χόντων
249 1546 485 1599 πραγμάτων,
513 1549 588 1585 ἀλλ’
622 1547 710 1600 ὑπὲρ
744 1550 810 1585 τῶν
842 1549 1099 1597 πνευματικῶν.

86 1608 198 1645 Τοῦτο
217 1608 283 1660 γάρ
303 1610 395 1655 ἐστι,
417 1607 474 1646 Τὰ
492 1608 577 1659 πρὸς
600 1608 656 1645 τὸν
678 1607 780 1646 Θεόν.
800 1607 886 1645 ιὈτι
900 1608 967 1660 γὰρ
991 1607 1102 1653 ἤνυσα

86 1670 137 1719 ἐφ’
162 1668 179 1706 ὃ
196 1669 376 1721 ἐπέμφθην
390 1700 399 1717 ,
416 1669 476 1707 καὶ
495 1672 532 1707 οὐ
552 1668 686 1719 κόμπος
706 1668 750 1706 τὰ
770 1668 926 1720 ῥήματα,
947 1670 1044 1715 δηλοῖ
1059 1669 1102 1706 τὰ

88 1728 249 1778 θαύματα
265 1729 325 1767 καὶ
340 1734 361 1776 ἡ
381 1732 448 1767 τῶν
471 1731 575 1768 ἐθνῶν
596 1729 748 1775 ὑπακοή.
773 1732 826 1767 Οὐ
848 1730 915 1781 γὰρ
937 1729 1103 1779 τολμήσω

86 1806 120 1827 τι
144 1792 298 1837 λαλῆσαι
323 1785 369 1829 ὧν
396 1793 432 1830 οὔ
467 1791 719 1844 κατειργάσατο
738 1793 755 1828 ὁ
778 1792 927 1842 Χριστὸς
955 1792 998 1828 δι’
1019 1793 1103 1841 ἐμοῦ

88 1852 134 1893 εἷς
151 1851 307 1898 ὑπακοὴν
336 1855 459 1897 ἐθνῶν,
481 1851 574 1904 λόγῳ
599 1852 659 1889 καὶ
683 1852 793 1904 ἔργῳ,
815 1854 848 1889 ἐν
879 1852 1022 1902 δυνάμει
1041 1867 1104 1897 ση-

90 1912 196 1962 μείων
226 1912 285 1949 καὶ
317 1913 489 1964 τεράτων,
521 1915 555 1951 ἐν
587 1913 731 1963 δυνάμει
761 1913 966 1963 Πνεύματος
996 1915 1102 1952 Θεοῦ.

88 1972 184 2024 (Ὀρα
206 1976 278 2016 πῶς
300 1974 457 2024 βιάζεται
475 1974 514 2011 τὸ
532 1979 599 2011 πᾶν
619 1972 727 2016 δεῖξαι
751 1978 810 2012 τοῦ
836 1975 944 2020 Θεοῦ,
968 1974 1026 2011 καὶ
1047 1976 1103 2011 οὐ-

90 2034 144 2072 δὲν
166 2037 300 2072 ἑαυτοῦ.
321 2034 404 2072 Εἴτε
425 2033 492 2085 γὰρ
520 2033 712 2085 φθέγγομαί
735 2050 789 2081 τι,
812 2033 880 2071 εἴτε
904 2036 1012 2081 ποιῶ,
1038 2033 1106 2071 εἴτε

90 2098 364 2149 θαυματουργῶ,
392 2095 506 2132 πάντα
538 2095 657 2142 αὐτὸς,
678 2096 792 2133 πάντα
825 2095 863 2133 τὸ
893 2097 1040 2145 Πνεῦμα
1068 2097 1107 2132 τὸ

91 2157 199 2208 ἅγιον.
218 2159 341 2194 Ταῦτα
369 2156 404 2194 δὲ
431 2157 544 2206 λέγει,
566 2156 697 2199 δεικνὺς
724 2156 784 2193 καὶ
814 2160 873 2194 τοῦ
903 2156 1107 2206 Πνεύματος

90 2218 129 2255 τὸ
159 2217 308 2268 ἀξίωμα.
332 2211 431 2259 Εἶδες
450 2220 523 2260 πῶς
545 2221 654 2254 ταῦτα
680 2220 748 2254 τῶν
777 2218 935 2255 παλαιῶν
967 2220 1106 2267 θαυμα-

91 2278 238 2330 στότερα
267 2278 327 2316 καὶ
348 2278 623 2330 φρικωδέστερα,
653 2281 675 2324 ἡ
711 2277 830 2322 θυσία,
860 2282 881 2325 ἡ
915 2278 1107 2330 προσφορὰ,

91 2339 133 2377 τὰ
164 2339 342 2390 σύμὸολα,
361 2337 476 2376 ςὈταν
497 2337 563 2389 γὰρ
593 2338 673 2389 εἴπῃ
687 2367 696 2383 ,
718 2338 780 2376 Ἐν
805 2338 898 2391 λόγῳ
917 2339 976 2376 καὶ
999 2339 1108 2391 ἔργῳ,

91 2402 126 2438 ἐν
159 2400 301 2450 δυνάμει
320 2399 473 2450 σημείων
501 2399 560 2437 καὶ
587 2398 760 2452 τεράτων,
783 2402 884 2437 τοῦτο
913 2401 1024 2451 λέγει,
1046 2400 1108 2447 τὴν

91 2461 331 2505 διδασκαλίαν,
347 2460 410 2507 τὴν
427 2461 507 2513 περὶ
528 2460 705 2511 βασιλείας
721 2460 925 2512 φιλοσοφίαν
937 2492 946 2508 ,
961 2461 1025 2507 τὴν
1041 2464 1108 2499 τῶν

91 2522 222 2575 ἔργων,
256 2523 316 2560 καὶ
347 2526 410 2568 τῆς
442 2522 619 2564 πολιτείας
651 2521 831 2570 ἐπίδειξιν,
862 2521 941 2564 τοὺς
971 2521 1111 2575 νεκροὺς

93 2582 171 2625 τοὺς
187 2582 440 2633 ἐγειρομένους,
463 2581 540 2624 τοὺς
559 2581 724 2631 δαίμονας
745 2581 822 2624 τοὺς
841 2582 1107 2632 ἐλαυνομένους,

95 2643 171 2687 τοὺς
200 2642 492 2696 θεραπευομένους
515 2641 684 2693 τυφλοὺς,
713 2642 790 2685 τοὺς
823 2643 1007 2688 πηδῶντας
1036 2658 1110 2694 χω-

42 2727 47 2731 ·
95 2705 191 2753 λοὺς,
210 2704 253 2742 τὰ
278 2704 370 2741 ἄλλα
388 2703 572 2755 τεράστια,
591 2702 679 2753 ἅπερ
711 2703 849 2740 ἅπαντα
876 2703 1053 2754 εἰργάζετο
1073 2702 1112 2740 τὸ

95 2766 241 2813 Πνεῦμα
262 2764 299 2802 τὸ
319 2764 414 2815 ἅγιον
435 2765 470 2804 ἐν
494 2765 591 2814 ἡμῖν.
613 2757 703 2801 Εἶτα
724 2767 745 2810 ἧ
770 2762 898 2801 τούτων
921 2762 1112 2809 ἀπόδειξις,

97 2825 215 2870 ἐπειδὴ
236 2828 346 2861 ταῦτα
373 2823 458 2866 τέως
489 2823 662 2876 ἀπόφασις
691 2818 754 2871 ἦν,
782 2827 850 2861 τῶν
881 2826 1045 2874 μαθητῶν
1075 2822 1114 2860 τὸ

95 2886 238 2930 πλῆθος.
265 2885 329 2922 Διὸ
356 2884 416 2922 καὶ
445 2884 616 2936 ἐπήγαγεν
633 2899 641 2907 ·
660 2884 773 2922 (Ὠστε
792 2900 835 2934 με
852 2884 920 2922 ἀπὸ
937 2883 1116 2936 Ἰερουσα-

96 2951 170 3002 λὴμ
188 2952 247 2989 καὶ
272 2951 388 3004 κύκλῳ
409 2951 515 3003 μέχρι
543 2956 602 2989 τοῦ
624 2951 817 3003 Ἰλλυρικοῦ
845 2950 1116 3002 πεπληρωκέναι

99 3019 138 3056 τὸ
157 3019 350 3070 εὐαγγέλιον
369 3022 428 3056 τοῦ
446 3019 612 3070 Χριστοῦ.
626 3017 659 3054 Ἀ
668 3016 781 3070 ρίθμει
795 3016 905 3055 τοίνυν
921 3016 979 3054 καὶ
998 3017 1117 3059 πόλεις

102 3084 161 3121 καὶ
179 3084 314 3135 χώρας,
333 3085 392 3122 καὶ
413 3087 492 3130 ἔθνη
512 3084 571 3122 καὶ
591 3083 720 3134 δήμους
733 3113 742 3130 ,
766 3083 814 3134 μὴ
839 3083 918 3126 τοὺς
939 3084 1004 3122 ὑπὸ
1020 3083 1115 3122 Ῥω·-

105 3149 217 3199 μαίοις
248 3151 385 3200 μόνους,
416 3151 506 3189 ἀλλὰ
531 3150 590 3188 καὶ
619 3150 697 3194 τοὺς
725 3150 791 3187 ὑπὸ
819 3150 1021 3202 βαρὲάροις.
1053 3149 1116 3196 Μὴ

104 3215 170 3267 γάρ
193 3231 251 3265 μοι
271 3216 334 3262 τὴν
366 3216 421 3253 διὰ
439 3220 501 3263 τῆς
519 3216 688 3264 Φοινίκης
718 3216 777 3255 καὶ
808 3215 937 3268 Συρίας
969 3215 1026 3253 καὶ
1056 3218 1118 3261 τῆς

105 3282 257 3320 Κιλίκων
276 3282 335 3320 καὶ
362 3284 608 3321 Καππαδοκῶν
636 3283 738 3330 ἔλθης
756 3283 852 3331 ὁδὸν,
873 3282 962 3320 ἀλλὰ
989 3282 1049 3321 καὶ
1075 3282 1119 3321 τὰ

105 3349 243 3385 ὄπισθεν
272 3348 409 3386 ἅπαντα
439 3348 596 3400 λογίζου,
617 3349 680 3396 τὴν
702 3351 917 3401 Σαρακηνῶν
940 3349 998 3387 καὶ
1025 3351 1119 3402 Περ-

108 3417 176 3453 σῶν
205 3414 263 3452 καὶ
288 3413 475 3466 Ἀρμενίων
498 3415 558 3453 καὶ
585 3416 648 3463 τὴν
679 3418 747 3454 τῶν
776 3417 890 3454 ἄλλων
921 3416 1119 3469 βαρὲάρων.

108 3480 174 3518 Διὰ
195 3480 261 3533 γὰρ
277 3483 377 3518 τοῦτο
395 3474 486 3531 εἷπε,
505 3481 574 3520 Καὶ
593 3482 728 3534 κύκλῳ,
743 3482 798 3520 ἵνα
823 3482 870 3533 μὴ
892 3482 955 3529 τὴν
975 3482 1120 3521 κατευθὺ

1171 1432 1237 1465 res,
1252 1417 1312 1454 sed
1329 1417 1433 1468 longe
1461 1417 1505 1453 iis
1524 1417 1754 1454 horribiliora
1784 1417 1883 1467 signa
1911 1425 1944 1453 et
1963 1417 2151 1456 miracula.

1170 1479 1292 1527 Neque
1316 1477 1410 1514 enim
1433 1477 1503 1518 diei
1536 1486 1664 1528 potest,
1695 1491 1750 1514 me
1769 1476 1973 1514 ordinatum
2007 1477 2152 1527 quidem

1172 1537 1291 1586 fuisse,
1311 1538 1372 1575 sed
1392 1538 1490 1589 jussa
1524 1552 1591 1575 non
1620 1546 1853 1587 exsequutum
1875 1551 1948 1574 esse
1967 1552 1975 1573 :
1996 1537 2068 1574 imo
2090 1552 2153 1589 po·-

1173 1600 1242 1638 tius
1262 1615 1331 1638 non
1353 1615 1415 1652 ego
1435 1601 1513 1649 feci,
1536 1600 1595 1638 sed
1620 1601 1793 1638 Christus.
1814 1600 1897 1638 Ideo
1920 1600 1954 1637 in
1980 1601 2046 1638 hoc
2068 1601 2153 1651 glo-

1173 1661 1258 1707 rior,
1284 1675 1354 1698 non
1374 1661 1417 1698 de
1441 1661 1653 1712 vulgaribus
1674 1661 1794 1709 rebus,
1817 1660 1878 1698 sed
1893 1660 1939 1697 de
1958 1661 2153 1712 spirituali-

1172 1724 1239 1761 bus
1264 1723 1366 1760 :hzec
1398 1723 1492 1760 enim
1517 1731 1610 1771 sunt,
1638 1737 1716 1772 qua}
1744 1722 1792 1759 ad
1824 1724 1938 1759 Deum
1961 1722 2150 1774 pertinent.

1175 1783 1280 1831 Quod
1301 1783 1395 1820 enim
1411 1797 1464 1831 ea,
1483 1791 1626 1835 propter
1647 1797 1724 1832 quae
1740 1782 1866 1820 missus
1883 1796 1976 1828 sum,
1999 1783 2152 1834 perfece-

1174 1845 1254 1893 rim,
1275 1852 1307 1881 et
1328 1858 1397 1881 non
1418 1858 1462 1881 ex
1494 1844 1587 1880 fastu
1614 1843 1721 1881 verba
1752 1842 1933 1894 prodeant,
1967 1842 2155 1881 ostendunt

1173 1904 1345 1942 miracula
1365 1912 1398 1941 et
1417 1903 1575 1954 gentium
1594 1903 1834 1952 obsequentia.
1853 1904 1944 1940 Non
1966 1905 2067 1940 enim
2084 1916 2155 1940 au-

1129 1978 1152 2006 Β
1174 1968 1244 2002 sim
1259 1966 1471 2016 quidquam
1493 1965 1600 2015 loqui
1619 1977 1762 2009 eorum,
1781 1977 1865 2015 quoe
1886 1964 2062 2000 Christus
2079 1977 2156 2000 non

1175 2036 1352 2078 operatus
1369 2035 1424 2064 est
1437 2040 1505 2078 per
1521 2040 1591 2073 me,
1611 2027 1665 2062 ad
1693 2026 1949 2062 obedientiam
1964 2028 2153 2077 gentium,

1175 2091 1294 2125 verbo
1317 2096 1353 2125 et
1378 2101 1500 2138 opere,
1525 2090 1565 2124 in
1588 2090 1730 2125 virtute
1746 2090 1939 2138 signorum
1960 2095 1995 2124 et
2022 2088 2158 2138 prodi-

1174 2151 1338 2200 giorum,
1357 2152 1395 2185 in
1413 2151 1558 2186 virtute
1575 2149 1736 2199 Spiritus
1754 2149 1840 2185 Dei.
1864 2147 1956 2186 Vide
1975 2157 2106 2198 quanta
2121 2148 2158 2186 vi

1177 2208 1363 2247 contendat
1380 2218 1420 2246 ut
1442 2209 1558 2246 omnia
1575 2208 1734 2246 ostendat
1752 2222 1825 2246 esse
1846 2208 1926 2257 Dei,
1945 2218 1977 2245 et
1996 2209 2086 2246 nihil
2104 2209 2160 2245 sui

1177 2272 1301 2323 ipsius.
1328 2271 1411 2309 Sive
1431 2271 1525 2308 enim
1557 2270 1646 2320 quid
1674 2270 1813 2320 loquar,
1833 2269 1906 2307 sive
1925 2270 2066 2315 faciam,
2085 2270 2161 2307 sive

1178 2332 1350 2370 miracula
1383 2346 1521 2383 operer,
1555 2331 1675 2368 omnia
1709 2332 1818 2376 Deus,
1853 2330 1970 2367 omnia
2004 2331 2161 2382 Spiritus

1178 2402 1318 2430 sanctus
1330 2392 1429 2430 facit.
1447 2392 1522 2429 Hoc
1541 2400 1657 2429 autem
1681 2391 1779 2439 dicit,
1802 2390 1986 2428 ostendens
2006 2391 2162 2442 Spiritus

1177 2454 1402 2505 dignitatem.
1422 2453 1554 2492 Viden’
1589 2452 1769 2503 quomodo
1787 2453 1864 2490 haec
1897 2453 2163 2491 veteribusillis

1178 2514 1401 2551 mirabiliora
1421 2523 1454 2551 et
1477 2513 1693 2550 terribiliora
1714 2513 1797 2559 sint,
1817 2513 2045 2561 sacrificium,
2065 2513 2162 2550 obla-

1134 2580 1157 2610 C
1177 2575 1240 2622 tio,
1255 2573 1449 2626 symbola?
1467 2574 1558 2611 Cum
1585 2573 1678 2610 enim
1696 2572 1799 2622 dicit,
1815 2575 1864 2609 In
1884 2576 2004 2610 verbo
2024 2582 2061 2610 et
2077 2587 2163 2624 ope-

1178 2648 1232 2680 re,
1251 2637 1292 2670 iu
1308 2626 1454 2671 virtute
1479 2636 1675 2684 signorum
1692 2641 1729 2669 et
1742 2634 2016 2684 prodigiorum,
2034 2633 2101 2670 hoc
2115 2634 2162 2670 si-

1180 2694 1339 2745 gnificat,
1375 2706 1501 2743 nempe
1527 2691 1741 2740 doctrinam,
1776 2692 1873 2742 regni
1903 2692 1971 2728 Dei
1996 2692 2158 2743 philoso-

1180 2755 1317 2806 phiam,
1346 2767 1494 2805 operum
1513 2762 1546 2790 et
1574 2753 1727 2790 instituti
1742 2753 1825 2790 vitae
1845 2752 2033 2804 specimen,
2049 2753 2163 2791 susci-

1182 2824 1271 2852 [atos
1300 2824 1473 2862 mortuos,
1496 2814 1617 2865 pulsos
1645 2813 1834 2862 daemones,
1874 2827 1982 2851 caecos
2007 2823 2158 2859 sanatos,

1182 2876 1344 2913 salientes
1364 2874 1519 2922 claudos,
1539 2873 1607 2911 alia
1625 2874 1888 2925 prodigia,quae
1905 2873 2022 2911 omnia
2041 2887 2163 2925 opera-

1183 2936 1289 2974 batur
1319 2935 1474 2987 Spiritus
1504 2944 1644 2972 sanctus
1665 2934 1700 2971 in
1727 2934 1840 2971 nobis.
1874 2934 2012 2971 Deinde
2036 2935 2164 2972 horum

1183 2996 1434 3034 demonstratio
1463 2995 1565 3045 (quia
1590 2995 1664 3032 liaec
1688 2995 1828 3032 interim
1851 2995 1987 3046 prolata
2005 2996 2161 3045 fuerant)

1187 3057 1446 3110 discipulorum
1465 3055 1667 3093 multitudo.
1695 3055 1780 3093 Ideo
1811 3056 1998 3107 subjunxit
2017 3072 2025 3092 t
2044 3058 2107 3093 Ita
2123 3065 2165 3094 ut

1186 3118 1234 3154 ab
1251 3116 1471 3154 Jerusalem
1502 3129 1571 3166 per
1585 3116 1786 3152 circuitum
1808 3128 1929 3165 usque
1953 3115 2007 3151 ad
2021 3114 2164 3162 Illyri-

1186 3190 1273 3215 cum
1295 3177 1517 3227 repleverim
1538 3176 1782 3224 evangelium
1809 3176 1966 3213 Christi.
1989 3175 2167 3213 Numerat

1187 3236 1295 3288 igitur
1314 3244 1346 3273 et
1371 3233 1475 3273 urbes
1494 3244 1527 3272 et
1553 3235 1710 3286 regiones
1728 3243 1761 3272 et
1787 3243 1906 3286 gentes
1940 3243 1972 3272 et
1998 3235 2164 3287 populos,

1187 3311 1256 3335 non
1277 3311 1334 3334 eos
1366 3305 1500 3334 tantum
1520 3295 1579 3346 qui
1598 3296 1665 3332 sub
1686 3295 1868 3345 Romanis,
1887 3294 1948 3332 scd
1976 3296 2082 3332 etiam
2115 3310 2168 3339 os,

1189 3357 1250 3408 qui
1263 3358 1329 3395 sub
1342 3357 1504 3395 barbaris
1520 3366 1632 3394 erant.
1650 3357 1702 3394 Ne
1722 3355 1810 3393 mihi
1829 3356 1922 3394 enim
1937 3356 2047 3394 solam
2061 3356 2172 3395 Phoe-

1144 3423 1168 3452 D
1189 3421 1290 3459 nicen
1313 3429 1345 3458 ct
1369 3420 1515 3473 Syriam
1534 3429 1566 3458 et
1582 3419 1744 3458 Ciliciam
1764 3428 1796 3457 et
1826 3419 2087 3471 Cappadociam
2106 3419 2169 3456 ad-

1190 3496 1260 3530 eas,
1280 3481 1459 3521 sedetiam
1475 3495 1554 3532 quae
1588 3489 1679 3520 retro
1701 3489 1781 3519 sunt
1815 3481 1943 3532 cogita,
1964 3481 2170 3530 Saracenos,
