2466 3805
314 267 406 321 240

315 378 378 401 cur
393 363 561 414 majorem
581 359 665 397 facis
683 359 842 397 saniem?
856 371 919 394 cur
940 357 1052 394 fontes
1070 355 1242 393 sudorum
1265 364 1298 393 et

316 426 453 462 foetores
467 420 639 472 deponis?
653 433 715 456 cur
729 427 761 455 te
777 417 824 454 ad
842 416 961 454 omnia
978 416 1141 453 inutilem
1153 415 1299 453 reddis?

317 485 384 524 Vis
409 496 480 520 esse
502 482 628 519 fortem
657 478 826 516 oculum?
847 478 984 528 Corpus
1013 477 1068 514 fac
1095 477 1296 514 robustum.

316 545 408 581 Nam
424 542 459 579 in
477 540 618 578 chordis
631 552 708 589 quae
726 552 840 575 crassa
854 546 887 575 et
898 536 1101 589 impura,ad
1110 536 1299 575 melodiam

316 602 451 640 inutilis
465 609 528 648 est,
543 613 620 650 quae
632 613 716 637 vero
732 598 888 648 undique
901 612 992 650 pura
1006 607 1039 635 et
1053 607 1164 647 tensa,
1178 597 1225 636 ad
1245 612 1298 636 so—

315 677 377 700 nos
397 661 539 700 omnino
559 660 670 698 utilis.
695 660 767 697 Cur
787 658 925 697 defodis
944 659 1127 696 animam?
1151 673 1213 697 cur
1232 673 1299 712 pa-

316 725 438 761 rietem
455 723 660 760 crassiorem
670 721 775 759 facis?
786 735 849 759 cur
863 735 1030 772 magnum
1042 721 1180 758 fumum
1193 730 1226 758 et
1236 735 1300 758 nu-

316 784 428 822 bem?
448 782 737 834 quandoquidem
756 795 905 834 vapores
930 791 969 818 ut
989 781 1118 820 nebula
1138 781 1300 832 quaedam

316 847 474 898 undique
485 846 728 884 effunduntur.
738 845 777 885 Si
791 859 893 883 nemo
906 845 1012 896 alius,
1023 845 1146 883 saltem
1160 845 1300 883 athletae

317 908 466 946 doceant
484 917 529 955 te,
549 921 677 959 corpus
696 907 866 958 gracilius
884 920 958 945 esse
977 906 1170 945 robustius.
1191 906 1250 944 Sic
1271 914 1304 943 et

317 972 436 1009 anima
460 970 697 1023 philosophiae
723 969 843 1007 dedita
866 969 1002 1007 firmior
1015 984 1026 1020 3
1051 969 1177 1006 similis
1204 982 1305 1006 nam-

319 1047 387 1083 que
407 1042 457 1070 est
475 1032 607 1083 aurigae
632 1040 665 1069 et
688 1045 792 1081 equo.
813 1031 860 1068 Et
876 1030 996 1069 videre
1014 1031 1108 1077 licet,
1133 1031 1223 1068 sicut
1239 1031 1306 1068 ho-

318 1096 430 1132 mines
458 1094 600 1131 delicati
628 1102 662 1131 et
691 1093 881 1143 obesiores,
905 1093 955 1130 sic
975 1102 1008 1130 et
1028 1093 1203 1131 obesiores
1225 1092 1306 1144 equi

318 1155 503 1193 difficilius
528 1155 743 1203 excitantur,
762 1163 795 1192 et
822 1154 977 1192 multum
1011 1155 1143 1206 aurigae
1173 1155 1306 1206 negotii

320 1218 507 1254 facessunt.
525 1217 732 1269 Optandum
746 1227 852 1265 certe,
874 1227 914 1255 ut
929 1217 1178 1268 obsequentem
1200 1226 1232 1255 et
1247 1217 1306 1254 fir-

321 1292 420 1315 mum
433 1291 564 1328 equum
580 1277 713 1314 habens
724 1278 834 1329 possit
848 1278 1016 1315 bravium
1029 1278 1307 1329 assequi.Quan-

321 1339 368 1377 do
384 1348 500 1376 autem
522 1338 661 1389 cogitur
681 1338 807 1390 auriga
826 1338 964 1376 trahere
982 1339 1111 1390 ipsum,
1127 1348 1160 1376 et
1178 1339 1307 1376 millies

321 1400 462 1451 lapsum
485 1413 526 1436 ne
544 1399 732 1451 pungendo
746 1399 890 1450 quidem
907 1400 1031 1451 erigit:
1051 1399 1191 1437 etiamsi
1206 1399 1309 1438 valde

324 1461 369 1499 sit
388 1460 536 1512 peritus,
548 1474 567 1497 a
579 1460 730 1498 victoria
746 1459 897 1499 excidet.
910 1461 962 1498 Ne
981 1460 1219 1512 despiciamus
1235 1460 1309 1497 ani-

323 1536 421 1559 mam
443 1530 611 1568 nostram,
632 1536 651 1558 a
673 1535 817 1573 corpore
847 1521 967 1558 laesam
980 1536 991 1571 3
1013 1521 1085 1558 imo
1112 1521 1210 1559 illam
1229 1535 1308 1572 per-

325 1581 554 1634 spicaciorem
566 1582 761 1619 efficiamus
772 1582 880 1619 :alam
890 1582 920 1633 ej
926 1595 965 1618 us
977 1581 1091 1619 levem
1105 1581 1308 1629 reddamus,

324 1642 489 1680 molliora
515 1641 657 1680 vincula
687 1657 696 1678 z
726 1642 947 1679 sermonibus
977 1642 1077 1678 illam
1111 1655 1308 1692 pascamus,

324 1702 540 1753 frugalitate,
557 1711 596 1739 ut
616 1714 739 1739 sanum
756 1702 801 1739 sit
826 1716 965 1753 corpus,
981 1711 1021 1739 ut
1051 1702 1249 1750 robustum,
1270 1710 1310 1739 ut

327 1762 479 1814 gaudeat
501 1777 563 1800 nec
579 1762 696 1800 doleat
712 1778 720 1799 t
736 1772 774 1800 ut
792 1772 909 1800 nostra
925 1763 975 1800 sic
991 1772 1082 1800 recte
1097 1764 1311 1801 constituen-

324 1833 375 1862 tes
406 1824 582 1876 possimus
613 1838 787 1862 summam
812 1824 982 1861 virtutem
1001 1824 1184 1876 attingere,
1207 1833 1312 1874 atque

324 1894 454 1922 aeterna
469 1885 633 1935 consequi
649 1885 752 1934 bona,
761 1885 873 1936 gratia
889 1894 922 1923 et
934 1885 1152 1936 benignitate
1165 1885 1312 1922 Domini

326 1947 437 1984 nostri
456 1948 539 1985 Jesu
559 1946 705 1995 Christi,
720 1947 866 1997 quicum
885 1947 983 1985 Pau-i
999 1961 1140 1998 unaque
1159 1947 1311 1999 Spiritui

327 2017 447 2045 sancto
473 2008 599 2058 gloria,
623 2007 824 2060 imperium,
843 2009 967 2059 honor,
986 2022 1080 2047 nunc
1101 2018 1134 2047 et
1157 2022 1308 2060 semper,

327 2078 362 2106 et
381 2068 416 2107 in
431 2069 560 2107 saecula
579 2070 800 2108 saeculomm.
816 2071 939 2107 Amen.

772 276 811 305 S.

1313 808 1361 833 220

379 2377 391 2390 ⁸
409 2365 522 2398 Morel.
538 2365 623 2398 male
639 2375 697 2400 τῶν
713 2371 847 2409 ἡνιόχων.

617 2606 827 2644 HOMILIA
855 2606 1032 2646 XXVIII.

340 2727 429 2764 Cap.
449 2726 550 2767 XIII.
565 2741 600 2766 V.
617 2729 655 2766 4.
675 2729 729 2766 Et
748 2731 820 2780 ipsi
839 2730 993 2781 quidem
1015 2733 1122 2768 missi
1139 2745 1164 2768 a
1179 2731 1321 2782 Spiritu

392 2797 528 2825 sancto
560 2791 737 2827 abierunt
764 2791 978 2828 Seleuciam
993 2806 1008 2835 ;
1035 2799 1070 2828 et
1095 2793 1185 2829 inde
1214 2796 1323 2830 navi-

392 2859 583 2901 gaverunt
607 2853 648 2887 in
669 2852 853 2902 Cyprum.
875 2852 912 2888 5.
936 2853 991 2889 Et
1017 2866 1103 2889 cum
1126 2856 1324 2891 venissent

393 2911 660 2958 Salaminam,
686 2913 956 2963 proedicabant
992 2915 1155 2951 verbum
1182 2915 1259 2951 Dei
1283 2917 1324 2952 in

391 2975 603 3024 synagogis
630 2973 867 3010 Judaeorum.
897 2974 1107 3012 Habebam
1132 2983 1261 3012 autem
1288 2983 1325 3013 et

396 3034 592 3070 Joannem
613 3035 844 3071 ministrum.

401 3157 435 3191 1.
465 3155 630 3193 Ordinati
649 3156 756 3194 simul
776 3155 951 3204 exierunt,
973 3165 1006 3193 et
1028 3156 1063 3194 in
1083 3156 1244 3209 Cyprum
1264 3172 1327 3196 na-

347 3215 527 3266 vigarunt,
548 3231 589 3254 eo
623 3217 720 3268 quod
745 3217 821 3255 illic
846 3217 954 3254 nullae
986 3227 1099 3255 essent
1128 3218 1278 3267 insidiae,
1295 3228 1328 3256 et

346 3276 497 3313 verbum
524 3278 590 3315 Dei
613 3279 688 3330 jam
715 3278 983 3316 disseminatum
1013 3288 1111 3317 esset.
1134 3281 1329 3318 Antiochiae

345 3335 490 3384 quidem
502 3337 576 3388 jam
592 3338 697 3376 multi
715 3348 813 3376 erant
828 3354 835 3375 ε
852 3339 1034 3377 Phoenicia
1049 3354 1159 3392 prope
1173 3341 1329 3379 Palaesti-

346 3408 427 3432 nam
447 3405 530 3446 erat,
550 3398 689 3450 Cyprus
711 3413 780 3438 non
798 3399 894 3439 item.
915 3399 1091 3438 Caeterum
1110 3414 1153 3439 ne
1180 3416 1329 3453 quaeras,

847 272 1029 304 JOANMS
1065 270 1303 314 CHRYSO}T.
1344 270 1546 300 ARCHIEP.
1583 270 1942 302 CONSTANTINOP-

1371 357 1404 394 τί
1434 357 1549 409 πηγὰς
1584 356 1752 409 ἱδρώτων,
1783 359 1843 395 καὶ
1866 358 2034 402 δυσωδίας
2061 360 2320 408 ἐναποτίθεσαι;
2354 362 2387 398 τί

1371 417 1456 469 πρὸς
1474 418 1589 456 πάντα
1607 417 1750 456 σεαυτὸν
1772 418 1947 470 ἄχρηστον
1967 421 2236 464 κατασκευάζεις
2243 437 2253 468 3
2265 421 2389 459 Βούλει

1371 477 1530 528 γενέσθαι
1547 478 1685 530 ἰσχυρὸν
1706 478 1762 516 τὸν
1778 479 1976 531 ὂφθαλμόν;
1992 479 2044 517 Τὸ
2061 483 2164 531 σῶμα
2179 480 2323 527 ποίησον
2340 482 2390 520 εὔ-

1371 553 1479 575 τονον.
1501 538 1570 576 Καὶ
1598 538 1664 590 γὰρ
1694 541 1727 577 ἐν
1750 545 1825 582 ταῖς
1854 541 1995 591 χορδαῖς
2020 543 2041 586 ἡ
2076 538 2138 591 μὲν
2170 547 2302 593 παχεῖα
2332 541 2392 580 καὶ

1374 598 1644 650 ἀδιακάθαρτος,
1672 599 1847 652 ἄχρηστος
1877 601 1963 654 πρὸς
1989 600 2052 644 τὰς
2085 601 2274 653 μελῳδίας·
2300 605 2321 648 ἡ
2356 602 2392 640 δὲ

1372 659 1540 698 πάντοθεν
1567 659 1778 711 ἐπεξεσμένη
1803 660 1937 704 εὕτονός
1954 664 2026 700 ἐστι
2052 662 2111 700 καὶ
2145 662 2392 714 παναρμόνιος.

1373 720 1421 758 Τί
1448 720 1704 772 καταχωννύεις
1723 720 1785 767 τὴν
1811 722 1945 773 ψυχήν,
1981 722 2014 759 τί
2049 728 2165 775 τοῖχον
2197 722 2392 775 παχύτερον

1373 786 1481 824 ποιεῖς
1496 797 1505 828 ;
1523 781 1558 819 τί
1576 780 1684 820 πολὺν
1705 782 1763 820 τὸν
1782 782 1915 820 καπνὸν
1944 783 2003 820 καὶ
2033 783 2095 830 τὴν
2127 784 2283 836 νεφέλην,
2311 783 2392 822 ὅταν

1374 843 1480 893 ἀτμοὶ
1500 844 1656 895 καθάπερ
1686 859 1738 886 τις
1758 843 1864 895 ἀχλὺς
1883 844 2049 882 πάντοθεν
2077 838 2161 883 ὦσιν
2182 845 2392 896 ἀναδιδόμε-

1375 920 1443 952 νοι,
1461 905 1504 941 Εἰ
1523 904 1582 941 καὶ
1600 904 1719 954 μηδεὶς
1743 903 1875 956 ἔτερος,
1893 908 1923 943 οἱ
1941 905 2089 952 ἀθληταί
2115 922 2154 944 σε
2178 906 2393 944 παιδευέτω-

1376 980 1452 1013 σαν,
1475 964 1529 1003 ὅτι
1557 965 1596 1003 τὸ
1630 965 1828 1017 ἰσχνότερον
1861 969 1963 1017 σῶμα
1998 966 2233 1019 ἰσχυρότερον.
2256 969 2394 1006 Οὐκοῦν

1376 1025 1435 1063 καὶ
1453 1028 1475 1072 ἡ
1496 1027 1728 1077 φιλοσοφοῦσα
1744 1026 1840 1078 ψυχὴ
1858 1027 2068 1079 εὖτονωτέρα
2081 1042 2088 1050 ·
2104 1026 2235 1079 ἡνιόχῳ
2250 1027 2316 1079 γὰρ
2335 1026 2395 1065 καὶ

1376 1085 1474 1138 ἵππῳ
1493 1086 1594 1124 ἔοικε.
1614 1086 1684 1124 Καὶ
1701 1086 1831 1130 ἔξεστιν
1853 1091 1947 1140 ὃρᾷν,
1964 1088 2120 1139 καθάπερ
2143 1089 2200 1126 ἐπὶ
2219 1091 2288 1126 τῶν
2311 1104 2396 1139 τρυ-

1378 1151 1424 1199 φῇ
1447 1147 1688 1199 προσεχόντων
1709 1148 1899 1200 ἀνθρώπων
1918 1149 1977 1186 καὶ
2006 1149 2279 1201 εὖσαρκούντων,
2307 1149 2396 1187 οὕτω

1378 1207 1438 1245 καὶ
1456 1206 1533 1250 τοὺς
1547 1210 1797 1261 εὖσαρκοῧντας
1811 1211 1878 1247 τῶν
1899 1209 2015 1247 ἵππων
2036 1210 2258 1257 δυσκινήτους
2277 1210 2396 1257 ὄντας,

1378 1267 1437 1305 καὶ
1450 1267 1562 1305 πολλὰ
1575 1272 1589 1287 ³
1599 1271 1648 1319 τῷ
1659 1269 1788 1320 ἡνιόχῳ
1804 1270 1996 1322 πράγματα
2010 1270 2396 1322 παρέχοντας.Ἀγαπη-

1379 1330 1437 1367 τὸν
1454 1330 1587 1376 εὐήνιον
1612 1330 1718 1368 ἵππον
1745 1332 1871 1382 ἔχοντα
1890 1332 1949 1370 καὶ
1970 1335 2116 1379 εὖσκελῆ
2154 1334 2339 1379 δυνηθῆναι
2359 1331 2399 1370 τὸ

1383 1391 1541 1442 βραὸεῐον
1571 1391 1701 1429 λαέεῖν.
1720 1390 1833 1429 Οταν
1868 1392 1903 1430 δὲ
1937 1393 2174 1444 ἀνα(κοίζηται
2208 1397 2226 1432 ὃ
2261 1392 2399 1444 ηνίοχος

1382 1451 1492 1490 ε’λκειν
1511 1452 1634 1500 αὐτὸν,
1655 1469 1713 1490 και
1730 1469 1849 1491 καταπ
1851 1453 1973 1492 εσόντα
2005 1455 2166 1506 μυριάκις
2195 1454 2326 1493 νύττων
2349 1454 2398 1506 μὴ

1383 1514 1573 1565 διανιστᾶν,
1591 1512 1654 1550 κᾶν
1676 1513 1809 1565 σφόδρα
1836 1514 1936 1557 αὒτος
1964 1514 2130 1588 ἔμπειρος
2147 1519 2188 1567 ᾐ,
2218 1517 2280 1561 τῆς
2299 1515 2398 1561 νίκης

1383 1574 1716 1626 ἀποστερηθήσεται.
1735 1574 1794 1621 Μὴ
1827 1574 1867 1621 δὴ
1895 1575 2106 1626 περιίδωμεν
2128 1578 2228 1626 ἡμῶν
2248 1574 2311 1622 τὴν
2330 1577 2399 1627 ψυ-

1381 1634 1448 1686 χὴν
1467 1634 1747 1687 ἕπηρεαζομένην
1779 1634 1836 1672 διὰ
1855 1635 1894 1672 τὸ
1915 1639 2036 1685 σῶμα,
2055 1636 2146 1674 ἀλλὰ
2175 1636 2234 1674 καὶ
2267 1637 2400 1682 ἐκείνην

1383 1697 1673 1749 διορατικωτέραν
1695 1697 1943 1773 ἐργασώμεθα·
1963 1697 2002 1734 τὸ
2021 1698 2146 1750 πτερὸν
2169 1701 2255 1750 αὐτῇ
2275 1702 2399 1751 κοῦφον

1382 1758 1596 1807 ποιήσωμεν,
1612 1757 1806 1809 χαυνότερα
1827 1758 1871 1795 τὰ
1895 1758 2026 1808 δεσμοί·
2046 1758 2159 1810 λόγοις
2185 1759 2292 1806 αὐτὴν
2319 1759 2401 1811 τρέ-

1384 1834 1515 1871 οωμεν,
1542 1818 1751 1871 αὐταρκείᾳ,
1780 1835 1857 1857 οσον
1887 1820 2051 1870 ὑγιαίνειν
2078 1820 2180 1870 μόνον
2216 1821 2255 1858 τὸ
2279 1837 2400 1871 σωμα,

1383 1880 1460 1918 ὅσον
1477 1880 1648 1932 εὔρωστον
1666 1884 1772 1928 εἶναι,
1791 1896 1867 1918 οσον
1887 1880 2021 1932 γαίρειν
2039 1880 2099 1918 καὶ
2120 1880 2168 1931 μὴ
2187 1882 2325 1932 ἀλγεῖν·
2344 1881 2401 1919 ἳνα

1384 1940 1474 1978 οὕτω
1503 1940 1547 1978 τὰ
1580 1943 1656 1978 καθ’
1680 1957 1821 1984 εαυτους
1853 1945 1887 1979 εὖ
1918 1942 2086 1985 διαθεντες
2119 1943 2317 1993 δυνηθωμεν
2340 1945 2402 1988 τῆς

1384 2002 1493 2054 ἄκρας
1511 2004 1636 2054 ἀρετῆς
1657 2004 1736 2040 ἐπιλ
1739 2002 1905 2050 αὸέσθαι,
1918 2018 1977 2040 και
1997 2019 2065 2041 των
2086 2001 2234 2040 αἰωνίων
2263 2005 2400 2054 ἀγαθων

1383 2067 1571 2117 ἐπιτυχεῖν,
1586 2064 1705 2116 γοίριτι
1731 2079 1791 2101 και
1812 2064 2054 2117 φιλανθρωπία
2074 2080 2133 2102 του
2152 2063 2281 2116 Κυρίου
2301 2065 2402 2114 ημῶν

1385 2127 1500 2173 'Iro-00
1531 2127 1703 2178 Χριστου,
1726 2124 1801 2176 μεθ
1836 2128 1873 2162 ου
1904 2142 1954 2162 τι)
1983 2126 2099 2178 Πατρὶ
2130 2125 2204 2175 ἅμα
2238 2141 2288 2177 τῳ
2316 2124 2403 2177 ἁγίῳ

1385 2187 1608 2236 Πνεύματι
1590 2186 1687 2234 οόξα,
1707 2186 1853 2239 κράτος,
1872 2186 1958 2236 τιμὴ
1973 2217 1983 2234 ,
2006 2190 2064 2224 νῦν
2084 2202 2143 2225 και
2172 2186 2249 2235 ἀεὶ,
2266 2186 2325 2225 καὶ
2358 2188 2404 2229 εἷς

1385 2248 1462 2290 τοὺς
1483 2250 1608 2290 αἰῶνας
1628 2250 1696 2284 τῶν
1717 2247 1862 2285 αἰώνων.
1885 2248 2005 2298 Ἀμήν.

1768 2610 1836 2647 ΟΜ
1844 2610 1944 2647 ΙΛΙᾹ
1970 2607 2040 2654 κη’,

1391 2724 1500 2769 Οὗτοι
1516 2733 1579 2780 μὲν
1609 2725 1665 2768 οὖν
1691 2731 1944 2782 ἐκπεμφθέντες
1958 2730 2023 2769 ὑπὸ
2042 2735 2101 2769 τοῦ
2123 2731 2329 2781 Πνεύματος
2347 2736 2408 2770 τοῦ

1445 2791 1542 2843 ἁγίου
1558 2793 1728 2837 κατ-ἦλθον
1754 2794 1799 2834 εἷς
1819 2792 2040 2837 Σελεύκειαν,
2059 2793 2216 2829 κάκεῖθεν
2236 2792 2409 2830 ἀπέπλευ-

1446 2868 1508 2890 σαν
1529 2854 1575 2894 εἷς
1602 2852 1663 2898 τὴν
1691 2851 1844 2904 Κύπρον.
1867 2852 1936 2889 Καὶ
1955 2851 2131 2903 γενόμενοι
2151 2852 2410 2903 ἐνῗΣαλαμῖνι,

1445 2915 1675 2965 κατήγγειλαν
1704 2914 1760 2951 τὸν
1787 2913 1887 2964 λόγον
1907 2918 1966 2951 τοῦ
1997 2915 2088 2952 Θεοῦ
2107 2917 2140 2952 ἐν
2159 2920 2234 2959 ταῖς
2254 2931 2410 2966 συναγω-

1446 2982 1523 3026 γαῖς
1549 2979 1617 3013 τῶν
1637 2974 1825 3013 Ἰουδαίων.
1849 2968 1955 3026 Εἶχον
1983 2974 2018 3012 δὲ
2046 2975 2104 3013 καὶ
2124 2975 2288 3023 Ἰωάννην
2317 2978 2411 3024 ὑπη-

1450 3037 1561 3088 ρέτην.

1448 3159 1465 3173 εΙ
1790 3160 1798 3173 l
1914 3162 1979 3176 arm*
2147 3162 2154 3174 1
2177 3162 2188 3172 ι-
2211 3163 2221 3176 9
2241 3162 2255 3173 n
2292 3163 2302 3173 ν
2316 3160 2325 3174 t

1461 3162 1544 3210 Αμα
1578 3164 1874 3212 χειροτονηθεντες
1910 3165 2060 3208 εςηλθον,
2100 3163 2412 3213 καιιειςαῖΙκυπρον

1399 3221 1630 3269 ἀπέπλευσαν,
1653 3222 1713 3259 ἅτε
1732 3222 1792 3259 οὐκ
1819 3222 1922 3269 οὔσης
1945 3223 2131 3270 ἐπιδουλῆς
2157 3225 2249 3271 ἐκεῖ,
2274 3222 2334 3261 καὶ
2356 3226 2415 3260 τοῦ

1397 3282 1498 3333 λόγου
1526 3282 1807 3334 κατασπαρέντος
1837 3283 1916 3330 ἤδη.
1947 3284 2007 3322 Ἔν
2032 3284 2222 3338 Ἀντιοχείᾳ
2253 3284 2315 3335 μὲν
2347 3283 2415 3336 γὰρ

1397 3338 1486 3390 ἦσαν
1515 3342 1646 3381 ἱκανοί·
1673 3343 1733 3381 καὶ
1753 3347 1774 3389 ἡ
1798 3345 1948 3392 Φοινίκη
1970 3345 2005 3384 δὲ
2026 3347 2174 3393 πλησίον
2195 3347 2258 3391 τῆς
2277 3346 2418 3383 Παλαι-

1398 3403 1514 3451 στίνης
1534 3399 1588 3452 ἦν,
1612 3404 1752 3456 Κύπρος
1769 3405 1804 3442 δὲ
1825 3405 2064 3459 οὐχί-λοιπὸν
2087 3406 2133 3457 μὴ
2154 3406 2269 3453 ζήτει,
2290 3404 2347 3443 διὰ
2361 3405 2416 3455 τίς
