2502 3810
161 1438 238 1464 Dent
252 1446 309 1463 usn

119 1479 245 1506 liberum
259 1488 307 1505 :ir-

121 1520 243 1547 bilriuin
256 1519 314 1551 [ol-3
343 1541 349 1547 ,

124 1561 169 1588 lit.

127 2292 219 2322 Num.
247 2287 298 2328 24.

129 2342 163 2371 9·

141 2537 216 2564 Osee
239 2531 323 2563 13.8.

142 2588 324 2630 D⁶¹“·4·²l{·

765 233 779 242 a·

763 241 800 263 b.

320 225 411 271 680

319 325 380 363 sed
397 323 498 361 nihil.
518 321 634 359 Multo
662 319 755 357 enim
784 318 954 370 abjectius
975 326 1027 355 est
1051 316 1185 363 dicere,
1204 313 1296 361 Quis

318 385 380 422 es?
397 396 502 433 quam
516 381 646 429 dicere,
670 379 772 418 Nihil
785 393 831 416 es.
854 378 1021 429 Alioquin
1054 376 1161 414 etiam
1178 375 1295 426 majo—

317 460 391 483 rem
403 444 681 495 indignationem
699 456 761 494 per
779 441 1092 492 interrogationem
1106 437 1298 489 significat.

316 507 390 543 Nec
409 504 517 553 dixit,
539 505 595 541 Tu
616 502 696 553 quis
717 516 766 551 es,
789 501 848 552 qui
870 499 1081 553 respondeas
1096 498 1198 536 Deo?
1217 495 1293 543 sed,

321 567 396 616 Qui
408 573 544 603 contra
564 563 808 615 respondeas,
831 561 891 612 qui
911 559 1144 607 contradicas,
1164 557 1227 608 qui
1245 570 1298 594 re-

316 626 442 664 sistas?
459 625 552 663 Nam
579 624 717 672 dicere,
745 623 805 662 Sic
826 622 1024 674 oportebat,
1044 620 1125 668 vel,
1141 619 1221 656 Non
1248 616 1298 655 sic

317 685 511 737 oportebat,
523 699 568 722 ex
579 684 726 721 adverso
739 681 981 734 respondentis
996 678 1196 719 est.Viden'
1211 690 1298 727 quo-

316 746 421 784 modo
448 745 628 795 terruerit,
649 742 827 795 quomodo
856 741 1066 795 percusserit
1073 756 1086 791 3
1114 739 1185 777 imo
1209 751 1299 789 quo-

316 809 422 848 modo
445 808 599 846 effecerit
619 815 658 845 ut
673 815 837 845 tremeret
854 805 984 858 potius,
1003 817 1111 854 quam
1131 800 1298 853 quaestio-

838 231 1021 265 JOANNJS
1056 227 1294 260 CHRYSOST.
1334 223 1540 254 ARCHOEP.
1579 223 1933 254 CONSTANTlNOP.

1370 305 1456 372 εἷναί
1473 326 1519 347 τι.
1536 312 1609 347 Τοῦ
1627 309 1833 361 γὰρῖεἶπεῖν,
1852 311 1947 348 οὐδὲν
1966 303 2013 356 ε’ῖ,
2033 308 2121 347 πολὺ
2144 308 2183 346 τὸ
2203 309 2322 352 εἰπεῖν,
2337 305 2388 349 τίς

1371 374 1420 417 εἰ,
1449 370 1745 421 οὖδαμινέστερον.
1765 371 1836 408 Καὶ
1859 370 1972 413 ἄλλως
1990 370 2132 408 πλείονα
2161 368 2223 414 τὴν
2252 366 2385 417 ἀγανά-

1371 446 1492 477 κτησιν
1510 430 1719 468 ἐνδείκνυται
1739 433 1781 480 τῇ
1799 430 1978 481 ἐρωτήσει.
2002 430 2072 467 Καὶ
2091 431 2153 467 οὐκ
2173 423 2267 475 εἷπε,
2285 425 2325 464 σὺ
2339 426 2391 468 τίς

1371 484 1403 528 εἶ’
1420 493 1437 528 ὃ
1459 490 1728 541 ἀποκρινόμενος
1746 493 1794 541 τῷ
1811 492 1911 541 Θεῷ,
1932 491 2007 528 ἀλλ’
2028 489 2073 527 eO
2089 486 2390 538 ἀνταποκρινόμε-

1371 565 1442 598 νος,
1460 551 1649 597 τουτέστιν,
1664 553 1681 587 ὁ
1701 549 1903 601 ἀντιλέγων,
1922 553 1939 587 ὃ
1959 548 2238 600 ἐναντιούμενοςζ,
2253 548 2305 585 Τὸ
2324 546 2391 597 γὰρ

1372 613 1496 656 εἰπεῖν,
1517 611 1570 650 ὅτι
1589 611 1697 654 οὕτως
1716 611 1807 657 ἔδει,
1833 611 1893 649 καὶ
1910 610 2102 662 οὖχόῧτως
2120 610 2210 657 ἔδει,
2241 611 2392 646 ἀνταπο-

1371 671 1572 723 κρινομένου
1588 672 1692 710 ἐστίν.
1707 665 1806 715 Εἶδες
1823 675 1895 714 πῶς
1912 671 2080 723 {poe-noe,
2097 673 2169 713 πῶς
2184 667 2393 714 κατέπληξε,

1371 735 1444 774 πῶς
1462 732 1602 784 τρέμειν
1618 733 1749 783 μᾶλλον
1765 732 1938 778 ἐποίησεν,
1957 732 1979 777 ἢ
1997 734 2109 778 ζητεῖν
2129 731 2189 768 καί
2208 727 2393 781 περιεργά-

1373 794 1508 840 ζεσθαι,
1534 794 1647 831 Τοῦτο
1680 792 1821 846 ἀρίστου
1843 793 2073 839 διδασκάλου,
2105 791 2144 829 τὸ
2170 790 2217 841 μὴ
2246 793 2289 839 τῆ
2323 792 2393 826 τῶν

316 884 376 908 nes
394 878 561 918 moveret,
579 869 636 907 vel
663 869 798 906 curiose
814 865 1056 905 scrutaretur?
1078 864 1152 907 Hoc
1172 860 1297 914 optimi
1313 889 1361 912 615
1375 855 1538 903 μαθητῶν
1567 854 1729 904 ἐπιθυμίᾳ
1765 853 1908 891 ἕπεσθαι
1933 856 2112 905 πανταχοῦ
2126 882 2136 900 ,
2166 852 2241 889 ἀλλ’
2271 848 2393 891 αὐτοὺς

315 931 540 983 praeceptoris
558 928 885 980 est,discipulorum
898 925 1057 964 studium
1075 938 1145 962 non
1164 923 1298 973 ubique
1325 925 1352 955 Α

316 992 427 1042 sequi,
441 991 501 1029 sed
517 991 597 1028 illos
611 989 656 1028 ad
669 990 888 1028 voluntatem
908 997 1006 1025 tuam
1025 986 1213 1033 deducere,
1225 985 1299 1037 spi-

317 1066 379 1091 nas
394 1053 556 1102 evellere,
566 1061 599 1089 et
618 1060 702 1088 tunc
717 1049 849 1088 semina
864 1049 991 1100 jacere,
1007 1061 1070 1085 nec
1083 1046 1203 1084 statim
1221 1045 1302 1082 ubi-

317 1130 384 1166 que
398 1115 445 1153 ad
460 1115 673 1165 interrogata
688 1111 1016 1165 respondere.Num
1028 1111 1126 1147 dicet
1134 1109 1302 1162 figmen-

319 1185 399 1213 tum
416 1179 449 1213 ei
469 1175 667 1227 qzcifirzxit
685 1190 694 1210 :
713 1175 792 1211 Cur
806 1187 864 1210 me
883 1172 1086 1223 sic-fecisti
1099 1173 1115 1206 P
1128 1171 1170 1207 91
1184 1199 1192 1207 .
1213 1168 1302 1206 An-

320 1250 397 1273 non
415 1237 531 1273 habet
547 1233 932 1286 potestatemfigulus
945 1232 1031 1276 luti,
1053 1238 1093 1268 ut
1108 1243 1155 1266 ex
1169 1229 1304 1266 eadem

319 1310 448 1335 massa
454 1297 590 1348 saciat
618 1295 730 1332 aliud
751 1294 902 1345 quidem
931 1305 1005 1329 vas
1034 1294 1074 1328 in
1102 1292 1299 1335 honorem,

320 1361 433 1398 aliud
443 1362 484 1397 ι”η
500 1360 752 1410 ignominiam
769 1360 785 1392 9

375 1420 410 1459 8.
441 1420 508 1457 Hic
534 1433 603 1456 non
621 1418 776 1456 liberum
794 1416 983 1454 arbitrium
1003 1413 1128 1452 tollens
1155 1412 1223 1450 hoc
1242 1411 1303 1449 di—

323 1481 384 1531 cit,
410 1480 470 1518 sed
484 1478 667 1517 ostendens
688 1491 870 1528 quousque
889 1476 965 1512 Deo
986 1472 1305 1524 obtemperandum

323 1551 380 1579 Slt.
400 1541 493 1578 Nam
520 1538 567 1577 ad
583 1537 775 1589 exigendas
791 1551 810 1573 a
830 1537 905 1573 Deo
926 1533 1079 1571 rationes
1099 1547 1168 1569 non
1190 1531 1306 1582 magis

324 1616 434 1652 quam
465 1600 581 1637 lutum
610 1606 775 1650 paratum
808 1610 879 1633 esse
909 1603 1057 1646 oportet.
1085 1594 1167 1631 Non
1199 1591 1306 1629 modo

321 1663 415 1700 enim
431 1659 672 1699 contradicere
684 1671 753 1695 non
769 1664 921 1708 oportet,
935 1668 998 1692 nec
1007 1653 1219 1705 quaestiones
1230 1666 1306 1690 mo-
1330 1666 1353 1695 B

321 1738 402 1763 vere
410 1739 420 1773 5
439 1721 501 1761 sed
515 1721 621 1759 etiam
636 1734 680 1757 ne
694 1717 912 1770 loquendum
928 1715 1073 1767 quidem
1082 1714 1224 1752 omnino
1238 1723 1303 1764 est,

321 1799 384 1823 nec
403 1781 649 1835 cogitandum5
666 1780 724 1818 sed
745 1779 898 1817 similem
919 1791 993 1816 esse
1008 1785 1147 1829 oportet
1160 1776 1234 1813 luto
1252 1775 1305 1812 in-

321 1847 487 1894 animato,
508 1843 613 1896 figuli
633 1842 797 1880 manibus
818 1838 1090 1892 obtemperanti,
1111 1847 1144 1875 et
1160 1851 1229 1888 quo
1249 1837 1310 1875 ille

321 1908 407 1947 velit
428 1907 654 1945 circumacto.
676 1903 731 1941 Ad
751 1903 820 1941 hoc
844 1901 939 1939 enim
961 1900 1077 1938 solum
1096 1899 1165 1937 hoc
1189 1913 1310 1937 exem-

322 1970 381 2022 plo
400 1982 487 2006 usus
502 1976 564 2015 est,
584 1979 653 2003 non
666 1964 710 2002 ad
733 1963 887 2001 instituti
910 1962 993 2000 vitae
1018 1959 1308 2007 declarationem,

323 2030 386 2068 sed
402 2028 446 2066 ad
465 2026 646 2065 subditam
661 2023 925 2075 obsequentiam
933 2032 966 2060 et
982 2021 1174 2060 silentium.
1186 2020 1233 2058 Et
1242 2021 1310 2059 hoc

324 2090 457 2140 ubique
470 2086 746 2135 observandum,
766 2084 931 2136 exempla
947 2097 1016 2121 non
1044 2082 1080 2120 in
1102 2082 1310 2120 universum

325 2150 533 2190 assumenda
547 2163 631 2197 esse,
649 2147 711 2186 sed
729 2146 827 2198 quod
844 2160 910 2183 usu
926 2144 1024 2183 venit
1039 2143 1243 2195 eligendum
1265 2143 1312 2182 ad

327 2226 436 2263 quam
452 2225 527 2248 rem
546 2218 744 2247 assumtum
756 2216 820 2255 est,
840 2220 880 2244 ac
899 2205 1079 2256 reliquum
1095 2213 1211 2242 totum
1227 2205 1313 2242 mis·
1339 2224 1362 2253 C

330 2288 408 2312 sum
428 2271 630 2310 faciendum
649 2284 733 2308 esse.
748 2271 799 2308 Ut
816 2282 899 2319 ergo
916 2281 997 2305 eum
1024 2266 1127 2316 dicit,
1151 2269 1313 2304 Recum-

334 2337 425 2372 bens
445 2333 625 2369 dormivit
640 2339 680 2368 ut
696 2331 769 2375 leo,
789 2328 885 2378 quod
901 2326 1178 2379 inexpugnabile
1198 2336 1230 2363 et
1245 2335 1316 2364 ter-

333 2394 437 2431 ribile
464 2401 514 2430 est
533 2389 781 2441 intelligimus,
804 2402 873 2425 non
893 2386 989 2438 quod
1013 2386 1182 2436 ferinum,
1203 2400 1317 2436 neque

337 2452 437 2492 aliud
455 2450 642 2503 quidpiam
667 2448 763 2500 quod
789 2447 881 2485 leoni
901 2455 1101 2498 competat:
1129 2459 1169 2483 ac.
1196 2460 1319 2483 rursus

339 2529 419 2553 cum
432 2513 534 2562 dicit,
553 2513 763 2549 Occurram
781 2509 861 2546 illis
879 2516 1080 2558 tamquam
1101 2521 1192 2544 ursa
1210 2507 1321 2544 dubi-

341 2585 442 2621 tans,
460 2572 497 2610 id
516 2571 561 2610 ad
576 2570 744 2608 ultionem
759 2568 931 2621 pertinet,
952 2577 986 2605 et
1003 2581 1085 2605 cum
1100 2567 1200 2617 dicit,
1214 2570 1322 2606 Deus

342 2644 470 2674 noster
485 2635 584 2686 ignis
599 2643 838 2676 consumens,
857 2627 894 2666 id
905 2627 1001 2679 quod
1015 2629 1190 2666 consumit
1204 2644 1223 2667 a
1238 2643 1322 2681 sup-

341 2697 449 2752 plicio
476 2693 748 2746 intelligendum
769 2707 776 2728 :
805 2691 856 2729 sic
883 2700 916 2728 et
936 2690 1098 2728 hocloco
1125 2691 1257 2740 lutum,
1277 2691 1321 2728 fi-

344 2759 448 2811 gulus
467 2767 500 2795 et
521 2770 605 2794 rasa
623 2752 829 2806 accipienda
859 2761 951 2790 sunt.
969 2754 1015 2790 At
1042 2766 1122 2789 cum
1148 2751 1272 2804 adjicit
1291 2762 1325 2790 et

343 2819 430 2857 dicit
447 2835 454 2855 :
472 2818 622 2857 Annon
639 2817 755 2854 habet
769 2813 1154 2866 potestatemfigulus
1175 2813 1262 2860 lati,
1285 2823 1327 2852 ut

346 2895 393 2919 ex
412 2880 542 2917 eadem
567 2890 696 2915 massa
704 2876 838 2928 fingat
867 2874 978 2911 aliud
1007 2875 1159 2925 quidem
1193 2888 1268 2912 vas
1287 2877 1328 2912 in

347 2943 544 2988 honorem,
581 2938 692 2976 aliud
719 2938 759 2974 in
798 2935 1074 2973 contumeliam
1087 2939 1104 2971 Ρ
1137 2949 1223 2973 eave
1254 2950 1326 2987 pu-
1350 2949 1375 2979 Ι)

347 3012 410 3051 tes,
429 3002 506 3039 haec
524 3000 570 3038 ad
600 2998 736 3051 opificii
766 2997 938 3035 rationem
963 3010 982 3033 a
1011 2996 1123 3034 Paulo
1150 2997 1238 3045 dici,
1270 2998 1327 3036 vel

346 3062 392 3100 ad
407 3060 579 3114 propositi
600 3058 856 3106 necessitatem,
888 3056 949 3094 sed
979 3056 1025 3093 ad
1053 3058 1328 3096 oeconomiarum

348 3132 555 3176 potestatem
572 3135 613 3159 ac
633 3119 882 3157 differentiam.
900 3119 991 3155 Nam
1007 3117 1036 3153 si
1066 3131 1134 3155 non
1155 3118 1203 3155 ita
1233 3120 1330 3156 acci-

348 3185 501 3236 piamus,
513 3182 624 3220 multa
640 3189 827 3231 sequentur
843 3178 1008 3216 absurda.
1020 3177 1057 3216 Si
1074 3178 1166 3216 enim
1181 3178 1224 3216 de
1244 3194 1328 3231 prp-

394 3321 410 3337 *
436 3321 591 3361 [ἀνασπᾷν
605 3320 641 3350 Α.
658 3325 690 3350 eL
704 3327 807 3359 marg.
825 3315 944 3357 sard]

396 3380 408 3394 ἢ
433 3369 547 3401 Morel,
574 3374 818 3410 ἐπετεταγμένην.
846 3366 948 3401 Savil.
975 3367 1027 3408 [ct
1050 3368 1102 3409 A.]
1125 3371 1349 3411 ἐκτεταμένη»

1372 914 1458 966 πρὸς
1477 914 1515 952 τὸ
1530 916 1653 953 οἰκεῖον
1671 914 1918 966 ἄγεινζθέλημα
1931 945 1940 962 ,
1959 914 2018 952 καὶ
2031 913 2092 956 τὰς
2109 913 2262 955 ἀκάνθας
2277 913 2292 927 *
2307 914 2395 948 ἀπο-

1373 981 1478 1026 σπᾷν,
1499 975 1557 1013 καὶ
1576 975 1654 1013 τότε
1681 976 1915 1013 καταὸάλλειν
1940 974 1984 1013 τὰ
2015 974 2219 1026 σπέρματα,
2251 972 2311 1010 καὶ
2344 970 2393 1022 μὴ

1374 1035 1495 1079 εὐθέως
1514 1035 1598 1088 πρὸς
1626 1035 1669 1074 τὰ
1697 1035 1906 1088 ἐρωτώμενα
1933 1035 2178 1087 ἀποκρίνεσθαι
2203 1036 2394 1084 πανταχοῦ.

1375 1096 1436 1143 Μὴ
1458 1099 1527 1148 ἐρεῖ
1549 1098 1588 1135 τὸ
1607 1097 1755 1147 πλάσμα
1784 1100 1834 1149 τῷ
1866 1097 2062 1143 πλάσαντι,
2092 1095 2126 1132 τί
2158 1110 2201 1145 με
2229 1093 2395 1140 ἐποίησας

1376 1157 1504 1204 οὕτως,
1522 1157 1573 1195 Ἦ
1597 1160 1657 1196 οὐκ
1673 1158 1747 1209 ἔχει
1765 1157 1920 1202 ἐξουσίαν
1951 1161 1968 1195 ὅ
1993 1155 2164 1208 κεραμεὺς
2182 1158 2240 1193 τοῦ
2258 1157 2370 1200 πηλοῦ
2386 1183 2395 1199 ,

1376 1219 1415 1255 ἐκ
1440 1222 1498 1256 τοῦ
1527 1220 1628 1257 αὐτοῦ
1656 1219 1855 1272 φυράματος
1881 1222 2046 1265 ποιῆσαι,
2081 1218 2098 1255 ὃ
2123 1215 2183 1268 μὲν
2210 1218 2256 1258 εἷς
2288 1213 2394 1265 τιμὴν

1377 1282 1515 1327 σκεῦος,
1536 1278 1553 1316 ὃ
1577 1279 1607 1316 “e
1626 1280 1672 1322 εἷς
1687 1279 1851 1330 ἀτιμίαν,

1431 1416 1603 1454 Ἐνταῦθα
1622 1419 1659 1454 οὐ
1680 1417 1719 1454 τὸ
1736 1415 1951 1459 αὐτεξούσιον
1974 1416 2122 1466 ἀναιρῶν
2153 1417 2252 1450 τοῦτο
2280 1412 2398 1464 λέγει,

1379 1476 1469 1515 ἀλλὰ
1487 1476 1617 1520 δεικνὺς
1637 1476 1743 1528 μέχρι
1764 1477 1872 1514 πόσου
1890 1477 1939 1513 δεῖ
1955 1475 2134 1512 πείθεσθαι
2149 1476 2198 1526 τῷ
2217 1475 2313 1525 Θεῷ.
2337 1475 2398 1516 Εἷς

1377 1537 1444 1589 γὰρ
1463 1538 1501 1575 τὸ
1516 1538 1573 1575 τὸν
1593 1537 1684 1576 Θεὸν
1701 1539 1860 1574 ἀπαιτεῖν
1877 1536 2035 1583 εὐθύνας,
2061 1535 2157 1572 οὐδὲν
2179 1535 2309 1585 μᾶλλον
2340 1538 2399 1572 τοῦ

1377 1600 1489 1645 πηλοῦ
1518 1598 1711 1635 διακεῖσθαι
1732 1598 1791 1635 δεῖ.
1815 1596 1907 1635 Οὐδὲ
1931 1597 2000 1648 γὰρ
2027 1596 2127 1646 μόνον
2157 1594 2345 1645 ἀντιλέγειν
2362 1596 2400 1632 οὖ

1378 1658 1447 1711 χρὴ
1464 1689 1473 1707 ,
1502 1658 1578 1701 οὐδὲ
1604 1661 1730 1706 ζητεῖν,
1757 1660 1833 1696 ἀλλ’
1854 1657 1930 1697 οὐδὲ
1959 1658 2164 1709 φθέγγεσθαι
2192 1656 2297 1703 ὅλως,
2324 1654 2400 1693 οὐδὲ

1381 1723 1518 1768 ἐννοεῖν,
1549 1721 1624 1757 ἀλλ’
1657 1719 1806 1757 ἐοικέναι
1838 1719 1957 1770 ἐκείνῳ
1984 1721 2033 1771 τῷ
2060 1717 2204 1769 ἀψύχῳ,
2234 1715 2294 1754 καὶ
2325 1720 2401 1756 ταῖς

1380 1781 1498 1834 χερσὶν
1538 1780 1697 1834 ἑπομένῳ
1729 1784 1789 1818 τοῦ
1827 1779 2005 1832 κεραμέως
2017 1810 2026 1827 ,
2061 1779 2122 1817 καὶ
2158 1777 2401 1830 περιαγομένῳ

1381 1843 1534 1893 ὅπουπερ
1557 1842 1596 1878 ἂν
1627 1845 1752 1885 ἐκεῖνος
1769 1842 1881 1893 ἐθέλῃ.
1912 1842 1975 1884 Εἰς
2004 1844 2104 1878 τοῦτο
2131 1839 2199 1892 γὰρ
2233 1837 2335 1888 μόνον
2363 1838 2403 1875 τὸ

1382 1904 1576 1954 ὑπόδειγμα
1591 1903 1726 1950 ἔλαέεν,
1745 1904 1807 1940 οὐκ
1820 1903 1867 1945 εἷς
1881 1901 1942 1947 τὴν
1958 1904 2019 1947 τῆς
2035 1899 2211 1943 πολιτείας
2230 1897 2403 1945 ἐπίδειξιν,

1384 1966 1459 2003 ἀλλ’
1480 1967 1527 2008 εἷς
1541 1963 1602 2011 τὴν
1620 1963 1924 2015 ιΊὑποτεταγμένην
1943 1961 2099 2009 ὑπακοὴν
2115 1961 2174 1999 καὶ
2195 1960 2309 2010 σιγήν.
2334 1959 2404 1998 Καὶ

1383 2029 1483 2063 τοῦτο
1500 2030 1680 2077 πανταχοῦ
1711 2026 1761 2062 δεῖ
1789 2030 2017 2076 παρατηρεῖν,
2033 2022 2085 2061 ὅτι
2104 2022 2148 2060 τὰ
2163 2021 2403 2072 ὑποδείγματα

1385 2088 1423 2124 οὐ
1452 2086 1566 2125 πάντα
1589 2086 1735 2125 καθόλου
1762 2087 1812 2124 δεῖ
1834 2086 2039 2135 λαμὸάνειν,
2065 2083 2155 2122 ἀλλὰ
2174 2083 2213 2122 τὸ
2231 2085 2405 2136 χρήσιμον

1387 2150 1498 2186 αὐτῶν
1527 2147 1794 2199 ἐκλεξαμένους,
1821 2147 1880 2186 καὶ
1905 2149 1953 2190 εἷς
1969 2147 2054 2198 ὅπερ
2073 2147 2334 2199 παρείληπται,
2365 2145 2407 2182 τὸ

1386 2210 1507 2248 λοιπὸν
1527 2210 1619 2247 ἅπαν
1647 2212 1718 2260 ε’ᾆν.
1735 2209 1874 2261 (Ὠσπερ
1891 2204 1948 2247 οῦν
1969 2209 2049 2246 ὅταν
2067 2207 2153 2258 λέγῃ
2169 2206 2196 2258 ,ξ
2209 2204 2405 2244 Ἀναπεσὼν

1389 2270 1556 2320 ἐκοιμήθη
1577 2272 1622 2313 ὡς
1642 2269 1743 2316 λέων,
1763 2270 1801 2307 τὸ
1821 2270 1959 2319 ἄμαχον
1980 2269 2039 2306 καὶ
2064 2268 2206 2319 φοέερὸν
2223 2266 2408 2316 ἐκλαμὸά-

1389 2345 1504 2380 νομεν,
1534 2332 1571 2367 οὐ
1597 2329 1636 2367 τὸ
1661 2330 1826 2380 θηριῶδες
1859 2328 1934 2366 οὐδὲ
1955 2328 2040 2366 ἄλλο
2060 2344 2094 2365 τι
2118 2329 2186 2364 τῶν
2216 2329 2265 2378 τῷ
2295 2325 2409 2364 λέοντι

1391 2389 1606 2443 προσόντων·
1634 2388 1692 2426 καὶ
1716 2388 1819 2426 πάλιν
1841 2387 1921 2425 ὅταν
1937 2388 2043 2438 λέγῃ,
2068 2386 2330 2436 Ἀπαντήσομαι
2346 2386 2409 2422 αὐ-

1392 2457 1481 2499 τοῖς,
1511 2453 1557 2494 ὡς
1582 2450 1705 2503 ἄρκτος
1727 2448 1947 2502 ἀπορουμένη
1961 2479 1970 2496 ,
2001 2449 2040 2486 τὸ
2059 2447 2294 2499 τιμωρητικόν
2309 2462 2316 2470 ·
2351 2445 2412 2484 καὶ

1394 2514 1474 2550 ὅταν
1490 2511 1641 2563 λέγῃ,Ὁ
1657 2511 1745 2554 Θεὸς
1760 2513 1860 2560 ἡμῶν
1877 2514 1944 2562 πῦρ
1964 2510 2229 2554 καταναλίσκον,
2245 2509 2284 2546 τὸ
2300 2509 2411 2546 δαπα-

1394 2573 1532 2620 νητικὸν
1551 2572 1590 2610 τὸ
1611 2575 1649 2610 ἐκ
1667 2575 1728 2618 τῆς
1748 2570 1922 2613 κολάσεως
1939 2586 1946 2593 ·
1967 2570 2075 2614 οὕτως
2100 2564 2157 2608 οῦν
2186 2569 2246 2607 καὶ
2265 2571 2412 2608 ἐνταῦθα

1394 2633 1450 2671 τὸν
1471 2634 1580 2680 πηλὸν
1600 2632 1659 2670 καὶ
1676 2632 1732 2670 τὸν
1746 2631 1903 2685 κεραμέα
1922 2630 1981 2668 καὶ
1996 2630 2040 2667 τὰ
2057 2630 2160 2676 σκεύη
2182 2628 2411 2680 ἑκλαμὸάνειν

1396 2695 1543 2746 ἀνάγκη.
1569 2693 1640 2732 Καὶ
1660 2692 1741 2731 ὅταν
1763 2693 1799 2730 δὲ
1821 2692 1934 2744 ἐπάγῃ
1959 2692 2018 2729 καὶ
2037 2691 2122 2743 λέγῃ
2138 2721 2147 2738 ,
2171 2689 2223 2729 *H
2255 2692 2316 2729 οὐκ
2339 2690 2412 2742 ἔχει

1397 2754 1548 2800 ἐξουσίαν
1566 2758 1583 2793 ὃ
1597 2753 1767 2806 κεραμεὺς
1783 2758 1842 2792 τοῦ
1864 2755 1975 2800 πηλοῦ
1994 2754 2033 2790 ἐκ
2050 2757 2110 2790 τοῦ
2131 2753 2234 2790 αὐτοῦ
2254 2751 2412 2804 φυράμα-

1397 2833 1452 2860 τος
1466 2819 1630 2864 ποιῆσαι,
1651 2816 1668 2854 ὃ
1683 2816 1745 2866 μὲν
1760 2817 1807 2858 εἷς
1821 2814 1925 2865 τιμὴν
1941 2817 2079 2861 σκεῦος,
2100 2813 2118 2852 ὃ
2137 2813 2173 2852 δὲ
2192 2815 2240 2856 εἰς
2259 2813 2416 2863 ἀτιμίαν,

1400 2878 1448 2930 μὴ
1470 2880 1517 2921 εἰς
1539 2876 1764 2927 δημιουργίας
1783 2877 1885 2926 λόγον
1911 2875 2028 2925 νόμιζε
2051 2880 2160 2913 ταῦτα
2191 2876 2348 2926 εἷρῆσθαι
2366 2874 2415 2923 τῷ

1399 2939 1550 2990 Παύλῳ,
1574 2937 1622 2988 μὴ
1650 2939 1696 2979 εἰς
1708 2936 1848 2987 γνώμης
1868 2935 2036 2986 ἀνάγκην,
2053 2937 2129 2972 ἀλλ’
2150 2937 2196 2978 εἷς
2212 2936 2415 2983 οἰκονομιῶν

1401 2998 1554 3045 ἐξουσίαν
1574 2997 1634 3035 καὶ
1654 2997 1831 3048 διαφοράν.
1851 2997 1896 3034 Εἰ
1915 2996 1982 3049 γὰρ
2003 2994 2050 3046 μὴ
2069 2995 2174 3038 οὕτως
2196 2995 2418 3044 ε’κλάὸοιμεν,

1401 3059 1514 3098 πολλὰ
1537 3058 1581 3097 τὰ
1603 3058 1716 3095 ἄτοπα
1737 3057 1867 3107 ἕψεται.
1884 3056 1952 3093 Καὶ
1973 3056 2040 3108 γὰρ
2057 3058 2086 3093 εἰ
2101 3056 2180 3108 περὶ
2200 3054 2342 3107 γνώμης
2359 3056 2418 3092 ἐν-

1401 3119 1672 3171 ταῦθαὸλόγος,
1691 3118 1750 3156 καὶ
1769 3121 1836 3155 τῶν
1856 3119 1993 3168 ἀγαθῶν
2025 3116 2083 3155 καὶ
2106 3119 2178 3161 ,τῶν
2200 3119 2236 3154 οὐ
2257 3116 2418 3155 τοιούτων

1403 3183 1501 3220 ἔσται
1514 3181 1613 3223 αὐτὸς
1627 3179 1834 3231 δημιουργὸς
1849 3178 1990 3226 τούτων,
2003 3177 2061 3215 καὶ
2078 3180 2095 3216 ὁ
2113 3179 2290 3229 ἄνθρωπος
2304 3176 2419 3222 πάσης

1416 3315 1493 3347 Mss.
1512 3316 1762 3356 ὑποτεταγμένην,
1779 3322 1879 3355 quam
1903 3321 1971 3343 esse
1994 3321 2103 3344 veram
2126 3308 2301 3342 lec—tionem
2323 3313 2416 3350 puto.
