2466 3805
684 272 725 301 IN
766 271 882 300 ACTA

123 359 224 407 μεθα.
241 354 310 395 Καὶ
327 353 394 407 γὰρ
412 353 496 406 πρὸς
523 352 640 401 ποτὸν,
660 352 746 405 πρὸς
766 351 917 403 ἀρδείαν,
942 351 1028 404 πρὸς
1052 353 1143 389 οἷκο-

117 416 246 466 δομὴν,
275 415 360 467 πρὸς
392 415 509 454 πάντα
529 417 613 466 ἡμῖν
641 413 814 467 χρήσιμος
845 411 932 459 αὕτη
969 414 991 458 ἡ
1025 410 1139 462 πηγή.

120 477 232 515 Οὐδὲν
251 480 310 514 τοῦ
336 476 492 527 πόματος
512 474 632 514 τούτου
661 473 814 525 βέλτιον·
847 475 908 511 οὐκ
934 467 1022 512 οἶδεν
1056 472 1141 518 αὕτη

123 537 230 589 μέθην
254 537 484 589 ἐργάσασθαι·
507 536 641 587 βέλτιον
670 535 831 582 τοιαύτην
854 534 945 586 ἔχειν
964 534 1093 586 πηγὴν,
1119 534 1141 581 ἢ

121 603 250 650 χρυσοῦ
279 598 394 650 πηγὰς
422 599 588 650 ἓπιρῥεῖν.
611 596 736 643 Πάσης
764 596 961 648 χρυσίτιδος
980 599 1043 647 γῆς
1065 597 1141 647 βελ-

122 658 205 696 τίων
224 661 245 705 ἡ
266 663 383 697 τοῦτον
408 658 559 711 φέρουσα
580 658 636 696 τὸν
657 657 785 710 χρυσὸν
804 656 911 709 ψυχή.
937 659 990 695 Οὐ
1010 656 1076 708 γὰρ
1096 659 1143 700 εἷς

123 723 234 758 ταῦτα
252 720 296 758 τὰ
320 719 502 771 βασίλεια,
525 718 615 758 ἀλλὰ
634 719 678 756 τὰ
706 718 776 756 ἄνω
811 721 895 768 ἡμῖν
917 724 1141 770 συνεκχωρεῖ.

124 779 170 818 eO
185 781 312 832 χρυσὸς
341 780 471 830 κόσμος
490 780 620 831 γίνεται
648 782 691 828 τῇ
722 777 920 829 Ἐκκλησία
949 782 1009 815 τοῦ
1028 780 1120 816 Θεοῦ
1134 793 1142 800 ·

125 841 195 879 ἀπὸ
212 841 332 879 τούτου
351 844 410 879 τοῦ
438 845 568 893 χρυσοῦ
599 843 620 885 ἡ
656 839 817 890 μάχαιρα
844 838 1143 881 κατασκευάζεται

124 905 184 939 τοῦ
205 901 431 951 Πνεύματος,
448 904 469 947 ἦ
499 899 656 952 μάχαιρα
676 900 719 936 δι’
740 893 782 943 ἧς
812 901 830 936 ὃ
857 897 993 950 δράκων
1013 897 1140 935 ἀποτέ-

127 977 263 1011 μνεται.
286 961 370 1000 Ἀπὸ
387 960 516 1007 ταύτης
536 964 598 1006 τῆς
625 961 739 1009 πηγῆς
759 961 790 996 οἱ
808 957 896 996 λίθοι
914 957 1144 1010 προέρχονται

125 1025 156 1059 οἱ
174 1020 305 1071 τίμιοι,
326 1024 357 1060 οἱ
386 1021 463 1073 περὶ
482 1020 544 1068 τὴν
564 1018 717 1071 κεφαλὴν
736 1021 795 1056 τοῦ
820 1017 1001 1068 βασιλέως.
1021 1018 1083 1065 Μὴ
1102 1019 1143 1065 δὴ

126 1082 312 1131 ἀμελῶμεν
340 1081 502 1119 τοσούτου
533 1079 701 1126 πλούτου,
729 1079 804 1116 ἀλλ’
836 1077 1049 1130 εἰσφέρωμεν
1081 1079 1145 1125 τὴν

125 1140 358 1191 ἐλεημοσύνην
379 1140 467 1191 μετὰ
483 1139 662 1192 δαψιλείας
676 1168 685 1186 ,
702 1138 758 1176 ἵνα
786 1140 847 1184 τῆς
866 1138 962 1191 παρὰ
978 1142 1038 1176 τοῦ
1053 1140 1145 1177 Θεοῦ

126 1199 384 1253 φιλανθρωπίας
404 1201 616 1252 ἀξιωθῶμεν,
636 1200 756 1253 χάριτι
781 1199 840 1237 καὶ
864 1202 1058 1251 οἷκτιρμοῖς
1086 1204 1146 1238 τοῦ

126 1265 328 1312 μονογενοῦς
346 1264 449 1301 αὐτοῦ
468 1263 573 1308 Υἱοῦ,
593 1256 621 1314 ᾧ
640 1267 738 1299 πᾶσα
757 1259 838 1304 δόςα
850 1289 860 1308 ,
880 1259 966 1310 τιμὴ
989 1260 1049 1298 καὶ
1065 1261 1147 1313 κρά-

123 1336 201 1369 τος,
223 1322 298 1373 ἅμα
316 1326 366 1375 τῷ
404 1324 491 1376 ἁγίῳ
510 1322 715 1373 Πνεύματι,
749 1324 796 1364 εἰς
822 1321 900 1365 τοὺς
921 1323 1049 1365 αἰῶνας
1079 1324 1146 1359 τῶν

127 1382 274 1422 αἰώνων.
292 1383 413 1434 Ἀμήν.

917 268 1241 300 APOSTOLORUM
1253 288 1261 297 .

1301 267 1458 297 HOMIL.
1497 267 1633 296 XXIII.

2111 269 2195 314 ¹97

1215 348 1322 387 Omni
1338 348 1492 386 aurifera
1505 356 1599 386 terra
1615 347 1741 385 melior
1759 354 1811 386 est
1832 347 2054 397 anima,quae
2070 347 2198 400 hujus-

1214 409 1311 447 modi
1328 410 1393 447 fert
1409 423 1551 448 aurum.
1585 409 1664 447 Non
1681 408 1776 446 enim
1794 407 1832 446 in
1851 407 1943 445 hanc
1962 407 2097 460 regiam
2109 437 2119 457 ‚
2134 408 2198 446 sed

1213 472 1249 509 in
1271 485 1461 523 supernam
1478 471 1662 509 nobiscum
1679 469 1848 509 concedit.
1862 469 1939 507 Hoc
1954 483 2080 507 aurum
2097 483 2198 507 orna-

1214 541 1371 569 mentum
1399 541 1450 569 cst
1471 532 1636 569 Ecclesiae
1658 532 1744 569 Dei:
1775 546 1820 569 ex
1833 530 1901 569 hoc
1929 544 2014 569 auro
2046 531 2200 569 efficitur

1214 592 1352 644 gladius
1388 593 1556 645 Spiritus,
1579 593 1718 645 gladius
1737 607 1800 645 per
1830 607 1935 643 quem
1960 592 2068 631 draco
2087 593 2199 630 disse-

1214 664 1323 692 catur.
1339 655 1398 693 Ex
1413 655 1481 692 boc
1500 656 1594 693 fonte
1604 654 1781 707 prodeunt
1799 654 1934 706 lapides
1954 654 2097 707 pretiosi
2113 685 2122 703 ‚
2137 654 2200 705 qui

1214 724 1319 766 caput
1338 715 1432 765 regis
1459 724 1595 753 ornant.
1622 717 1674 752 Ne
1705 715 1826 765 itaque
1849 715 2070 767 negligamus
2087 724 2200 752 tantas

1212 775 1374 824 divitias;
1397 774 1459 812 sed
1490 775 1637 825 largiter
1657 775 1915 826 eleemosynam
1933 776 2137 824 inferamus,
2161 784 2201 812 ut

1213 834 1281 871 Dei
1294 834 1510 884 benignitate
1525 834 1724 885 dignemur,
1743 835 1856 885 gratia
1868 844 1901 872 et
1913 835 2200 872 miserationibus

1215 894 1385 946 unigeniti
1402 894 1478 946 ejus
1492 894 1591 944 Filii,
1613 894 1670 931 cui
1690 895 1803 932 omnis
1818 895 1943 945 gloria,
1955 895 2069 933 honor
2089 904 2121 933 et
2135 895 2200 933 im-

1166 971 1191 1001 E
1215 955 1353 1007 perium
1378 967 1449 992 una
1467 968 1548 992 cum
1567 964 1687 993 sancto
1706 955 1858 1007 Spiritu7
1879 955 1915 993 in
1937 956 2066 993 saecula
2089 969 2199 993 saecu-

1216 1015 1345 1053 lorum.
1367 1017 1489 1052 Amen.

493 1615 672 1654 OMIAIA
699 1613 766 1665 κγ’.

129 1719 185 1769 Ἰῇ
208 1718 242 1756 δὲ
256 1717 419 1770 ἐπαύριον
437 1718 606 1765 ἀναστὰς,
627 1719 743 1770 φησὶν,
763 1722 780 1757 ὁ
800 1718 953 1771 Πέτρος,
974 1713 1056 1765 ἦλθε
1085 1718 1145 1756 σὺν

183 1782 314 1823 αὐτοῖς·
332 1779 392 1818 καί
421 1795 512 1824 τινες
531 1783 600 1818 τῶν
625 1781 779 1832 ἀδελφῶν
798 1783 865 1818 τῶν
900 1780 969 1819 ἀπὸ
1000 1779 1148 1826 Ἰόππης

180 1840 383 1887 *συνῆλθον
409 1843 456 1884 εἷς
482 1840 545 1888 τὴν
579 1841 806 1894 Καισάρειαν.
830 1841 874 1879 Ὁ
895 1841 930 1879 δὲ
958 1841 1147 1894 Κορνήλιος

177 1897 218 1949 ἦν
236 1903 438 1954 προσδοκῶν
457 1901 589 1950 αὐτοὺς,
610 1902 913 1954 συγκαλεσάμενος
933 1903 1010 1947 τοὺς
1027 1918 1149 1955 συγγε-

179 1968 245 2006 νεῖς
262 1965 365 2001 αὐτοῦ
385 1963 444 2001 καὶ
461 1962 539 2005 τοὺς
559 1963 767 2014 ἀναγκαίους
785 1963 914 2015 φίλους.

183 2129 284 2167 Μετὰ
303 2130 343 2168 τὸ
373 2128 501 2174 ξενίσαι
520 2129 599 2173 τοὺς
627 2129 774 2182 ἄνδρας,
804 2129 982 2183 ἐξέρχεται
1002 2130 1062 2169 σὺν
1084 2133 1149 2169 αὖ-

130 2197 201 2234 τοῖς
217 2207 224 2215 ·
241 2193 392 2234 “’“καλῶς.
418 2190 594 2243 Πρότερον
625 2193 880 2243 φιλοφρονεῖται
907 2192 968 2229 ἅτε
995 2191 1064 2229 ἀπὸ
1085 2207 1151 2229 κα-

131 2252 241 2302 μάτου
278 2252 377 2295 ὄντας
411 2250 554 2299 αὐτοὺς,
582 2251 642 2289 καὶ
672 2253 792 2288 οἷκειοῖ
819 2254 950 2303 ἑαυτῷ,
977 2246 1052 2289 εἶτα
1078 2253 1150 2289 λοι-

128 2313 193 2350 πὸν
212 2313 272 2350 καὶ
289 2311 465 2356 συνέξεισι.
487 2313 544 2363 Τῇ
569 2311 604 2349 δὲ
630 2311 809 2363 ἐπαύριον,
827 2312 944 2363 φησὶν,
962 2310 1114 2355 ἀναστὰς
1135 2315 1152 2350 ὃ

128 2374 279 2426 Πέτρος,
300 2369 384 2420 ἦλθε
404 2373 463 2412 σὺν
483 2376 618 2421 αὐτοῖς,
639 2373 700 2410 καί
719 2388 808 2416 τινες
826 2377 895 2411 τῶν
911 2373 1078 2425 ἀδελφῶν.
1098 2374 1151 2411 Οὔ

129 2434 250 2486 μόνος,
270 2434 361 2473 ἀλλὰ
375 2434 434 2472 καὶ
450 2435 550 2473 ἄλλοι
567 2434 728 2487 ἔρχονται
749 2434 823 2484 μετ’
840 2435 942 2473 αὐτοῦ
954 2449 962 2457 ·
979 2434 1039 2472 καὶ
1053 2439 1153 2473 τοῦτο

128 2499 371 2546 οἷκονομικῶς,
388 2495 478 2534 ὥστε
506 2490 593 2534 εἶναι
615 2495 793 2548 μάρτυρας
813 2495 901 2546 μετὰ
920 2499 1052 2542 ταῦτα,
1073 2495 1153 2533 ὅταν

131 2557 379 2606 ἀπολογεῖσθαι
399 2554 469 2592 δέοι
484 2555 632 2607 Πέτρον.
645 2554 689 2593 Ὁ
713 2555 748 2592 δὲ
769 2554 961 2608 Κορνήλιος
978 2550 1019 2603 ἦν
1041 2571 1153 2607 προσ-

133 2617 242 2653 δοκῶν
264 2615 405 2664 αὒτοὺς,
423 2615 724 2668 συγκαλεσάμενος
750 2615 827 2660 τοὺς
848 2623 1023 2669 συγγενεῖς
1051 2618 1155 2655 αὐτοῦ

133 2676 191 2714 καὶ
211 2675 287 2720 τοὺς
305 2677 512 2729 ἀναγκαίους
528 2676 656 2729 φίλους.
678 2679 790 2716 Τοῦτο
818 2677 936 2730 φίλου,
954 2681 1055 2716 τοῦτο
1075 2680 1154 2715 θεο-

132 2738 253 2781 σεῧοῦς
265 2769 275 2786 ,
292 2740 324 2775 ἓν
346 2744 417 2782 τοῖς
438 2738 605 2782 τοιούτοις
620 2741 759 2790 ἀγαθοῖς
776 2737 867 2791 ι’πρὸ
883 2739 1023 2777 πάντων
1044 2745 1154 2777 ποιεῖ-

176 2855 192 2870 *
210 2855 369 2897 [συνῆλθον
393 2859 490 2899 αὐτῷ,
513 2860 561 2890 καὶ
575 2864 613 2901 τῇ
628 2860 767 2902 ἐπαύριον
783 2860 915 2895 εἰσῆλθον
933 2862 972 2893 εἰς
988 2871 1017 2890 τ.
1036 2872 1064 2890 κ.
1083 2857 1139 2889 Sa-

134 2905 246 2946 xilius,
264 2906 340 2938 fort.
359 2918 397 2939 ex
415 2907 540 2939 Bibliis.
570 2908 658 2941 Nam
682 2920 758 2940 cum
781 2907 878 2941 nobis
907 2916 999 2943 stant
1025 2907 1135 2940 codd.

135 2968 248 2989 omnes
264 2965 297 2989 et
311 2959 489 3002 CommeL]

178 3019 192 3034 a
214 3011 253 3040 In
270 3021 335 3042 uno
352 3011 545 3054 exemplari,
561 3010 613 3044 his
629 3011 757 3044 omissis
774 3011 895 3054 verbis,
919 3017 1001 3056 μετὰ·
1016 3017 1050 3046 τὸ
1067 3016 1140 3052 ξενί-

138 3077 183 3095 w:
199 3064 324 3107 ἄνδρας,
342 3068 493 3109 ἐξέρχεται
517 3067 564 3098 σὺν
580 3069 694 3106 αὐτοῖς,
714 3065 756 3097 ab
774 3064 823 3097 his
840 3066 999 3107 incipitur
1011 3091 1018 3104 ‚
1043 3069 1140 3103 καλῶς

139 3120 284 3156 πρότερον
296 3119 521 3160 φιλοφρονεῖται.
540 3117 629 3158 [Imo
646 3125 713 3149 tres
726 3117 763 3150 A.
781 3118 817 3148 Β.
834 3117 872 3150 C.
892 3118 937 3148 sic
952 3116 1136 3158 incipiunt:

137 3167 241 3202 Καλῶς
257 3180 309 3209 πρ.
335 3170 396 3210 φιλ.
417 3170 480 3205 τοὺς
496 3171 623 3213 ἄνδρας,
642 3171 696 3202 ἅτε
714 3173 773 3203 ἀπὸ
799 3174 940 3211 καμάτου
966 3172 1063 3206 ὄντας.
1091 3172 1140 3202 καὶ

138 3222 236 3250 οῖκεεοὶ
252 3220 359 3261 ἑαυτῷ.
387 3223 434 3252 καὶ
459 3235 534 3257 τινες
553 3225 693 3266 ἔρχονται
708 3224 778 3262 μετ’
805 3225 906 3254 αὐτοῦ.
926 3225 974 3254 καὶ
988 3226 1076 3254 τοῦτο
1099 3225 1141 3254 oi-

140 3278 317 3311 κονομικῶς,
344 3273 419 3303 ὥστε
446 3273 519 3305 εἶναι
542 3277 712 3317 μάρτυρας.
738 3273 958 3314 Integriorcm
989 3271 1141 3304 ordmem

138 3321 280 3352 servavit
308 3321 347 3352 D.
367 3328 400 3353 et
415 3322 574 3363 expressit
596 3323 780 3365 Erasmus]
798 3324 977 3366 Possetque
1001 3322 1065 3356 hoc
1080 3322 1142 3355 ini-

141 3372 223 3403 tium
239 3370 390 3413 tolerari,
409 3371 466 3404 sed
482 3372 597 3404 melius
615 3374 771 3416 incipitur
789 3373 908 3407 abillis
924 3373 1043 3415 verbis,
1061 3382 1144 3418 μετὰ

143 3428 176 3455 τὸ
194 3426 309 3463 gavini,
328 3429 392 3457 etc.
413 3422 501 3456 Illud
520 3437 607 3466 vero,
623 3428 720 3463 καλῶς
742 3434 887 3473 πρότερον
913 3430 1141 3473 φιλορροιεῐται,

1159 1578 1205 1603 184

1516 1610 1697 1648 HOMILI
1707 1613 1736 1648 A
1760 1610 1904 1649 XXIII.

1220 1717 1309 1754 CAP.
1328 1714 1375 1754 X.
1396 1729 1430 1753 v.
1451 1715 1515 1753 25.
1543 1713 1724 1766 Sequenti
1745 1723 1874 1751 autem
1888 1715 1962 1761 die,
1983 1714 2108 1766 inquit,
2125 1729 2207 1753 sur-

1269 1790 1364 1829 gens
1383 1777 1538 1820 Petrus,
1556 1776 1752 1828 profectus
1765 1783 1821 1812 est
1838 1789 1925 1813 cum
1946 1776 2024 1813 illis
2040 1791 2051 1811 :
2065 1784 2102 1813 et
2125 1779 2206 1828 qui-

1272 1838 1364 1874 dam
1376 1850 1423 1874 ex
1426 1837 1619 1888 fratribus
1633 1837 1682 1872 ab
1693 1836 1816 1887 Joppe
1828 1849 1914 1873 cum
1929 1836 1998 1873 illo
2014 1845 2206 1873 venerunt

1275 1900 1506 1937 Caesaream.
1523 1898 1585 1935 24.
1602 1897 1805 1935 Cornelius
1835 1910 1930 1935 vero
1957 1899 2205 1949 exspectabat

1274 1961 1376 2006 illos,
1394 1961 1615 1998 convocatis
1634 1960 1809 2010 cognatis
1825 1961 1907 1997 suis
1925 1967 1961 1996 et
1978 1961 2207 1996 necessariis

1277 2035 1425 2059 amicis.

1277 2124 1311 2158 1.
1333 2123 1524 2170 Postquam
1545 2119 1643 2159 viros
1663 2119 1888 2171 hospitaliter
1913 2121 2092 2171 tractavit,
2113 2136 2210 2173 egre-

1222 2182 1322 2220 ditur
1341 2182 1514 2219 cumillis
1536 2197 1544 2217 :
1564 2190 1668 2218 recte.
1703 2180 1809 2218 Prius
1844 2181 1996 2232 benigne
2028 2196 2110 2220 cum
2139 2184 2210 2222 illis

1175 2258 1198 2288 B
1222 2244 1309 2295 agit,
1340 2252 1460 2295 utpote
1477 2257 1524 2280 ex
1546 2242 1671 2280 itinere
1688 2241 1861 2293 fatigatis,
1883 2243 2023 2293 sibique
2054 2243 2210 2281 familia-

1222 2320 1278 2344 res
1294 2304 1423 2354 reddit,
1436 2303 1650 2354 demumque
1665 2316 1734 2340 una
1754 2302 2006 2354 proficiscitur.
2028 2304 2211 2356 Sequenti

1224 2375 1353 2404 autem
1370 2367 1445 2412 die,
1465 2365 1596 2416 inquit,
1638 2378 1797 2417 surgens
1826 2366 1980 2411 Petrus,
2014 2367 2211 2418 profectus

1225 2436 1282 2466 est
1314 2441 1401 2466 cum
1433 2428 1512 2465 illis
1534 2442 1545 2463 .-
1567 2435 1604 2464 et
1623 2428 1784 2479 quidam
1803 2427 1972 2480 fratres.
2002 2427 2082 2464 Non
2104 2427 2210 2474 solus,

1226 2490 1288 2528 sed.
1303 2499 1336 2528 et
1351 2489 1413 2527 alii
1433 2503 1517 2527 cum
1535 2489 1598 2526 illo
1621 2488 1783 2538 veniunt;
1805 2487 1913 2538 idque
1942 2502 2025 2526 cum
2052 2488 2209 2538 quadam

1225 2551 1467 2604 providentia,
1484 2559 1524 2587 ut
1542 2559 1661 2602 postea
1674 2558 1777 2587 testes
1792 2558 1919 2600 essent,
1933 2549 2077 2600 quando
2105 2550 2211 2587 Petro

1227 2628 1316 2668 opus
1334 2613 1402 2651 fuit
1419 2612 1630 2651 defensione.
1655 2612 1857 2649 Cornelius
1885 2625 1980 2648 vero
2014 2619 2210 2663 exspecta-

1229 2678 1294 2714 bat
1314 2676 1415 2721 illos,
1439 2676 1659 2712 convocatis
1677 2674 1850 2724 cognatis
1876 2673 1954 2709 suis
1973 2680 2011 2709 et
2037 2685 2212 2709 necessa-

1226 2740 1294 2775 riis
1311 2738 1457 2773 amicis.
1472 2734 1548 2772 Hoc
1565 2733 1681 2782 amici,
1696 2733 1763 2770 hoc
1782 2732 1835 2786 pii
1852 2732 1920 2771 viri
1944 2741 2009 2784 est,
2031 2732 2067 2770 in
2079 2732 2211 2770 talibus

1207 2858 1260 2889 ἅτε
1276 2860 1334 2887 ἀπὸ
1357 2856 1494 2893 καμάτου
1511 2854 1596 2888 ὄντας
1612 2852 1734 2887 αὐτοὺς,
1757 2847 1985 2890 imperfectam
2002 2845 2138 2888 phrasin
2155 2857 2212 2878 ex-

1204 2906 1318 2938 hihere
1334 2904 1475 2938 xideiur.
1494 2904 1616 2935 Verum
1632 2903 1666 2934 in
1691 2900 1780 2934 hisce
1811 2900 2059 2933 commentariis
2083 2900 2130 2930 ita
2146 2899 2212 2932 fre-

1205 2965 1342 3001 quentes
1369 2955 1591 2988 observantur
1615 2951 1803 2996 hujusmodi
1827 2958 2051 2992 αὶποςιωπήςεις,
2079 2958 2116 2982 ut
2140 2949 2210 2983 haec

1205 3009 1286 3043 nihil
1303 3010 1425 3052 negotii
1442 3008 1619 3040 facessant.
1638 3005 1752 3050 [Nulla
1772 3015 1877 3047 neque
1897 3003 1970 3044 hic,
1996 3013 2056 3035 nec
2081 3001 2160 3034 alibi
2177 3005 2210 3035 in

1203 3062 1255 3095 his
1268 3059 1525 3095 Commentariis
1547 3059 1611 3091 ulla
1629 3057 1718 3090 haud
1736 3056 1880 3100 legitima
1894 3082 1902 3096 ‚
1921 3063 1978 3088 aut
1995 3067 2067 3098 quae
2084 3056 2210 3088 oratio-

1205 3126 1282 3148 nem
1298 3114 1526 3157 imperfectam
1549 3111 1715 3154 relinquat
1730 3117 1947 3148 ἀποσιώπησις,
1965 3107 2027 3139 nisi
2044 3108 2130 3140 forte
2152 3119 2210 3149 per

1207 3166 1370 3200 Codicum
1396 3163 1658 3208 improbitatem.
1687 3160 1752 3194 Sed
1778 3159 1965 3203 hujusmodi
1990 3159 2115 3202 judicia
2141 3172 2210 3193 nou

1207 3228 1256 3252 est
1271 3217 1361 3262 quod
1378 3219 1410 3250 in
1428 3225 1594 3260 posterum
1613 3223 1778 3247 notemus.
1806 3213 1882 3244 Mox
1905 3220 1981 3245 aute
2004 3215 2068 3247 εἶτα
2085 3212 2211 3245 delevi-

1208 3282 1280 3303 mus
1296 3276 1345 3304 mi
1361 3270 1559 3301 auctoritate
1575 3269 1614 3300 D.
1634 3274 1666 3298 et
1684 3263 1825 3306 Savilii.]

1252 3325 1267 3349 b
1285 3322 1358 3369 [πρὸ
1374 3321 1537 3354 inclusum
1553 3331 1606 3362 ap.
1625 3317 1728 3352 Savil.
1755 3315 1916 3350 omittunt
1934 3316 1971 3350 Α.
1991 3318 2029 3351 B.
2048 3317 2087 3350 C.
2108 3316 2209 3350 Paulo

1209 3383 1285 3409 ante
1301 3374 1421 3413 zerbis,
1437 3379 1525 3408 τοῦτο
1542 3376 1636 3419 φίλου,
1655 3378 1746 3404 earet
1758 3369 1815 3412 D.]

1966 3467 2029 3505 15.
