2466 3805
711 232 751 261 ΙΝ
789 233 903 262 ACTA
937 228 1283 261 APOSTOLORUM.
1322 229 1481 262 nomn„
1519 232 1613 262 xxt.

101 314 204 351 Ἔστι
221 313 308 366 γὰρ,
327 313 433 362 ἔστιν,
455 312 512 352 ἐὰν
537 319 550 334 ⁶
563 314 729 364 Οέλωμεν,
749 313 878 365 κούφην
900 314 992 364 αὐτῷ
1013 311 1111 363 γενέ-

2075 217 2157 277 187

1185 309 1358 349 orationes
1378 326 1442 363 pro
1459 311 1523 352 illo
1541 312 1747 362 fundamus,
1766 311 1795 350 si
1810 311 2068 364 eleemosynam
2093 310 2161 350 dc—

101 377 179 412 σθαι
201 373 263 421 τὴν
287 374 440 413 κόλασιν.
468 374 528 413 Ἂν
558 368 615 412 οὖν
641 374 744 426 εὐχὰς
765 373 850 426 ὑπὲρ
877 377 980 413 αὐτοῦ
1003 376 1113 412 ποιῶ-
1125 403 1174 429 175
1187 384 1282 421 mus;
1297 372 1434 411 etiamsi
1453 374 1514 411 1110
1530 373 1696 425 indignus
1712 373 1772 424 sit,
1792 386 1854 411 nos
1865 374 1962 410 Deus
1981 372 2160 412 exaudiet.

101 449 162 483 μεν
185 440 357 485 συνεχεῖς,
386 435 425 472 ἂν
454 435 686 484 ἐλεημοσύνην
706 436 853 486 διδῶμεν
869 450 877 458 ·
906 434 969 472 κᾶν
988 436 1113 476 ἐκεῖνος
1138 441 1164 470 Α
1187 432 1225 471 Si
1237 442 1382 485 propter
1398 434 1551 472 Paulum
1566 435 1654 473 alios
1671 434 1840 485 servavit,
1860 442 1895 472 et
1912 443 2059 486 propter
2076 434 2166 472 alios

99 494 232 538 ἀνάξιος
262 490 303 547 ᾗ,
336 499 427 545 ἡμᾶς
450 499 467 534 ὃ
494 496 582 540 Θεὸς
614 496 945 542 *δυσωπηθήσεταμ
980 497 1025 533 Ei
1058 493 1115 532 διὰ

99 556 239 593 Παῦλον
258 556 394 609 ἑτέρους
412 556 554 595 διέσωσε
563 557 650 604 ,χκαὶ
664 558 706 594 δι’
725 557 848 600 ἄλλους
866 557 980 594 ἄλλων
998 556 1113 608 φείδε-

98 630 177 652 ται·
197 619 270 658 πῶς
287 617 363 669 οὐχὶ
384 617 442 654 καὶ
456 618 499 655 δι’
515 622 609 668 ἡμᾶς
628 618 667 655 τὸ
688 617 770 655 αὐτὸ
790 622 889 655 τοῦτο
910 617 1114 670 ἐργάσεται;

98 675 164 713 Ἐκ
181 680 248 714 τῶν
268 678 395 715 ἐκείνου
422 677 627 729 χρημάτων,
651 681 689 716 ἐκ
705 680 772 715 τῶν
792 681 874 722 σῶν,
897 678 970 715 ὅθεν
992 676 1031 714 ἂν
1052 675 1111 714 θέ-

98 737 162 787 λῃς
178 767 187 782 ,
209 738 394 787 βοήθησον·
417 738 597 783 ἐπίσταξον
627 738 753 784 ἔλαιον,
783 739 913 788 μᾶλλον
939 737 972 774 δὲ
1008 735 1111 788 ὕδωρ.

98 799 175 835 Οὐκ
191 798 262 850 ἔχει
277 799 507 850 ἐλεημοσύνας
520 799 646 842 οἰκείας
660 798 912 846 ἐπιδείξασθαι,
932 797 1006 837 Κᾶν
1024 814 1111 848 συγ-

98 858 245 908 γενικάς.
276 861 352 897 Οὐκ
371 860 443 911 ἔχει
471 860 533 903 τὰς
558 862 615 897 ὑπ’
642 862 745 897 αὐτοῦ
769 858 1017 910 γεγενημένας,
1037 858 1112 897 Κᾶν

96 918 157 961 τὰς
176 919 260 971 ὑπὲρ
278 923 389 958 αὐτοῦ.
403 926 416 943 ³
431 920 533 959 Οὕτω
550 919 637 970 μετὰ
650 919 847 972 παρρησίας
863 919 964 957 αὐτὸν
980 935 1112 971 παραι-

97 979 240 1024 τησεται
271 981 347 1018 τότε
367 985 387 1027 ἡ
409 980 512 1031 γυνὴ,
532 983 654 1031 λῧτρον
682 978 768 1031 ὑπὲρ
788 982 890 1017 αὐτοῦ
918 979 1113 1030 καταθεμέ-

97 1055 149 1085 νη.
178 1039 278 1092 ”Οσῳ
292 1041 458 1078 πλειόνων
475 1040 610 1090 γέγονεν
631 1039 893 1090 ἁμαρτημάτων
912 1038 1110 1086 ὑπεύθυνος,

96 1100 247 1152 τοσούτῳ
270 1100 432 1150 μειζόνως
451 1102 544 1151 αὐτῷ
561 1101 611 1137 δεῖ
629 1103 691 1145 τῆς
711 1099 952 1149 ἐλεημοσύνης.
981 1102 1033 1137 Οὐ
1056 1099 1111 1137 διὰ

95 1165 194 1197 τοῦτο
210 1160 244 1198 δὲ
263 1161 377 1210 μόνον,
398 1162 474 1197 ἀλλ’
496 1159 548 1197 ὅτι
565 1158 642 1198 οὐδὲ
661 1160 737 1206 ἴσην
758 1159 831 1211 ἔχει
845 1159 908 1206 τὴν
925 1159 1022 1212 ἰσχὺν
1039 1165 1110 1209 νῦν,

95 1222 170 1258 ἀλλ’
199 1221 332 1258 ἐλάττω
353 1222 485 1272 πολλῷ.
514 1221 566 1259 Οὐ
595 1219 662 1272 γάρ
691 1222 782 1258 ἐστιν
812 1220 884 1258 ἴσον
912 1221 1013 1259 αὐτόν
1032 1237 1110 1260 τινα

93 1283 258 1329 ποιῆσαι,
289 1281 348 1319 καὶ
372 1281 485 1334 ἕτερον
507 1281 592 1332 ὑπὲρ
615 1283 729 1318 αὐτοῦ.
750 1280 814 1324 εΩς
842 1274 899 1319 οἶν
930 1281 1111 1326 ἐλάττονος

94 1341 198 1389 οὔσης
210 1373 219 1389 ,
239 1341 328 1380 οὕτω
348 1345 398 1395 τῷ
417 1342 542 1388 πλήθει
560 1341 726 1393 μεγίστην
742 1344 896 1392 ποιῶμεν
912 1342 1029 1389 αὐτήν.
1047 1342 1108 1390 Μὴ

93 1402 172 1454 περὶ
198 1402 358 1453 σήματα,
388 1403 436 1453 μὴ
456 1403 535 1456 περὶ
556 1402 700 1454 ἐντάφια
728 1401 972 1454 ἀσχολώμεθα.
1004 1403 1110 1456 Περί-

94 1479 218 1509 στησον
241 1463 354 1516 χήρας
370 1480 377 1488 ·
399 1469 499 1502 τοῦτο
525 1463 681 1516 ἐντάφιον
714 1463 889 1514 μέγιστον.
912 1463 1001 1502 Εἰπὲ
1029 1463 1110 1502 τοῦ-

92 1539 180 1574 νομα
196 1539 204 1547 ·
238 1525 352 1569 πάσας
383 1525 543 1563 κέλευσον
582 1524 667 1577 ὑπὲρ
706 1527 809 1563 αὐτοῦ
843 1529 1015 1563 ποιεῖσθαι
1049 1525 1109 1568 τὰς

93 1585 242 1631 δεήσεις,
279 1587 337 1624 καὶ
367 1586 429 1629 τὰς
465 1586 657 1636 ἱκετηρίας·
693 1585 891 1632 δυσωπήσει
916 1589 1018 1625 τοῦτο
1049 1585 1107 1623 τὸν

91 1645 195 1693 Θεὸν,
216 1647 322 1684 εἶκαὶ
353 1646 401 1697 μὴ
432 1648 489 1683 ὑπ’
520 1649 640 1694 αὐτοῦ,
671 1646 759 1684 ἀλλὰ
788 1647 829 1684 δι’
864 1646 966 1684 αὐτὸν
995 1646 1109 1698 ἕτερος

93 1705 199 1749 αἴτιος
212 1706 343 1758 γίνεται
358 1710 420 1753 τῆς
436 1707 678 1758 ἐλεημοσύνης.
692 1707 761 1746 Καὶ
773 1712 873 1746 τοῦτο
892 1706 907 1726 b
923 1707 1034 1759 δόγμα
1047 1712 1107 1755 τῆς

92 1771 150 1803 τοῦ
167 1770 258 1805 Θεοῦ
279 1768 537 1820 φιλανθρωπίας
552 1767 638 1805 ἐστί.
664 1769 780 1820 Χῆραι
800 1771 1032 1820 περιεστῶσαι
1047 1767 1107 1806 καὶ

91 1829 324 1879 δακρύουσαι,
346 1830 423 1882 οὐχὶ
449 1834 507 1868 τοῦ
532 1829 716 1881 παρόντος,
747 1829 836 1867 ἀλλὰ
865 1829 1001 1867 καὶτοῦ
1024 1829 1107 1881 μέλ-

89 1891 206 1932 λοντος
226 1890 387 1928 δύνανται
413 1890 607 1941 ἐξαρπάσαι
636 1890 797 1928 θανάτου.
822 1890 953 1927 Πολλοὶ
977 1891 1036 1928 καὶ
1069 1893 1107 1929 ἐκ

89 1953 155 1987 τῶν
177 1952 231 2001 ὑφ’
254 1949 378 2002 ἑτέρων
400 1952 442 1988 δι’
466 1950 589 1992 αὐτοὺς
606 1950 844 2000 γεγενημένων
867 1952 1107 2001 ἐλεημοσυνῶν

89 2009 282 2049 ἀπώναντο.
304 2013 347 2049 1Ξῖ
363 2010 429 2062 γὰρ
449 2010 507 2048 καὶ
525 2010 572 2060 μὴ
588 2010 717 2057 τέλεον,
738 2012 812 2047 ἀλλ’
832 2010 925 2060 ὅμως
938 2026 1103 2062 παραμυ-

88 2070 162 2108 Οίαν
183 2066 278 2123 εῧρόν
300 2088 395 2109 τινα·
415 2072 507 2119 ἐπεὶ,
524 2074 553 2109 εἰ
574 2071 622 2122 μὴ
642 2071 742 2109 τοῦτό
762 2073 833 2109 ἐστι
846 2101 855 2118 ,
873 2075 946 2115 πῶς
965 2072 1009 2109 τὰ
1023 2088 1104 2110 παι-

87 2131 142 2168 δία
159 2132 319 2180 σώζεται,
339 2132 453 2171 καίτοι
478 2149 518 2184 γε
534 2134 605 2171 ἐκεῖ
622 2132 716 2171 οὐδὲν
735 2133 821 2170 αὐτὰ
836 2133 1006 2185 εἰσφέρει,
1023 2135 1100 2171 ἀλλ’

84 2195 114 2229 οἱ
131 2200 238 2243 γονεῖς
256 2193 295 2230 τὸ
314 2199 400 2231 πᾶν·
426 2193 484 2231 καὶ
501 2193 653 2245 γυναιξὶν
675 2193 842 2244 ἐχαρίσθη
866 2193 990 2231 παιδία
1010 2196 1102 2232 πολ-

83 2253 201 2300 λάκις,
224 2254 317 2291 οὐδὲν
339 2253 426 2292 αὐτὰ
445 2254 692 2303 εἰσενεγκόντα.
719 2253 859 2297 Πολλὰς
875 2258 958 2304 ἡμῖν
977 2257 994 2292 ὅ
1012 2254 1101 2299 Θεὸς

83 2317 142 2350 τοῦ
159 2313 326 2357 σώζεσθαι
343 2314 488 2351 δέδωκεν
504 2313 619 2360 ὁδοὺς,
638 2313 738 2364 μόνον
754 2313 802 2364 μὴ
819 2316 1019 2365 ἀμελῶμεν.

133 2380 181 2418 Τί
199 2374 269 2427 οὖν,
286 2381 327 2418 ἄν
349 2396 401 2422 τις
422 2380 528 2427 πένης
544 2375 566 2431 ᾗ
581 2411 590 2428 ,
611 2381 715 2432 φησί,
735 2381 849 2419 Πάλιν
871 2383 956 2434 ἐρῶ,
975 2382 1014 2420 τὸ
1031 2398 1099 2421 πο-

80 2441 120 2479 λὺ
147 2445 208 2489 τῆς
229 2441 460 2491 ἐλεημοσύνης
485 2444 545 2479 οὒκ
566 2443 604 2479 ἐκ
630 2444 698 2479 τῶν
730 2442 916 2491 διδομένων
944 2442 1098 2494 κρίνεται

82 2502 196 2552 μόνον,
225 2502 313 2540 ἀλλὰ
329 2502 387 2540 καὶ
403 2504 442 2540 ἐκ
460 2505 522 2548 τῆς
548 2502 793 2555 προαιρέσεως.
824 2502 937 2540 Μόνον
960 2503 1007 2553 μὴ
1030 2505 1097 2555 δῷς

80 2562 220 2600 ἔλαττον
244 2566 306 2608 τῆς
326 2562 522 2612 δυνάμεως,
552 2562 611 2600 καὶ
635 2563 673 2600 τὸ
690 2569 758 2600 πᾶν
780 2562 942 2606 ἐξέτισας.
959 2563 1008 2600 Τί
1024 2558 1094 2608 οὖν,

83 2622 177 2674 φησὶ,
197 2622 237 2659 ἂν
251 2623 377 2674 ἔρημος
392 2617 414 2674 ᾗ
432 2624 490 2661 καὶ
510 2622 612 2669 ξένος,
632 2622 691 2660 καὶ
721 2623 853 2674 μηδένα
872 2623 953 2675 ἔχη,
975 2624 1044 2663 Διὰ
1061 2624 1095 2663 τί

80 2683 146 2735 γὰρ
169 2683 301 2733 μηδένα
329 2683 421 2735 ἔχει,
441 2684 516 2721 εἰπέ
536 2699 606 2733 μοι.
635 2683 759 2737 Τούτῳ
775 2686 869 2736 αὐτῷ
891 2684 1010 2723 δίδωσι
1038 2685 1092 2724 δί-

79 2760 157 2791 κην,
187 2743 239 2781 ὅτι
274 2744 405 2794 μηδένα
436 2743 523 2781 οὕτω
551 2745 661 2797 φίλον,
692 2744 797 2788 οὕτως
820 2744 979 2797 ἐνάρετον
1005 2746 1091 2798 ἔχει.

77 2808 189 2843 Τοῦτο
205 2799 261 2843 οὖν
282 2805 430 2856 γίνεται,
448 2805 525 2853 ἵνα,
547 2805 610 2843 κᾶν
629 2806 724 2844 αὐτοὶ
741 2805 789 2857 μὴ
809 2799 902 2857 εἶμεν
923 2807 1090 2861 ἐνάρετοι,

77 2866 322 2916 σπουδάζωμεν
357 2866 512 2919 ἑταίρους
537 2866 597 2905 καὶ
628 2867 744 2919 φίλους
777 2866 954 2920 ἐναρέτους
984 2869 1089 2920 ἔχειν,

77 2927 135 2963 καὶ
168 2933 314 2977 γυναῖκα
349 2927 408 2965 καὶ
429 2927 513 2976 υἱὸν,
546 2931 592 2972 ὡς
623 2927 857 2980 καρπούμενοί
884 2944 918 2966 τι
949 2929 1010 2967 καὶ
1044 2930 1087 2967 δι’

78 2988 205 3024 αὐτῶν·
241 2988 360 3039 μικρὸν
391 2988 452 3039 μὲν
487 2988 740 3041 καρπούμενοι,
782 2988 1020 3042 καρπούμενοι
1052 2990 1088 3028 δὲ

75 3048 179 3096 ὅμως.
205 3047 263 3084 Ἂν
291 3049 488 3101 σπουδάσῃς
521 3049 568 3100 μὴ
596 3051 825 3097 πλουτοῦσαν,
852 3051 929 3088 ἀλλ’
957 3051 1086 3098 εὖλαὸἧ

1186 493 1311 544 parcit,
1331 508 1394 532 cur
1414 509 1483 532 non
1502 495 1658 548 idipsum
1666 504 1810 548 propter
1828 509 1891 532 nos
1904 494 2012 532 etiam
2029 495 2131 532 faciet
2146 494 2165 532 Ξ)

1187 553 1245 591 Ex
1264 554 1361 598 illius
1378 556 1552 607 pecuniis,
1575 570 1619 594 ex
1637 556 1719 606 tuis⁷
1738 555 1832 593 unde
1854 556 2025 605 volueris,
2041 556 2131 608 juva
2155 571 2163 592 :

1186 614 1318 653 instilla
1338 617 1467 666 oleum,
1487 618 1558 655 imo
1577 632 1721 668 aquam.
1740 619 1819 656 Non
1836 626 1951 669 potest
1965 617 2165 670 eleemosy-

1186 690 1248 714 nas
1262 678 1424 729 proprias
1442 679 1632 717 exhibere?
1648 680 1782 718 Saltem
1798 688 2029 730 cognatorum
2055 678 2166 716 exhi-

1185 736 1276 774 beat.
1298 739 1377 775 Non
1397 748 1512 790 potest
1526 754 1544 776 a
1562 753 1597 777 se
1615 740 1896 778 factaSPSaltem
1910 754 1976 791 pro
1996 754 2031 777 se
2044 740 2163 778 factas.

1185 797 1244 835 Sic
1269 813 1350 836 cum
1365 799 1497 837 fiducia
1524 799 1642 852 ipsum
1668 809 1753 838 tunc
1789 801 2038 852 deprecabitur
2060 816 2165 852 uxor,

1185 861 1339 911 pretium
1360 862 1587 900 redemtionis
1605 877 1669 914 pro
1682 863 1745 900 illo
1763 863 1953 914 deponens.
1986 866 2068 911 Quo
2087 865 2167 916 plu-

1184 920 1284 957 ribus
1304 921 1372 958 fuit
1385 922 1537 973 peccatis
1553 923 1742 971 obnoxius,
1764 937 1803 960 eo
1821 923 1935 973 magis
1953 937 2042 975 opus
2060 924 2168 963 habet

1184 981 1417 1033 eleemosyna.
1436 983 1557 1033 Neque
1576 997 1658 1022 vero
1676 992 1822 1034 propter
1840 983 1907 1020 hoc
1932 992 2084 1033 tantum,
2106 986 2168 1023 sed

1183 1039 1267 1088 quia
1288 1053 1357 1077 non
1376 1054 1499 1091 parem
1526 1054 1619 1078 nunc
1636 1041 1713 1080 vim
1731 1041 1852 1090 hahet,
1869 1040 1941 1078 imo
1960 1041 2072 1078 multo
2093 1043 2164 1079 mi-

1136 1109 1159 1137 B
1183 1113 1315 1138 norem.
1334 1102 1413 1139 Non
1447 1116 1513 1153 par
1543 1102 1638 1139 enim
1663 1116 1718 1140 res
1752 1111 1814 1151 est,
1848 1102 1966 1154 ipsum
2003 1103 2166 1153 quaedam

1182 1161 1308 1210 facere,
1335 1171 1369 1199 et
1393 1162 1504 1199 alium
1517 1177 1583 1214 pro
1600 1163 1687 1215 ipso.
1707 1164 1799 1200 Cum
1816 1163 1934 1214 itaque
1964 1164 2081 1202 minor
2108 1165 2166 1214 sit,

1183 1236 1247 1274 per
1265 1223 1405 1274 copiam
1425 1224 1596 1261 faciamus
1627 1224 1726 1262 illam
1764 1224 1946 1275 majorem.
1981 1226 2035 1262 Ne
2071 1225 2164 1264 circa

1184 1293 1424 1333 monumenta,
1451 1298 1495 1321 ne
1513 1285 1605 1322 circa
1631 1285 1843 1336 sepulcralia
1867 1299 2010 1337 operam
2027 1285 2164 1326 demus.

1183 1344 1409 1382 Patrocinare
1422 1345 1564 1393 viduis,
1595 1346 1663 1383 hoc
1689 1346 1886 1398 sepulcrale
1916 1346 2077 1384 officium
2115 1357 2167 1387 est

1183 1405 1394 1443 maximum.
1412 1406 1480 1444 Dic
1498 1420 1624 1444 nomen
1641 1422 1649 1443 :
1670 1421 1790 1445 omnes
1809 1406 1888 1444 illas
1903 1407 1990 1458 jube
2006 1422 2070 1459 pro
2086 1408 2164 1460 ipso

1182 1480 1301 1517 preces
1320 1476 1353 1504 et
1371 1467 1645 1519 supplicationes
1665 1467 1824 1505 emittere
1841 1483 1850 1504 ε
1872 1467 1939 1505 1100
1951 1469 2067 1505 Deum
2086 1470 2162 1521 pla·
2194 1476 2364 1515 Eleemosy-

2176 1528 2218 1545 nm
2242 1524 2363 1554 prosunt

2176 1558 2333 1587 defunctis.

1182 1528 1293 1577 cabit;
1310 1528 1447 1567 etiamsi
1460 1543 1527 1566 non
1540 1544 1602 1581 per
1619 1530 1734 1577 illum,
1751 1539 1787 1566 at
1802 1529 2057 1581 proptcrillum
2071 1530 2162 1568 alius

1180 1598 1304 1626 auctor
1318 1588 1363 1627 sit
1379 1589 1622 1642 eleemosynae.
1644 1590 1692 1627 Et
1727 1590 1796 1627 1100
1833 1599 2084 1640 argumentum
2113 1600 2164 1629 est

1180 1648 1311 1688 divinae
1331 1650 1536 1689 clementiae.
1561 1651 1692 1691 Viduae
1713 1651 1977 1689 circumstantes
1997 1661 2030 1689 et
2047 1652 2164 1705 lacry-

1180 1720 1329 1761 mantes,
1354 1725 1423 1749 non
1443 1726 1463 1748 a
1484 1721 1668 1764 praesente,
1688 1712 1750 1750 scd
1776 1727 1794 1749 a
1812 1713 1930 1749 futura
1958 1722 2069 1750 morte
2084 1727 2165 1764 pos-

1130 1780 1154 1810 C
1180 1780 1262 1808 sunt
1289 1786 1422 1809 eruere.
1452 1773 1560 1811 Multi
1586 1773 1631 1810 ab
1662 1773 1894 1825 eleemosynis
1919 1774 2070 1811 aliorum
2098 1789 2163 1826 pro

1179 1847 1215 1870 se
1233 1833 1334 1870 factis
1352 1833 1467 1885 adjuti
1483 1843 1575 1872 sunt.
1593 1835 1632 1873 Si
1657 1835 1750 1872 enim
1770 1849 1838 1872 non
1859 1835 2003 1873 omnino
2023 1836 2094 1873 sint
2118 1836 2160 1873 li·

1177 1893 1303 1942 berati⁷
1326 1894 1450 1931 saltem
1468 1895 1626 1945 aliquam
1644 1895 1855 1934 invenerunt
1874 1896 2159 1934 consolationem.

1177 1955 1268 1991 Nam
1288 1953 1317 1991 si
1336 1954 1404 1992 hoc
1416 1969 1483 1993 non
1504 1965 1604 2004 esset,
1627 1956 1804 2006 quomodo
1820 1956 1963 2008 pueruli
1979 1971 2160 1995 servaren-

1176 2014 1259 2051 tur?
1273 2013 1449 2064 siquidem
1466 2015 1557 2052 1111111
1586 2016 1641 2053 1111
1664 2016 1830 2063 afferunt,
1861 2016 1923 2054 sed
1947 2025 2061 2054 totum
2096 2032 2160 2069 pa-

1175 2083 1289 2112 rentes
1311 2090 1318 2110 ε
1339 2085 1372 2112 et
1387 2076 1597 2114 mulieribus
1617 2076 1738 2114 donati
1753 2087 1834 2114 sunt
1848 2091 1938 2129 saepe
1958 2078 2074 2129 pueri,
2097 2079 2159 2128 qui

1174 2135 1264 2172 nihil
1275 2135 1322 2172 ad
1343 2136 1438 2174 illud
1458 2137 1666 2175 intulerunt.
1680 2139 1815 2175 Multas
1835 2140 1933 2176 Deus
1949 2139 2049 2177 nohis
2065 2140 2159 2177 salu—

1173 2196 1218 2235 tis
1238 2197 1339 2235 dedit
1357 2196 1447 2246 vias,
1460 2197 1568 2235 modo
1590 2211 1660 2234 non
1680 2198 1919 2249 negligamus.

1122 2404 1146 2432 D
1222 2379 1260 2416 4.
1277 2377 1375 2425 Quid
1393 2391 1489 2429 ergo,
1510 2378 1659 2430 inquies,
1674 2379 1703 2418 si
1730 2379 1811 2431 quis
1825 2394 1962 2432 pauper
1981 2380 2157 2421 511911111-

1169 2454 1229 2478 sus
1250 2440 1392 2478 dicam:
1409 2441 1650 2494 Eleemosynae
1679 2442 1781 2493 copia
1800 2456 1871 2480 non
1895 2456 1940 2479 ex
1960 2442 2052 2481 datis
2071 2458 2156 2495 pen-

1168 2512 1266 2540 satur
1287 2503 1406 2552 modo,
1427 2503 1489 2541 sed
1520 2504 1625 2541 etiam
1642 2518 1686 2541 ex
1711 2504 1905 2555 proposito.
1927 2506 2085 2542 Tantum
2112 2520 2156 2544 ne

1168 2563 1231 2602 des
1245 2564 1374 2613 minus,
1394 2579 1501 2615 quam
1519 2565 1703 2602 facultates
1718 2565 1899 2611 fei'ant„et
1914 2574 2025 2602 totum
2045 2567 2154 2605 solvi-

1167 2626 1224 2662 sti.
1248 2625 1347 2671 Quid
1372 2639 1470 2676 ergo,
1489 2625 1638 2675 inquies,
1657 2625 1687 2662 si
1703 2625 1799 2663 solus
1817 2625 1862 2662 sit
1881 2634 1913 2662 et
1928 2626 2149 2676 peregrinus,

1165 2685 1410 2736 neminemque
1433 2685 1584 2722 habeat?
1616 2684 1848 2735 Cu1·,'quaeso‚
1868 2686 2044 2722 neminem
2084 2686 2152 2724 ha-

1163 2747 1247 2784 bet?
1264 2747 1341 2784 Hoc
1365 2746 1442 2798 ipso
1457 2746 1518 2783 ille
1542 2759 1664 2797 poenas
1682 2744 1757 2793 dat,
1777 2745 1874 2796 quod
1906 2746 2081 2783 neminem
2101 2746 2151 2784 510

1163 2808 1332 2855 amicum,
1352 2807 1403 2844 sic
1420 2807 1554 2846 virtute
1573 2806 1765 2858 praeditum
1782 2806 1923 2844 habeat.
1945 2808 2069 2856 Itaque
2082 2807 2150 2845 hoc

1164 2869 1213 2906 ita
1231 2882 1268 2906 se
1286 2868 1403 2915 habet,
1420 2877 1460 2905 ut
1486 2867 1515 2906 si
1534 2881 1597 2905 nos
1616 2868 1750 2906 virtute
1770 2867 1910 2919 praediti
1932 2882 2001 2905 non
2020 2868 2145 2918 simus,

1163 2943 1325 2967 curemus
1350 2929 1475 2966 saltem
1496 2929 1630 2967 virtute
1654 2928 1821 2980 praeditos
1849 2929 1980 2967 amicos
2001 2929 2144 2980 habere,

1161 3004 1382 3040 uxoremque
1408 2990 1493 3028 item
1513 2998 1548 3028 et
1572 2990 1704 3037 filium,
1724 2999 1763 3027 ut
1784 2990 1940 3027 fructum
1958 2990 2147 3040 quemdam

1160 3065 1224 3103 per
1238 3051 1317 3088 illos
1330 3050 1571 3102 percipiamus
1578 3066 1589 3100 3
1608 3065 1760 3103 parvum
1777 3050 1932 3101 quidem,
1949 3049 2010 3087 sed
2030 3059 2148 3089 tamen

74 3112 241 3158 ΰγυναῖκα
262 3107 474 3158 ἀγαγέσθαι,
493 3108 621 3156 ταύτης
642 3109 822 3161 ἀπολαύσῃ
838 3112 900 3156 τῆς
916 3126 1086 3163 παραμυ-
1112 3121 1137 3151 Ε
1159 3111 1412 3164 percipiamus.
1435 3111 1476 3148 Si
1496 3125 1596 3149 cures
1616 3110 1728 3163 piam,
1745 3124 1813 3148 non
1829 3110 1994 3161 divitem,
2017 3111 2150 3150 ducere

119 3235 130 3249 ἱ·
148 3230 278 3268 θέλωμεν
293 3230 407 3271 ἡμέραν
423 3231 501 3272 αὐτῷ
523 3233 654 3271 γενέσθαι
676 3235 730 3268 τὴν
747 3234 882 3270 κόλασιν,
906 3231 954 3262 Sic
977 3241 1071 3264 unus.

118 3278 132 3293 '⁴‘
151 3277 284 3318 [Montf.
313 3285 345 3309 et
369 3279 470 3313 Savil.
499 3283 712 3319 δυσωπήσεται.
749 3280 896 3314 Alterum
923 3282 1073 3324 praebent

73 3328 211 3360 (lodices
228 3330 344 3362 nostri.
363 3331 413 3362 Ex
438 3330 552 3364 iisdem
567 3343 642 3366 mox
660 3333 854 3366 inseruimus
871 3338 990 3375 ἄλλους,
1006 3346 1071 3378 quo

72 3380 229 3413 carebant
246 3380 334 3414 Edui
350 3385 490 3425 omnes]

1183 3242 1197 3258 Β
1214 3233 1274 3274 [ἵνα
1296 3248 1333 3276 μ.
1361 3248 1394 3268 π-
1422 3237 1512 3267 αὐτὸν
1540 3238 1694 3273 ἐξαιτῆται
1716 3235 1752 3268 Β.
1776 3234 1815 3268 C.
1841 3234 1904 3267 Pro
1927 3243 2145 3279 παραιτήσεται

1139 3286 1179 3317 D.
1197 3296 1214 3317 e
1230 3295 1320 3318 corr.
1340 3284 1596 3331 παραστήσεται.]

1184 3338 1200 3362 Ι)
1217 3340 1314 3379 δόγμα
1330 3334 1423 3368 deest
1436 3336 1469 3369 in
1487 3335 1698 3378 quibusdam.

1181 3399 1194 3414 0
1210 3388 1297 3422 Alius
1318 3396 1439 3432 γυναῖκα
1464 3393 1513 3422 καὶ
1530 3392 1686 3432 θυγάτριον
1703 3393 1864 3431 ἀγαγέσθαι
1883 3395 1998 3432 σεμνὸν,
2019 3393 2140 3428 ταύτης,
