2502 3810
688 256 728 285 IN
769 256 792 284 Α
800 255 881 285 CTA
920 255 945 284 A
952 254 1240 285 POSTOLORUM
1248 275 1257 284 .

96 350 153 385 μοι
173 335 309 378 ἔπαινος
322 329 364 380 ἦν
382 337 420 373 ἐκ
439 338 498 373 τοῦ
512 337 601 374 Θεοῧ
613 366 622 383 ,
638 335 696 373 καὶ
713 336 761 386 μὴ
777 335 810 380 ἐξ
824 335 1025 389 ἀνθρώπων.
1042 337 1108 373 Λε-

93 395 201 446 γέτω,
225 394 276 432 ὅτι
305 397 402 446 παρὰ
430 396 634 447 ψυχρότητα
656 398 718 434 οὐκ
747 397 961 447 ἀμυνόμεθα.
997 395 1107 435 Οὐδὲν

92 459 185 506 ἡμᾶς
209 455 357 506 βλάπτει
374 459 495 503 τοῦτο,
522 456 602 494 ὅταν
623 460 640 494 ὁ
659 457 747 499 Θεὸς
767 458 858 508 εἰδῇ,
881 459 955 495 ἀλλ’
976 458 1009 493 ἐν
1031 456 1109 507 μεί-

92 518 161 559 ζονι
181 515 383 563 καθίστησιν
404 521 504 567 ἡμῶν
519 518 577 555 τὸν
597 518 766 570 θησαυρὸν
788 519 937 570 φυλακῇ.
956 519 1000 555 Εἰ
1021 517 1109 567 με’λ-

90 579 207 627 λοιμεν
224 577 307 627 πρὸς
323 576 471 619 ἐκείνους
486 581 580 629 ὃρᾷν,
597 578 736 616 πάντων
753 577 1032 627 ἀποπεσούμεθα.
1046 576 1107 623 Μὴ

90 637 123 674 τί
139 635 309 687 λέγουσιν,
328 636 416 674 ἀλλὰ
431 637 465 674 τί
491 641 574 687 ἡμῖν
593 637 737 689 πρέπει,
756 637 896 687 ἴδωμεν.
920 639 966 674 Οἱ
988 636 1041 683 δὲ,
1061 635 1107 685 μὴ

90 697 156 748 γάρ
187 713 251 747 μου
283 698 530 749 καταγελάσῃ,
553 699 657 749 φασὶ,
692 699 749 736 καὶ
779 696 981 749 καυχῶνταί
1007 712 1107 739 τινες.

89 756 137 795 Ἰ).
157 762 218 804 τῆς
241 758 355 802 ἀνοίας
369 774 376 781 ·
398 758 506 801 οὐδείς
529 775 571 809 με
592 759 761 805 ἀδικήσας
790 756 1002 807 κατεγέλασέ
1021 772 1085 806 μου
1099 785 1108 803 ,

90 818 195 869 φησί·
218 818 404 861 τουτέστιν,
426 818 622 864 ἐπεξῆλθον.
641 818 709 857 Καὶ
737 817 804 868 μὴν
824 817 934 867 τούτῳ
953 831 1107 865 καταγε-

88 879 215 916 λᾶσθαι
233 880 398 930 ὀφείλεις,
413 878 464 916 ὅτι
489 878 684 924 ἐπεξῆλθες.
701 876 812 914 Πόθεν
830 879 942 913 ταῦτα
972 874 1015 911 τὰ
1042 873 1107 924 ῥή-

90 954 185 987 ματα
219 942 448 986 επεισῆλθεν,,
480 937 624 989 αἰσχύνη
654 952 713 975 και
744 937 881 988 ὄλεθρος
914 934 1019 981 ὄντα,
1047 932 1106 970 καὶ

88 999 265 1051 ἀνατροπὴ
285 1015 347 1045 της
378 1001 467 1044 ζωῆς
494 1002 557 1044 τῆς
586 994 857 1047 ἡμετέρας,και
887 997 949 1039 τῆς
977 994 1104 1030 ὅπολι-

87 1059 196 1107 τείας
218 1063 285 1111 ἀρα
304 1061 366 1097 οὔκ
394 1059 463 1096 ἀπὸ
484 1074 543 1096 του
565 1055 773 1098 ἀπεναντίας
787 1071 836 1106 τῳ
862 1056 944 1091 Θεω
961 1052 1045 1104 φθέγ
1048 1069 1103 1103 γε·

86 1119 209 1164 σθαι;
207 1117 248 1155 O
276 1118 341 1169 γὰρ
372 1123 464 1155 ποιεῖ
482 1120 572 1155 Θεου
603 1116 689 1162 ἴσον,
726 1115 765 1152 τὸ
798 1113 846 1164 μὴ
886 1112 1105 1164 ἀμυνασθαι,

81 1181 182 1215 τοῦτο
201 1177 337 1227 γέλωτα
356 1177 516 1227 νομίζεις.
532 1178 583 1214 Οὐ
607 1175 662 1213 διὰ
683 1179 792 1212 ταῦτα
811 1173 979 1225 γελᾶσθαί
999 1174 1104 1223 ἐσμεν

86 1236 174 1280 ἄξιοι
191 1238 249 1274 καὶ
267 1240 350 1288 παρ’
372 1241 472 1288 ἡμῶν
499 1239 624 1281 αὐτῶν,
640 1236 700 1274 καὶ
729 1236 811 1286 παρ’
829 1233 1022 1281 εΕλλήνων,
1042 1233 1102 1272 οὕ-

82 1311 150 1339 τως
175 1297 478 1349 ἀντιφθεγγόμενοι
506 1300 556 1349 τῷ
587 1298 690 1348 Θεῷ,
718 1295 894 1345 Βούλομαί
922 1310 955 1332 τι
983 1294 1103 1344 διηγή-

85 1361 210 1395 σασθαι
229 1359 409 1409 γενόμενον
433 1359 490 1396 ἐπὶ
523 1361 591 1396 τῶν
618 1359 790 1403 παλαιῶν,
822 1357 858 1394 οὖ
879 1355 959 1407 περὶ
979 1358 1101 1407 ὀργῆς,

84 1417 173 1456 ἀλλὰ
191 1419 270 1471 περὶ
289 1419 494 1470 χρημάτων.
513 1412 583 1456 ὟΗν
601 1433 668 1455 τινι
681 1416 810 1469 χωρίον
831 1416 1000 1469 θησαυρὸν
1021 1416 1101 1467 ἔχον

81 1478 365 1554 ἐγκεκρυμμένον
372 1481 433 1516 οὐκ
447 1480 574 1522 εἰδότος
585 1482 644 1516 τοῦ
663 1478 843 1516 δεσπότου·
861 1492 960 1515 τουτο
976 1479 1102 1519 ἐκεῖνος

81 1541 120 1578 τὸ
140 1539 266 1592 ’χωρίον
298 1540 460 1579 ἀπέδοτο.
484 1540 528 1578 ‘O
554 1540 744 1592 πριοίυενος
766 1538 989 1576 διασκάπτων
1011 1553 1102 1575 ωστε

81 1614 246 1651 φυτευσαι
266 1600 325 1638 καὶ
345 1600 645 1651 ἐπιμελήσασθαι,
666 1602 742 1649 εὗρε
758 1597 815 1635 τὸν
833 1598 1003 1649 θησαυρον
1024 1599 1103 1634 ἐνα-

81 1660 298 1711 ποκείαενον.
318 1661 482 1698 Μαθων
470 1678 487 1698 0
506 1660 719 1710 ἀποδόμενος
738 1674 855 1706 τουτο,
875 1658 983 1696 ἐλθὼν
1005 1658 1101 1696 {etoi—

81 1722 156 1764 ζετο
178 1722 235 1759 τὸν
249 1722 448 1775 ἠγορακότα
469 1722 657 1759 ἀπολαὸεἷν
681 1720 739 1758 τὸν
768 1719 956 1772 θησαυρόν·
973 1718 1101 1772 χωρίον

81 1780 149 1833 γὰρ
172 1780 270 1832 ἔλεγε
301 1781 540 1834 πεπρακέναι,
562 1784 599 1820 οὐ
622 1780 806 1833 θησαυρόν.
827 1781 943 1818 Πάλιν
975 1782 1100 1824 ἐκεῖνος

2069 243 2157 288 553

1178 335 1272 385 quod
1298 336 1344 373 ob
1372 336 1600 374 timiditatem
1628 350 1698 374 non
1727 350 1789 374 nos
1817 336 2034 376 ulciscimur.
2061 339 2161 376 Nihil

1178 395 1245 432 1100
1266 396 1367 434 1101115
1386 406 1501 446 110001,
1519 397 1659 448 qnando
1669 399 1764 435 Deus
1784 398 1869 446 scit;
1882 398 1944 435 sed
1957 398 2162 436 thesaurum

1178 465 1337 493 nostrum
1357 457 1393 494 in
1412 457 1535 508 majori
1553 457 1653 509 ponit
1671 457 1842 496 custodia.
1857 458 1895 496 Si
1921 457 2001 495 illos
2022 468 2160 510 specte-

1129 524 1153 552 D
1179 530 1270 564 mus,
1291 517 1336 553 ab
1364 517 1529 555 omnibus
1560 517 1775 556 excidemus.
1797 519 1849 555 Nc
1866 517 2052 556 videamus
2074 519 2162 569 quid

1180 574 1314 625 dicant,
1333 576 1393 613 sed
1413 577 1502 627 quid
1535 591 1597 614 nos
1625 577 1755 615 deceat.
1776 580 1822 614 At
1847 577 1914 625 illi,
1933 579 1986 615 Ne
2005 592 2061 615 me
2081 579 2161 628 quis

1179 635 1341 681 irrideat,
1359 637 1536 688 inquiunt,
1555 651 1598 675 ne
1613 637 1757 688 quidam
1774 638 1983 688 glorientur.
2000 640 2025 675 O
2045 640 2162 676 stulti-

1178 696 1286 735 tiam!
1307 698 1419 734 Nemo
1438 698 1500 748 qui
1529 712 1585 734 me
1603 699 1731 735 laeserit
1751 713 1807 735 me
1832 699 1954 748 irrisit,
1970 700 2156 750 inquiunt;

1178 755 1217 793 id
1236 765 1297 803 est,
1317 757 1413 795 ultus
1432 771 1511 794 sum
1530 758 1645 796 illum.
1666 759 1772 808 Atqui
1792 760 1859 796 1130
1881 760 1926 797 (10
1956 775 2058 798 031153
2079 762 2160 798 1111-

1176 814 1314 852 dendus
1345 830 1398 863 es,
1420 817 1505 866 quia
1536 816 1653 867 ipsum
1683 817 1778 854 ultus
1802 832 1849 856 es.
1876 819 2064 857 Undenam
2084 822 2161 858 haec

1176 874 1286 911 verba
1300 875 1443 912 inducta
1455 884 1548 921 sunt,
1564 876 1682 926 turpia
1695 886 1727 913 et
1741 878 1948 927 perniciosa,
1959 894 2036 929 quae
2050 881 2161 918 vitam

1176 942 1332 970 nostram
1349 943 1382 971 et
1401 935 1657 986 rempublicam
1674 936 1914 974 subvertunt?
1933 953 2062 989 nonne,
2079 941 2161 990 quia

1176 994 1251 1030 Deo
1270 993 1492 1032 adversantia
1504 995 1711 1045 loquimur?
1726 996 1831 1042 Quod
1845 997 1939 1034 enim
1954 1000 2029 1036 Deo
2044 1000 2161 1037 reddit

1175 1054 1358 1103 aequalem,
1375 1067 1500 1106 nempe
1517 1069 1585 1094 non
1601 1071 1638 1094 se
1659 1057 1793 1105 ulcisci,
1811 1057 1849 1096 id
1869 1067 1906 1094 tu
1924 1058 2035 1096 risum
2056 1074 2161 1111 repu—

1175 1121 1227 1150 tas
1244 1127 1327 1151 esse.
1343 1115 1466 1152 Nonne
1480 1115 1559 1153 ideo
1578 1116 1652 1154 risu
1671 1117 1772 1168 digni
1789 1132 1924 1165 sumus,
1943 1127 1975 1156 et
1986 1119 2082 1170 apud
2100 1134 2161 1157 nos

1125 1178 1148 1207 E
1173 1173 1268 1225 ipsos
1295 1183 1329 1212 et
1355 1176 1451 1227 apud
1471 1177 1629 1227 gentiles,
1647 1179 1741 1229 quod
1762 1179 1809 1216 ita
1830 1189 1949 1217 contra
1972 1182 2087 1218 Deum
2108 1182 2161 1219 10-

1174 1236 1349 1285 quamur?
1378 1237 1472 1276 Volo
1498 1238 1683 1290 quidpiam
1713 1254 1874 1278 enarrare
1899 1242 1998 1293 apud
2027 1251 2159 1280 veteres

1173 1303 1322 1345 gestum,
1339 1310 1406 1334 non
1428 1297 1521 1335 circa
1542 1298 1646 1347 iram,
1664 1299 1724 1337 sed
1745 1301 1836 1337 circa
1852 1301 2049 1352 pecuniam.
2071 1302 2159 1339 Erat

1173 1354 1315 1393 cuidam
1341 1357 1516 1408 praedium
1530 1389 1541 1407 ,
1562 1360 1742 1398 occultum
1766 1361 1973 1399 thesaurum
2005 1359 2157 1411 habens,

1172 1415 1282 1453 inscio
1295 1416 1452 1466 domino,
1468 1419 1565 1468 quod
1579 1420 1639 1457 ille
1650 1420 1811 1459 vendidit
1828 1437 1836 1457 ε
1853 1431 1965 1459 emtor
1978 1437 2061 1460 vero
2079 1438 2160 1461 cum

1172 1475 1320 1528 foderet,
1340 1487 1379 1515 111
1397 1479 1571 1530 plantaret
1587 1490 1620 1518 et
1638 1491 1787 1530 curaret,
1803 1482 2003 1534 depositum
2019 1485 2160 1522 thesau-

1172 1551 1254 1577 rum
1267 1538 1417 1578 invenit.
1436 1540 1540 1587 Quod
1560 1555 1642 1579 011111
1660 1542 1843 1581 didicisset
1862 1544 1891 1581 is
1907 1545 1969 1595 qui
1987 1545 2160 1583 vendide-

1173 1607 1253 1648 rat,
1290 1600 1432 1638 veniens
1470 1611 1640 1640 emtorem
1680 1605 1827 1655 cogebat
1875 1615 1914 1643 ut
1952 1606 2161 1644 thesaurum

1174 1660 1348 1710 redderet,
1364 1661 1484 1699 dicens
1506 1677 1542 1700 se
1562 1663 1737 1714 praedium
1757 1666 1974 1715 vendidisse,
1994 1681 2062 1705 non
2083 1668 2160 1705 the-

1173 1734 1332 1759 saurum.
1359 1722 1424 1759 Ille
1449 1732 1571 1762 contra
1603 1725 1796 1776 repellebat
1828 1741 1909 1764 eum
1946 1727 2067 1765 dicens
2080 1758 2091 1777 ,
2124 1743 2160 1766 se

1172 1782 1349 1832 praedium
1365 1796 1447 1820 cum
1466 1784 1630 1822 thesauro
1646 1785 1784 1833 emisse,
1801 1796 1834 1824 et
1850 1801 1886 1824 se
1902 1786 1970 1824 1100
1991 1787 2082 1825 1111111
2100 1803 2160 1826 011-

1297 256 1451 286 HOMIL.
1491 257 1582 286 XLI.

80 1843 234 1880 διωθεῖτο
265 1842 381 1889 αὐτὸν,
403 1842 536 1894 λέγων·
561 1842 600 1879 τὸ
618 1841 745 1894 χωρίον
772 1840 983 1893 ἠγορακέναι
1011 1840 1156 1892 μετὰὸῃ
1171 1857 1259 1880 1310.
1290 1844 1359 1881 Res
1392 1844 1428 1881 in
1462 1845 1560 1883 litem
1582 1846 1674 1884 inter
1708 1847 1830 1885 ambos
1861 1862 1965 1887 versa
1999 1857 2070 1898 est,
2094 1849 2157 1887 illo

78 1906 137 1941 τοῦ
153 1906 325 1954 θησαυροῦ
339 1933 349 1951 ,
365 1903 426 1940 καὶ
446 1902 567 1941 οὐδένα
588 1903 689 1953 λόγον
715 1908 825 1940 ποιεῖν
856 1901 942 1954 ὑπὲρ
960 1902 1096 1940 τούτου.

77 1964 139 2006 Εἰς
151 1964 411 2015 ἀμφισὲήτησιν
423 1964 641 2011 κατέστησαν
655 1962 861 2014 ἀμφότεροι,
872 1965 889 2000 ὁ
902 1962 963 2012 μὲν
977 1963 1097 2001 λαὸεῖν

78 2024 284 2075 βουλόμενος
300 2055 308 2071 ,
332 2028 349 2062 ὃ
370 2023 404 2062 δὲ
430 2027 630 2077 φιλονεικῶν
654 2024 701 2073 μὴ
731 2024 857 2061 δοῦναι.
891 2024 960 2061 Καὶ
983 2026 1098 2062 ἐπιτυ-

75 2083 196 2135 χόντες
214 2083 394 2137 ἀνθρώπου
420 2085 511 2127 τινὸς
534 2085 745 2136 διελέγοντο·
773 2077 847 2121 εἶτα
866 2083 1011 2136 ἠρώτων
1034 2085 1098 2121 αὐ-

74 2145 145 2191 τὸν,
165 2146 231 2183 τίνι
256 2148 305 2183 δεῖ
335 2146 586 2197 προσγενέσθαι
612 2146 670 2184 τὸν
700 2144 882 2196 θησαυρόν.
905 2144 949 2183 ‘O
978 2144 1013 2182 δὲ
1035 2146 1096 2183 οὐκ

75 2206 297 2258 ἀπεφήνατο,
317 2206 380 2258 ἔφη
403 2207 438 2244 δὲ
460 2208 656 2244 καταλῦσαι
684 2208 796 2243 αὐτῶν
823 2205 884 2251 τὴν
915 2205 1095 2256 ἀμφισῖἷή-

72 2281 172 2312 τησιν
187 2282 194 2290 ·
209 2266 308 2309 αὐτὸς
323 2266 389 2320 γὰρ
411 2267 548 2306 ἔσεσθαι
564 2265 691 2319 κύριος.
710 2265 779 2303 Καὶ
801 2264 917 2303 λαὸὼν
947 2265 1004 2303 τὸν
1034 2269 1094 2312 θη-

71 2327 197 2379 σαυρὸν
236 2327 383 2365 ἑκόντων
423 2325 756 2380 παραχωρησάντων
794 2325 945 2372 ἐκείνων,
985 2325 1093 2379 μυρία

70 2387 210 2439 ὕστερον
231 2386 363 2433 ὑπέστη
384 2387 475 2425 κακὰ
489 2415 498 2432 ,
515 2387 572 2424 καὶ
589 2386 678 2440 ἔργῳ
705 2386 908 2437 ἐμάνθανεν,
928 2387 981 2425 ὅτι
1005 2386 1092 2424 εἰκό-

69 2464 137 2491 τως
155 2449 278 2486 ἐκεῖνοι
294 2447 413 2486 τούτου
435 2447 650 2494 ἀπέστησαν.
679 2449 711 2485 Τ
715 2452 793 2486 οῧτο
824 2448 884 2485 καὶ
922 2447 1002 2499 περὶ
1029 2449 1091 2493 τῆς

68 2511 173 2560 ὀργῆς
195 2510 244 2546 δεῖ
262 2508 438 2559 γενέσθαι,
460 2508 520 2547 καὶ
539 2511 632 2558 ἡμᾶς
648 2510 852 2560 φιλονεικεῖν
873 2507 920 2558 μὴ
955 2508 1090 2558 ἀμύνα-

69 2574 168 2617 σθαι,
188 2569 248 2606 καὶ
265 2569 344 2612 τοὺς
357 2569 595 2616 λελυπηκότας
615 2571 818 2622 φιλονεικεῖν
838 2572 955 2608 δοῦναι
977 2570 1089 2617 δίκην.

68 2629 173 2668 Ἀλλὰ
195 2629 290 2681 τάχα
316 2634 426 2668 ταῦτα
446 2630 505 2668 καὶ
531 2629 639 2680 γέλως
667 2647 718 2674 τις
750 2625 836 2669 εἶναι
872 2632 983 2669 δοκεῖ·
1006 2631 1087 2670 ὅταν

66 2692 134 2743 γὰρ
155 2691 318 2730 ἕπιπλέον
331 2696 352 2738 ἦ
377 2691 484 2742 μανία
502 2692 665 2743 κατάσχῃ
679 2722 688 2739 ,
704 2695 735 2730 οἱ
758 2696 1012 2745 σωφρονοῦντες
1027 2709 1087 2744 γε-

65 2753 216 2799 λῶνται,
238 2751 296 2790 καὶ
316 2753 349 2789 ἐν
365 2754 503 2795 πολλοῖς
522 2752 740 2803 μαινομένοις
767 2757 784 2792 ὃ
805 2753 852 2803 μὴ
882 2753 1088 2804 μαινόμενος

67 2813 158 2850 δοκεῖ
180 2813 373 2863 μαίνεσθαι.
394 2813 457 2851 Διὸ
472 2815 669 2865 παρακαλῶ
685 2815 890 2865 ἀνενεγκεῖν,
905 2814 965 2852 καὶ
985 2817 1085 2865 ἡμῶν

66 2876 178 2911 αὐτῶν
195 2874 371 2925 γενέσθαι,
394 2874 451 2912 ἵνα
470 2876 668 2926 δυνηθῶμεν
688 2874 773 2914 ι’τοῦ
792 2875 945 2929 ὀλεθρίου
965 2877 1085 2915 τούτου

63 2934 192 2978 ποίθους
225 2936 470 2988 καθαρεύοντες
483 2968 492 2985 ,
523 2940 585 2983 τῆς
619 2940 687 2974 τῶν
727 2938 877 2987 οὐρανῶν
907 2937 1086 2987 βασιλείας

63 2994 270 3045 ἀξιωθῆναι,
288 2997 406 3049 χάριτι
424 2997 483 3034 καὶ
509 2999 699 3048 οἰκτιρμοῖς
718 3000 778 3035 τοῦ
802 3001 1004 3048 μονογενοῦς
1021 2999 1084 3035 αὖ-

61 3059 121 3092 τοῧ
138 3056 282 3105 Παιδὸς,
300 3059 373 3107 μεθ’
395 3051 433 3094 οὗ
452 3060 502 3110 τῷ
518 3058 634 3109 Πατρὶ
648 3058 721 3108 ἅμα
738 3061 787 3109 τῷ
802 3057 889 3109 ἁγίῳ
905 3058 1086 3097 Πνεύαατι

62 3115 142 3158 δόξα
159 3146 168 3162 ,
193 3117 339 3169 κράτος,
359 3117 469 3167 τιμὴ,
492 3120 550 3156 νῦν
577 3119 636 3156 καὶ
657 3118 734 3166 ἀεὶ,
751 3118 810 3157 καὶ
829 3121 877 3162 εἰς
906 3118 982 3162 τοὺς
1003 3121 1086 3158 αἰῶ-

61 3191 121 3219 νας
140 3179 209 3214 τῶν
226 3176 371 3216 αἰώνων.
384 3177 507 3228 Ἀμήν.

109 3316 122 3329 ἢ
145 3310 295 3343 πολιτείας
318 3312 493 3343 ἀπε-ναυτίας
508 3317 548 3351 τῷ
570 3314 622 3352 θεῷ
642 3313 749 3355 φεύγῃ,
765 3311 811 3342 510
830 3309 977 3353 quidam.

1120 1898 1145 1927 Α
1171 1904 1271 1942 reddi
1288 1906 1357 1943 sibi
1385 1907 1539 1953 volente,
1566 1908 1745 1959 alteroque
1774 1920 1933 1960 negante.
1957 1911 2158 1950 Incidentes

1170 1975 1288 2004 autem
1307 1967 1343 2004 in
1362 1967 1543 2006 hominem
1565 1969 1770 2021 quempiam
1788 1971 1993 2022 litigabant3
2013 1972 2157 2010 deinde-

1170 2042 1237 2077 que
1270 2028 1531 2080 interrogarunt
1564 2030 1689 2079 illum,
1713 2032 1769 2068 cui
1797 2032 1939 2070 deberet
1970 2034 2156 2071 thesaurus

1166 2089 1383 2141 adjudicari.
1407 2091 1469 2128 Ille
1492 2105 1575 2129 vero
1601 2106 1669 2129 non
1690 2093 1900 2131 sententiam
1920 2094 2015 2143 tulit,
2033 2095 2156 2132 dixit-

1166 2165 1233 2200 que
1259 2165 1294 2188 se
1320 2151 1420 2188 litem
1441 2152 1643 2189 soluturum
1661 2167 1745 2199 esse,
1771 2154 1867 2203 quod
1894 2154 1970 2205 ipse
1988 2154 2155 2193 dominus

1166 2220 1268 2248 esset.
1287 2211 1333 2249 Et
1352 2211 1423 2249 illis
1442 2213 1681 2250 annuentibus
1695 2222 1837 2264 accepto
1852 2214 2032 2260 thesauro,
2050 2215 2155 2253 innu-

1166 2286 1262 2310 mera
1283 2272 1412 2311 deinde
1437 2274 1530 2311 mala
1550 2288 1674 2326 passus
1705 2284 1767 2324 est,
1789 2284 1821 2312 et
1849 2289 1887 2331 re
1916 2275 2057 2325 didicit,
2073 2278 2154 2328 jure

1164 2332 1244 2370 illos
1273 2334 1318 2371 ab
1345 2334 1412 2371 hoc
1439 2334 1667 2372 abstinuisse.
1701 2335 1777 2373 Hoc
1796 2344 1828 2373 et
1847 2336 1941 2373 circa
1964 2336 2055 2374 113111
2076 2338 2155 2376 fieri

1163 2403 1312 2446 oportet,
1332 2404 1370 2432 ut
1389 2404 1422 2433 et
1452 2407 1515 2433 nos
1534 2396 1800 2445 contendamus,
1813 2410 1883 2434 non
1905 2412 1978 2436 esse
2008 2412 2154 2436 sumen—

1160 2454 1243 2492 dam
1257 2455 1440 2502 ultionem,
1452 2456 1561 2506 etqui
1577 2457 1740 2494 laeserunt
1754 2457 1979 2505 contendant,
1989 2468 2155 2510 oportere

1161 2529 1197 2553 se
1215 2530 1335 2568 poenas
1353 2516 1451 2553 dare.
1469 2516 1539 2554 Sed
1552 2517 1669 2554 forsan
1686 2517 1762 2554 haec
1776 2517 1930 2555 ridicula
1947 2518 2151 2556 videantur.

1162 2576 1318 2624 Quando
1335 2577 1428 2614 enim
1448 2577 1524 2614 haec
1539 2577 1674 2614 insania
1694 2577 1889 2615 admodum
1906 2588 2069 2629 occupat,
2091 2580 2153 2629 qui

1160 2638 1315 2676 modeste
1328 2647 1438 2689 agunt
1453 2638 1663 2688 irridentur,
1679 2647 1711 2675 et
1728 2638 1819 2676 inter
1831 2639 2043 2676 insanientes
2059 2640 2152 2676 mul-

1160 2707 1224 2746 tos,
1242 2699 1302 2750 qui
1321 2714 1390 2737 non
1413 2699 1544 2737 insanit
1558 2698 1701 2737 videtur
1720 2699 1884 2738 insanire.
1906 2700 2151 2745 Quamobrem

1159 2760 1302 2799 obsecro
1316 2791 1326 2807 ,
1342 2761 1513 2809 feramus,
1536 2773 1669 2810 nosque
1689 2759 1947 2809 contineamus,
1965 2770 2004 2798 ut
2027 2761 2148 2812 possi—

1159 2836 1238 2858 mus
1251 2821 1318 2859 1100
1332 2820 1528 2873 pernicioso
1542 2820 1668 2857 morbo
1679 2819 1797 2868 liberi,
1813 2833 1961 2870 regnum
1981 2821 2149 2859 caelorum

1158 2881 1310 2932 assequi,
1335 2881 1447 2932 gratia
1479 2890 1512 2918 et
1539 2880 1825 2917 miserationibus
1848 2881 2024 2931 unigeniti
2044 2882 2145 2929 Filii,

1158 2943 1304 2993 quicum
1320 2944 1413 2980 Pau-1
1437 2951 1469 2980 et
1491 2941 1643 2993 Spiritui
1664 2950 1782 2979 sancto
1797 2941 1922 2992 gloria,
1941 2941 2146 2993 imperium,

1156 3006 1284 3055 honor,
1307 3018 1400 3042 nunc
1432 3013 1464 3042 et
1489 3017 1637 3055 semper,
1653 3012 1686 3041 et
1711 3003 1747 3041 in
1774 3003 1902 3040 saecula
1919 3003 2142 3044 saeculorum.

1159 3068 1285 3103 Amen.

1181 3313 1195 3336 ¹¹
1222 3317 1272 3346 τοῦ
1290 3315 1422 3345 ὁλεθοὶου
1438 3308 1530 3342 deest
1548 3308 1579 3341 in
1597 3307 1807 3351 quibusdam.

2232 1316 2360 1345 Historia

2173 1360 2283 1398 reperti
2300 1360 2359 1386 the-

2173 1411 2264 1430 531111.
