2466 3805
692 228 735 257 ΙΝ
774 228 888 258 ACTA
926 231 948 256 A
959 227 1126 257 POSTOL

93 310 302 363 Ἀποκριθεὶς
326 309 361 348 δὲ
384 310 515 362 Πέτρος
535 310 593 347 καὶ
619 311 650 348 οἱ
669 309 855 348 ἀπόστολοι
884 303 996 347 εἷπον·
1029 325 1106 347 πει-

92 374 231 422 θαρχεῖν
252 372 302 408 δεῖ
318 372 399 422 Θεῷ
420 371 551 421 μᾶλλον
571 370 593 416 ἢ
614 369 817 422 ἀνθρώποις.
837 370 959 417 Πολλὴ
975 373 996 416 ἡ
1011 372 1107 422 φιλο-

90 432 192 484 σοφία
208 431 268 469 καὶ
287 431 429 478 τοιαύτη
440 462 450 480 ,
466 432 517 469 ὅτι
537 434 687 470 ἐντεῦθεν
702 431 890 470 δεικνύουσι
905 431 964 469 καὶ
985 431 1108 475 αὐτοὺς

91 492 309 544 μαχομένους
335 495 384 545 τῷ
414 495 508 546 Θεῷ.
534 492 578 532 Ὁ
595 493 683 536 Θεὸς
714 495 782 531 τῶν
814 492 973 544 πατέριον
1007 489 1124 544 ἡμῶν

89 554 225 607 ἤγειρεν
247 553 394 603 Ἰησοῦν,
425 555 460 593 ὃν
486 559 582 606 ὑμεῖς
602 554 851 607 διεχειρίσασθε
872 555 1110 608 κρεμάσαντες

92 614 152 653 ἐπὶ
164 615 273 659 ξύλου.
285 617 417 653 Τοῦτον
437 619 454 654 ὁ
471 616 559 659 Θεὸς
579 616 731 667 ἀρχηγὸν
751 615 810 653 καὶ
823 616 976 667 Σωτῆρα
993 615 1110 667 ὕψωσε

92 678 136 727 τῆ
167 675 260 727 δεξιᾷ
287 678 411 724 αὐτοῦ,
443 677 558 714 δοῦναι
587 676 769 727 μετάνοιαν
801 679 851 728 τῷ
878 675 1023 729 Ἰσραὴλ
1051 675 1111 713 καὶ

94 737 214 789 ἄφεσιν
237 738 428 789 ἁμαρτιῶν.
452 737 519 775 ζῸν
541 740 639 787 ὑμεῖς
660 736 832 785 ἀνείλετε,
852 737 967 789 φησὶν,
987 739 1005 774 ὃ
1023 736 1112 779 Θεὸς

94 798 225 851 ἤγειρε.
241 800 311 836 Καὶ
329 798 411 851 ὅρα,
432 801 480 850 τῷ
496 798 611 850 Πατρὶ
622 797 661 835 τὸ
676 805 744 835 πᾶν
759 797 863 835 πάλιν
879 797 1110 844 ἀνατιθέασιν,

95 858 150 896 ἵνα
168 858 215 908 μὴ
238 859 315 910 δόξῃ
340 859 519 910 ἀλλότριος
536 853 624 895 εῖναι
643 862 702 895 τοῦ
717 858 866 909 Πατρός.
887 858 958 896 Καὶ
977 857 1112 908 ὕψωσε,

96 920 199 971 φησὶ,
222 923 264 967 τῆ
290 919 382 971 δεξιᾷ
413 921 528 957 αὐτοῦ.
560 921 639 970 Οὐχ
659 920 777 960 ἁπλῶς
807 917 869 965 τὴν
900 917 1111 956 ῧάνάστασιν

96 985 194 1019 τοῦτο
223 980 342 1031 μόνην,
369 979 459 1018 ἀλλὰ
491 980 551 1018 καὶ
579 979 642 1026 τὴν
676 978 822 1030 ὕψωσιν,
850 978 1025 1026 τουτέστι,
1048 978 1110 1025 τὴν

479 1043 580 1053 mmm

96 1042 279 1093 ἀνάληψιν,
300 1043 408 1088 δηλοῖ.
428 1043 500 1079 Tou
523 1056 640 1079 οουναι
657 1040 841 1090 μετάνοιαν
857 1042 907 1091 τῷ
927 1039 1084 1091 Ἰσραήλ.

146 1344 243 1397 “Opa
258 1345 362 1384 πάλιν
378 1345 417 1384 τὸ
434 1345 553 1398 κέρδος
568 1346 628 1384 καὶ
649 1348 683 1384 ἐν
703 1345 799 1390 τάξει
815 1346 1004 1396 ἀπολογίας
1022 1347 1113 1384 διδα-

96 1406 243 1445 σκαλίαν
264 1407 539 1460 ἀπηρτισμένην.
563 1407 634 1446 Καὶ
655 1410 756 1458 ἡμεῖς
775 1409 879 1459 ἐσμεν
907 1410 1009 1446 αὐτοῦ
1029 1408 1116 1459 μάρ-

96 1484 193 1520 τυρες
229 1471 295 1506 τῶν
329 1469 494 1521 ῥημάτων
520 1468 663 1508 τούτων.
683 1469 805 1516 Πολλὴ
838 1473 859 1515 ἠ
895 1467 1114 1522 ι’παῤῥησία.

96 1523 187 1567 Εἶτα
212 1528 408 1573 ἀξιόπιστον
436 1530 587 1580 [λοιπὸν]
603 1530 660 1568 τὸν
680 1529 780 1582 λόγον
796 1533 918 1578 ποιῶν,
939 1531 1094 1582 ἐπήγαγε
1106 1546 1114 1553 ·

97 1589 155 1628 καὶ
167 1590 206 1628 τὸ
224 1592 371 1641 Πνεῦμα
391 1590 426 1629 δὲ
446 1591 486 1628 τὸ
503 1591 611 1642 ἅγιον,
629 1591 646 1630 ὃ
665 1591 789 1629 ἔδωκεν
810 1595 827 1629 ὃ
843 1592 932 1635 Θεὸς
945 1598 1016 1635 τοῖς
1033 1608 1115 1630 πει-

99 1656 286 1704 θαρχοῦσιν
315 1653 424 1704 αὐτῷ.
446 1651 575 1705 (Ορᾷς,
594 1656 668 1697 πῶς
686 1652 763 1705 οὐχὶ
781 1653 882 1703 μόνον
899 1657 941 1706 τῆ
971 1656 1115 1701 ἑαυτῶν,

99 1712 189 1750 ἀλλὰ
203 1712 262 1750 καὶ
280 1716 323 1764 τῇ
339 1717 398 1750 τοῦ
412 1713 616 1764 Πνεύματος
631 1713 804 1766 μαρτυρίᾳ
823 1713 1028 1766 κέχρηνται,
1046 1715 1117 1754 Καὶ

99 1775 159 1810 οὐκ
187 1767 294 1820 εἷπον,
316 1772 366 1811 ἰῸ
386 1773 510 1811 ἔδωκεν
528 1776 626 1823 ἡμῖν,
651 1774 740 1812 ἀλλὰ
755 1805 764 1822 ,
785 1776 868 1818 Τοῖς
886 1775 1114 1825 πειθομένοις·

99 1835 172 1885 ἅμα
192 1834 252 1885 μὲν
271 1835 530 1887 μετριάζοντες,
560 1835 634 1886 ἅμα
649 1834 684 1874 δὲ
703 1835 795 1886 μέγα
812 1836 896 1874 αὐτὸ
913 1836 1116 1885 δεικνύντες,

99 1896 158 1934 καὶ
174 1898 373 1944 δηλοῦντες,
393 1896 446 1935 ὅτι
465 1895 524 1934 καὶ
543 1898 659 1939 αὐτοῖς
679 1897 819 1935 δυνατὸν
839 1896 970 1935 λαὸεῖν.
1001 1896 1116 1950 (Όρα,

99 1959 173 1999 πῶς
191 1956 250 1993 καὶ
271 1959 313 1995 δι’
335 1958 443 2011 ἔργων
461 1956 520 1995 καὶ
537 1956 592 1995 διὰ
608 1957 772 2009 ῥημάτων
799 1958 1033 2004 ἐπαιδεύοντο,
1058 1959 1118 1997 καὶ

100 2018 137 2054 οὖ
153 2023 349 2068 προσεῖχον,
365 2017 422 2055 ἵνα
439 2017 557 2055 δικαία
577 2020 691 2061 αὐτοῖς
708 2022 729 2065 ἡ
745 2019 949 2071 κατάκρισις
964 2021 1117 2072 γένηται.

101 2078 169 2115 Διὰ
198 2078 264 2130 γάρ
300 2094 353 2116 τοι
386 2083 487 2117 τοῦτο
518 2079 578 2118 καὶ
594 2082 611 2117 ὁ
629 2081 719 2124 Θεὸς
754 2080 943 2132 συνεχώρει
975 2081 1119 2133 ἄγεσθαι

102 2140 223 2182 αὐτοὺς
244 2142 290 2183 εἷς
305 2140 541 2192 δικαστήριον,
557 2140 613 2179 ἵνα
625 2141 684 2180 καὶ
699 2144 824 2180 ἐκεῖνοι
843 2142 1118 2190 επαιδεύωνται,

102 2202 133 2240 εἴ
149 2219 187 2254 γε
204 2202 386 2253 μανθάνειν
403 2203 602 2250 ἐδούλοντο,
620 2201 679 2240 καὶ
698 2203 729 2241 οἱ
753 2202 939 2241 ἀπόστολοι
960 2206 1006 2247 εἷς
1024 2206 1118 2256 παῤ-

102 2264 225 2315 ῥησίαν
250 2263 470 2314 ἀλείφωνται.
507 2265 554 2301 Οἱ
581 2263 616 2300 δὲ
647 2263 854 2306 ἀκούσαντες
866 2293 876 2311 ,
908 2264 1117 2316 διεπρίοντο,

101 2324 160 2362 καὶ
171 2323 351 2362 ε’ὅούλοντο
366 2326 496 2362 ἀνελεῖν
511 2323 641 2366 αὐτούς.
657 2323 751 2375 (Όρα
766 2323 891 2367 κακίας
908 2325 1116 2377 ὓπερὸολήν.

99 2385 184 2424 Δέον
204 2386 256 2437 ἐφ’
283 2379 331 2427 οἷς
357 2384 508 2430 ἥκουσαν
529 2385 818 2435 καταπλαγῆναι,
836 2386 867 2422 οἱ
889 2384 923 2422 δὲ
944 2385 1118 2437 διαπρίον-

98 2462 174 2494 ται,
191 2446 250 2483 καὶ
283 2445 501 2497 βουλεύονται
531 2447 606 2497 εἰκῆ
634 2447 778 2484 ἀνελεῖν.
802 2444 893 2483 Ἀλλ’
929 2448 1116 2495 ἀναγκαῖον

99 2507 219 2546 λοιπὸν
248 2506 375 2544 ἄνωθεν
414 2506 497 2544 ἰδεῖν
529 2505 574 2544 τὰ
608 2507 865 2557 ἀνεγνωσμένα.
882 2506 1045 2558 Ἄγγελος
1082 2507 1118 2545 δὲ

101 2567 229 2621 Κυρίου
244 2567 300 2606 διὰ
314 2571 376 2614 τῆς
394 2567 513 2610 νυκτὸς
531 2566 645 2613 ἤνοιξε
658 2567 719 2612 τὰς
735 2567 847 2611 πύλας
863 2571 925 2615 τῆς
947 2570 1117 2621 φυλακῆς,

101 2629 159 2667 καὶ
178 2628 354 2680 ἐξαγαγὼν
378 2627 498 2672 αὐτοὺς
519 2621 657 2666 εῖπενό·
677 2628 881 2680 πορεύεσθε,
904 2629 963 2667 καὶ
980 2630 1119 2669 σταθέν-

99 2706 154 2734 τες
172 2691 309 2728 λαλεῖτε
324 2691 357 2728 ἐν
378 2692 427 2741 τῷ
448 2691 530 2743 ἱερῷ
547 2691 598 2741 τῷ
619 2692 694 2743 λαῷ
708 2688 823 2727 πάντα
839 2689 883 2728 τὰ
899 2690 1040 2744 ῥήματα
1057 2694 1120 2738 τῆς

100 2754 189 2797 ζωῆς
206 2750 344 2798 ταύτης.
362 2749 588 2801 Ἐξαγαγών·
612 2752 674 2788 οὐκ
700 2750 801 2793 αὐτὸς
827 2751 955 2802 ἀπάγει
975 2751 1095 2796 αὐτοὺς
1110 2781 1119 2798 ,

101 2812 178 2850 ἀλλ’
198 2811 338 2863 ἀφίησιν
351 2827 358 2834 ·
388 2811 478 2850 ὥστε
499 2811 559 2849 καὶ
580 2810 689 2863 ταύτῃ
721 2813 830 2850 αὐτῶν
862 2816 1060 2862 γνωσθῆναι
1081 2812 1121 2851 τὸ

101 2873 382 2921 ἀκατάπληκτον,
404 2873 422 2911 ὃ
441 2873 500 2911 καὶ
515 2872 644 2917 ἔδειξαν
661 2872 780 2917 νυκτὸς
796 2873 1003 2917 εἰσελθόντες
1017 2877 1064 2918 εἷς
1081 2875 1121 2913 τὸ

101 2933 189 2987 ἱερὸν
210 2935 269 2972 καὶ
290 2934 519 2978 διδάσκοντες.
534 2936 579 2973 Εἰ
593 2934 628 2972 δὲ
645 2934 804 2978 ἐξέὸαλον
825 2934 945 2979 αὐτοὺς
962 2938 992 2974 οἳ
1012 2935 1120 2986 φύλα-

101 3011 178 3041 κες,
195 2997 241 3039 ὡς
255 2997 377 3034 ἐκεῖνοι
404 2995 710 3047 ἐνόμιζον,“ἑ’φυγον
731 2995 785 3043 ἂν,
814 2994 856 3033 εἴχ
865 3011 904 3046 γε
926 2996 1121 3039 πεισθέντες

101 3060 115 3077 ⁰
127 3055 282 3102 ἐξῆλθον·
303 3058 432 3107 μᾶλλον
453 3056 509 3104 δὲ,
527 3059 556 3094 εἰ
577 3056 736 3102 ἐξέὸαλον
757 3056 879 3101 αὐτοὺς
897 3059 1042 3105 ἐκεῖνοι,
1058 3059 1120 3096 οὐκ

102 3119 142 3155 ἂν
165 3120 210 3160 εἰς
241 3118 280 3156 τὸ
310 3119 399 3171 ἱερὸν
422 3118 585 3166 ἔστησαν,
606 3120 681 3157 ἀλλ’
707 3117 905 3170 ἀπέδρασαν
925 3119 977 3157 ἄν.
1008 3120 1121 3158 Τοῦτο

103 3178 138 3218 δὲ
155 3179 261 3222 οὐδεὶς
279 3179 386 3223 οὕτως
401 3180 541 3227 ἀνόητος
567 3179 657 3218 ὥστε
678 3179 725 3230 μὴ
747 3181 908 3219 συνιδεῖν.
928 3180 1021 3233 Οὐχὶ
1046 3196 1119 3218 πα-

148 3309 159 3321 '³
179 3299 270 3330 Unus
285 3299 368 3332 Cod.
388 3306 545 3334 ἀνάστασιν
571 3305 658 3343 λέγει.
674 3304 765 3334 ἀλλὰ.

152 3351 167 3373 ¹²
184 3348 277 3382 Idem
293 3356 456 3396 παῤῥησία,
470 3358 517 3386 καὶ
533 3359 566 3387 τὸ
580 3357 756 3392 ἀξιοπιστον·
771 3357 818 3386 καὶ
833 3358 865 3386 τὸ
878 3358 1003 3393 πνεῦμα.
1019 3352 1106 3393 [Mox

111 3405 217 3439 mxiv,
239 3401 327 3443 quod
344 3401 434 3434 abest
453 3415 470 3434 a
486 3405 539 3443 D„
557 3403 747 3436 inclusimus
764 3415 838 3435 cum
857 3402 1035 3444 Commei]

1131 226 1270 256 ORUM.
1310 226 1465 255 nomn„
1505 224 1600 254 xm.
2074 224 2150 252 121

1178 306 1321 359 cipitisi'
1343 306 1415 345 Sed
1444 304 1561 357 quid?
1586 306 1742 343 Rursum
1772 310 1951 341 monentes
1980 311 2012 340 ct
2047 304 2159 341 consi-

1132 374 1154 403 B
1177 369 1268 407 lium
1280 369 1402 407 dantes
1411 383 1492 406 cum
1505 365 1775 405 mansuetudine
1787 364 2008 417 respondent.
2017 365 2079 403 529.
2091 366 2160 402 Re-

1177 431 1369 481 spondeas
1391 438 1521 467 autem
1539 429 1680 466 Petrus
1701 435 1737 464 et
1761 426 1927 479 apostoli
1950 427 2130 463 dixerunt
2146 440 2159 461 .-

1181 492 1343 529 Obedire
1362 498 1508 542 oportet
1529 491 1613 528 Deo
1637 491 1761 540 magis
1785 501 1902 540 quam
1929 488 2158 525 hominibus.

1179 553 1311 603 Magna
1329 550 1537 603 hujusmodi
1554 548 1796 602 philosophia,
1817 562 1886 599 qua
1905 547 2097 586 ostendunt
2116 546 2162 584 il-

1180 612 1232 649 los
1253 626 1333 650 cum
1354 613 1430 649 Deo
1445 624 1614 663 pugnare.
1632 611 1695 649 50.
1719 611 1827 648 Deus
1837 617 1994 661 patrum
2016 616 2163 646 nostro-

1181 687 1266 711 rum
1294 675 1494 711 suscitavit
1515 673 1663 717 Jesum,
1681 684 1792 722 quem
1820 684 1892 708 vos
1917 671 2163 708 interemistis

1182 734 1453 785 suspendentes
1472 735 1514 770 in
1539 733 1655 784 ligno.
1674 733 1737 770 51.
1758 733 1874 770 Hunc
1897 733 2108 783 principem
2127 739 2163 768 et

1182 794 1423 832 Salvatorem
1452 793 1641 831 eoealtavit
1664 794 1770 830 Deus
1796 793 1955 830 dextera
1982 805 2077 837 sua,
2112 791 2166 829 ad

1182 854 1357 891 dandam
1381 855 1647 904 poenitentiam
1670 852 1810 889 Israeli
1839 860 1875 888 et
1902 854 2164 889 remissionem

1179 921 1437 964 peccatorum.
1456 911 1568 960 Eum,
1595 911 1726 962 inquit,
1751 925 1857 961 quem
1874 925 1937 948 vos
1959 911 2162 960 occidistis,

1182 975 1280 1011 Deus
1307 972 1503 1012 suscitavit.
1522 972 1568 1009 Et
1589 971 1686 1019 vide,
1704 970 1802 1008 Patri
1823 985 1945 1009 rursus
1966 980 2081 1008 totum
2104 972 2162 1009 ad-

1136 1047 1161 1078 c
1183 1033 1355 1082 scribunt,
1365 1046 1408 1070 ne
1428 1031 1610 1071 videretur
1626 1045 1699 1069 esse
1711 1031 1848 1069 alienus
1863 1045 1883 1069 a
1899 1032 2014 1069 Patre.
2031 1033 2084 1069 Et
2100 1046 2167 1069 ex—

1184 1096 1338 1142 altavit,
1361 1094 1490 1145 inquit,
1514 1095 1674 1132 dextera
1701 1107 1785 1132 sua.
1804 1093 1881 1131 Hoc
1905 1107 1988 1132 vero
2014 1107 2083 1130 non
2113 1107 2168 1131 so-

1185 1156 1262 1194 lum
1284 1155 1591 1206 resurrectionem,
1616 1154 1677 1193 sed
1707 1154 1814 1192 etiam
1851 1154 2113 1204 exaltationem,
2130 1155 2170 1193 id

1185 1228 1248 1268 est,
1261 1217 1527 1267 assumtionem,
1549 1217 1739 1268 significat.
1758 1216 1829 1254 Ad
1846 1217 2021 1255 dandam
2042 1220 2168 1269 poeni-

1187 1282 1350 1319 tentiam
1370 1279 1523 1317 Israeli.

1240 1343 1276 1379 2.
1312 1338 1407 1379 Vide
1436 1353 1560 1377 rursus
1585 1338 1748 1387 lucrum,
1774 1346 1808 1376 ct
1836 1337 2048 1376 defensionis
2076 1352 2172 1376 more

1186 1400 1384 1439 doctrinam
1399 1400 1603 1452 perfectam.
1619 1400 1682 1438 59.
1699 1400 1754 1438 Et
1777 1413 1847 1437 nos
1867 1413 1998 1438 sumus
2017 1401 2098 1451 ejus
2116 1408 2170 1438 te-

1186 1470 1261 1501 stes
1280 1463 1417 1500 horum
1443 1463 1661 1499 verborum.
1687 1461 1821 1512 Magna
1848 1459 1992 1498 dicendi
2014 1460 2171 1498 libertas.

1186 1523 1326 1562 Deinde
1345 1523 1392 1561 ad
1420 1523 1601 1561 dictorum
1629 1522 1741 1561 fidem
1760 1521 1885 1574 adjicit
1902 1523 1979 1560 :Et
2008 1522 2173 1572 Spiritus

1185 1593 1357 1631 sanctus,
1390 1597 1504 1636 quem
1529 1584 1634 1621 dedit
1663 1585 1771 1621 Deus
1802 1583 2067 1621 obedientibus
2087 1585 2172 1621 sibi.

1186 1645 1300 1687 Vides
1318 1645 1497 1697 quomodo
1522 1659 1592 1683 non
1614 1659 1678 1683 suo
1706 1653 1860 1693 tantum,
1883 1645 1945 1682 sed
1964 1645 2071 1683 etiam
2089 1645 2173 1697 Spi-

1186 1706 1276 1745 ritus
1300 1706 1502 1745 testimonio
1532 1707 1709 1745 utantur?
1730 1707 1806 1745 Nec
1834 1706 2018 1754 dixerunt,
2053 1708 2174 1758 Quem

1186 1769 1295 1807 dedit
1313 1768 1415 1806 nobis
1426 1784 1438 1818 ;
1467 1767 1543 1818 sed,
1569 1769 1844 1807 Obedientibus
1861 1783 1873 1804 .·
1889 1767 1999 1805 simul
2019 1767 2175 1806 modeste

1186 1838 1342 1880 agentes,
1375 1838 1409 1867 et
1435 1842 1605 1880 magnum
1625 1829 1729 1867 illum
1747 1843 1821 1867 esse
1841 1837 2088 1879 monstrantes,
2109 1828 2174 1867 de-

1187 1891 1430 1940 clarantesque
1448 1889 1545 1940 quod
1570 1899 1604 1928 et
1630 1889 1701 1942 ipsi
1727 1890 1863 1942 possint
1880 1890 1986 1927 illum
2003 1889 2173 1941 accipere.

1187 1951 1296 2002 Vide,
1317 1950 1493 2002 quomodo
1513 1960 1546 1989 et
1562 1951 1731 2003 operibus
1751 1959 1785 1988 et
1803 1951 1923 1990 verbis
1946 1950 2174 2001 erudiantur,

1188 2026 1250 2050 nec
1275 2011 1479 2061 attendant3
1496 2021 1535 2049 ut
1549 2012 1645 2064 justa
1664 2025 1789 2049 eorum
1805 2010 1986 2049 damnatio
2013 2011 2071 2049 sit.
2090 2011 2175 2051 Ideo

1187 2075 1283 2113 enim
1300 2075 1381 2113 illos
1409 2076 1507 2112 Deus
1537 2074 1674 2112 sinebat
1696 2073 1732 2111 in
1757 2072 1940 2125 judicium
1967 2072 2113 2124 adduci,
2136 2084 2176 2113 ut

1187 2136 1242 2173 illi
1261 2135 1502 2184 erudirentur,
1525 2134 1554 2172 si
1581 2133 1729 2184 quidem
1757 2133 1894 2172 discere
1914 2133 2123 2184 voluissent,
2142 2143 2176 2172 et

1187 2196 1339 2248 apostoli
1352 2195 1398 2233 ad
1417 2195 1590 2232 fiduciam
1608 2194 1881 2232 concitarentur.
1896 2195 1959 2232 55.
1977 2195 2073 2232 Hoec
2088 2208 2176 2233 cum

1188 2259 1399 2304 audissent,
1418 2258 1725 2302 dissecabantur,
1736 2264 1772 2294 et
1788 2257 2014 2307 cogitabant
2024 2256 2172 2308 interfi-

1188 2333 1273 2357 cere
1291 2320 1395 2357 illos.
1414 2317 1510 2358 Vide
1528 2317 1707 2369 ingentem
1725 2316 1932 2366 nequitiam.
1961 2317 2053 2354 Cum
2070 2331 2174 2369 opor—

1188 2380 1311 2418 tuisset
1329 2394 1375 2418 ex
1396 2380 1439 2418 iis
1455 2393 1533 2430 quae
1550 2377 1736 2416 audierant
1749 2376 1933 2428 deterreri,
1952 2377 2173 2415 dissecantur

1186 2440 1256 2490 illi,
1275 2450 1309 2479 et
1330 2441 1375 2479 de
1393 2439 1597 2479 occidendis
1610 2438 1699 2477 viris
1720 2438 1851 2475 frustra
1869 2438 2083 2475 consultant.
2102 2437 2175 2476 Sed

1188 2516 1327 2543 necesse
1345 2510 1397 2539 est
1417 2499 1581 2552 superius
1600 2498 1691 2536 lecta
1711 2505 1877 2549 repetere.
1906 2497 1948 2535 A
1952 2497 2084 2549 ngelus
2103 2512 2175 2536 au-

1189 2575 1264 2604 tem
1281 2564 1442 2602 Domini
1456 2574 1525 2613 per
1545 2568 1693 2597 noctem
1722 2560 1898 2610 aperiens
1916 2560 2065 2610 januas
2092 2572 2177 2596 car-

1143 2638 1168 2669 E
1190 2628 1299 2672 ceris,
1323 2632 1358 2662 et
1386 2623 1551 2660 educens
1576 2633 1639 2657 eos
1668 2619 1768 2656 dixit
1782 2621 1878 2664 :Ite,
1899 2627 1936 2656 et
1952 2626 2099 2656 stantes
2119 2619 2177 2655 lo—

1190 2688 1354 2741 quimini
1372 2687 1414 2722 in
1431 2682 1570 2734 templo
1581 2681 1687 2733 plebi
1704 2682 1836 2717 omnia
1854 2681 1976 2717 verba
1994 2681 2089 2717 vitoe
2106 2680 2177 2718 hu-

1184 2754 1264 2804 jus.
1285 2749 1467 2788 Educens
1485 2761 1496 2782 .-
1515 2758 1584 2782 non
1604 2743 1666 2781 ille
1686 2741 1805 2780 educit
1832 2755 1904 2791 eos,
1926 2741 1987 2779 sed
2005 2741 2177 2791 dimittit3

1190 2821 1230 2851 ut
1247 2811 1332 2849 hinc
1351 2806 1556 2848 ostendatur
1570 2803 1827 2856 imperterritus
1849 2802 1993 2840 illorum
2022 2801 2176 2849 animus,

1192 2886 1298 2924 quem
1335 2870 1404 2923 ipsi
1440 2867 1707 2913 exhibuerunt,
1740 2878 1824 2902 cum
1867 2872 1974 2901 noctu
2015 2863 2052 2901 in
2088 2873 2177 2901 tem-

1192 2935 1294 2987 plum
1306 2929 1455 2983 ingressi
1467 2927 1654 2966 docebant.
1663 2924 1772 2972 Quod
1783 2923 1811 2962 si
1828 2923 1908 2962 illos
1920 2923 2101 2975 ejecissent
2113 2937 2178 2961 cu-

1193 2994 1325 3042 stodes,
1345 3002 1385 3030 ut
1399 2991 1454 3029 illi
1475 2989 1648 3042 putabant
1660 3017 1670 3037 ,
1693 2986 1865 3038 fugissent
1884 2985 2050 3037 apostoli,
2067 2985 2097 3023 si
2117 2994 2176 3023 ta-

1192 3070 1272 3095 men
1303 3055 1603 3106 obtemperassent
1621 3065 1631 3099 3
1661 3049 1733 3086 imo
1766 3047 1796 3085 si
1833 3046 1914 3084 illos
1953 3046 2174 3097 emisissent,

1192 3132 1263 3156 non
1292 3116 1330 3154 in
1358 3114 1491 3167 templo
1525 3111 1714 3159 stetissent,
1750 3108 1809 3147 sed
1835 3108 1957 3159 fugam
1987 3107 2174 3158 fecissent,

1194 3178 1290 3231 quod
1307 3191 1410 3216 nemo
1430 3189 1499 3214 non
1527 3172 1657 3221 videat,
1689 3170 1757 3208 nisi
1790 3169 1959 3222 insipiens
1980 3169 2039 3207 sit.
2066 3171 2176 3208 Non-

1220 3309 1232 3323 ο
1248 3299 1342 3330 Unus
1358 3294 1443 3328 Cod.
1458 3296 1651 3328 παιδεὺωνται
1663 3316 1670 3330 ,
1691 3295 1737 3323 καὶ
1752 3295 1856 3328 πάντες
1871 3295 2057 3332 μανθάνωσι,
2075 3296 2121 3323 καὶ
2140 3296 2174 3324 ot.

1221 3351 1236 3374 ‹l
1254 3348 1366 3382 Morcl.
1385 3346 1469 3379 male
1485 3347 1671 3389 πορεύσεσθε.

1221 3409 1229 3420 ““
1247 3401 1307 3433 ΛΙὶὶ
1325 3404 1454 3440 stamar,
1468 3402 1515 3430 xxi
1533 3401 1556 3430 εἰ
1572 3398 1717 3434 ἐξέδυον.
