2466 3805
290 178 345 232 14
734 194 772 223 5.
808 195 986 225 somnis
1022 196 1259 226 cflRx'sosr.

281 271 352 307 tius
378 270 547 322 eligeres,
572 274 727 312 otiumne
751 275 842 312 illud
863 276 988 313 timore
1016 276 1161 328 plenum
1180 306 1189 324 ,
1211 291 1254 314 an

279 333 435 372 lahorem
470 350 530 387 spe
560 337 722 375 fultum?
757 339 809 374 Ita
837 347 869 375 et
899 351 992 374 nunc
1020 338 1134 374 facito.
1166 338 1256 374 Nam

279 396 451 434 incertum
470 397 560 434 illud
576 399 733 435 futurum
747 429 757 447 ,
779 408 830 435 est
848 399 946 447 quasi
969 398 1096 435 domus
1116 399 1152 435 in
1178 400 1253 436 rui—

278 469 358 493 nam
378 470 524 507 vergens
536 473 547 507 3
580 458 640 494 illa
669 472 750 496 vero
770 457 944 508 operatio,
973 457 1036 494 etsi
1056 457 1253 507 laboriosa,

277 517 497 555 securitatem
523 517 682 568 spondet.

329 580 364 615 7.
395 579 495 615 Absit
513 591 595 627 ergo
613 586 652 614 ut
670 577 705 614 in
719 586 851 615 tantam
870 577 1107 616 necessitatem
1123 578 1256 617 incida-

277 651 379 684 mus,
412 646 449 674 ut
481 646 559 688 post
588 637 1002 689 lavacrum.peccemus.
1039 641 1204 677 Attamen
1224 639 1255 678 si

277 697 362 746 quid
381 697 494 734 simile
515 697 651 734 accidat
666 727 676 745 ,
698 711 740 735 ne
762 698 812 735 510
836 698 983 749 quidem
1013 698 1251 752 desperemus.

276 757 433 794 Clemens
466 757 560 795 enim
593 767 643 796 est
676 759 851 797 Dominus
870 789 882 809 ,
920 759 1120 811 multasque
1156 760 1256 798 nobis

272 816 370 854 dedit
397 818 612 856 remissionis
635 827 758 870 postea
774 819 1002 871 impetrandae
1027 820 1114 858 vias.
1143 821 1255 858 Caete-

273 892 353 915 rum
378 878 469 916 sicut
487 879 529 927 11,
547 879 605 929 qui
626 889 704 931 post
724 880 907 917 lavacrum
926 889 1089 932 peccant,
1111 881 1255 932 gravius

273 940 497 992 puniuntur,
529 955 636 991 quam
674 941 940 979 catechumeni:
974 942 1024 979 sic
1043 942 1105 992 qui
1139 942 1255 980 sciunt
1281 956 1302 985 Β

274 1001 487 1052 poenitentiae
507 1016 580 1039 esse
599 1001 769 1050 remedia,
787 1016 849 1039 nec
868 1002 911 1040 iis
930 1002 981 1039 uti
1009 1003 1152 1051 volunt,
1173 1017 1254 1054 gra-

274 1061 373 1099 viora
393 1062 583 1114 patientur.
611 1063 750 1109 Quanto
769 1063 864 1100 enim
890 1063 1003 1115 major
1026 1073 1077 1101 est
1096 1064 1162 1101 Dei
1182 1065 1254 1102 cle—

274 1122 428 1172 mentia,
447 1132 543 1160 tanto
563 1123 675 1174 magis
704 1123 919 1175 supplicium
945 1132 1112 1174 augetur,
1135 1125 1163 1161 si
1184 1139 1252 1162 non

274 1181 335 1219 illa
373 1192 411 1220 ut
446 1193 582 1235 oportet
613 1193 769 1221 utamur.
803 1183 901 1231 Quid
928 1183 1035 1232 dieis,
1064 1198 1084 1221 o
1112 1184 1251 1223 homo?

275 1244 401 1281 Tantis
427 1245 551 1296 plenus
583 1245 684 1282 malis
713 1259 754 1282 ac
788 1244 1012 1296 deploratus,
1034 1245 1168 1282 amicus
1199 1260 1251 1284 re-

273 1313 375 1355 pente
399 1306 512 1342 sactus
540 1319 592 1354 es,
627 1314 660 1342 et
688 1305 734 1342 ad
759 1305 896 1342 culmen
918 1305 1060 1343 honoris
1091 1315 1251 1356 evectus,

274 1378 342 1401 non
370 1379 415 1403 ex
437 1365 589 1417 propriis
619 1365 826 1414 laboribus,
846 1364 905 1403 sed
925 1379 970 1402 ex
997 1365 1089 1403 dono
1109 1366 1193 1415 Dei,
1220 1376 1253 1405 et

273 1439 394 1462 rursus
424 1425 466 1463 ad
497 1426 685 1478 pristinam
719 1440 878 1463 reversus
904 1440 939 1463 es
970 1425 1251 1478 turpitudinem,

273 1488 410 1526 etiamsi
437 1489 521 1526 hinc
549 1489 705 1540 graviter
737 1488 949 1527 cruciandus
976 1489 1022 1526 sis
1050 1505 1057 1524 ε
1086 1481 1252 1528 ille-vero

273 1563 385 1599 neque
419 1550 468 1587 sie
496 1564 640 1587 aversus
669 1559 744 1597 est,
780 1550 841 1588 sed
870 1550 968 1587 mille
1001 1551 1124 1588 salutis
1152 1565 1252 1589 ansas

272 1608 371 1646 dedit
386 1640 394 1654 ,
419 1623 479 1661 per
498 1625 585 1660 quas
608 1610 740 1647 amicus
756 1611 933 1648 efficiaris.
950 1610 997 1648 Et
1014 1610 1090 1648 haec
1109 1611 1252 1662 quidem
1277 1635 1301 1665 C

272 1670 355 1707 facit
374 1672 494 1719 Deus,
523 1681 560 1709 tu
591 1685 676 1710 vero
706 1686 749 1708 ne
772 1671 822 1709 sic
851 1671 995 1722 quidem
1022 1672 1076 1709 vis
1096 1673 1253 1711 laborem

273 1731 459 1783 suscipere.
496 1732 543 1769 Et
573 1747 641 1782 qua
676 1732 817 1769 tandem
851 1732 954 1772 venia
989 1732 1120 1784 dignus
1152 1734 1252 1772 eris?

274 1791 449 1840 quomodo
464 1806 530 1829 11011
548 1802 581 1829 te
586 1793 668 1844 jure
682 1793 828 1843 gentiles
842 1792 1038 1841 derideant,
1053 1807 1114 1831 ceu
1132 1795 1254 1833 fucum

274 1853 474 1904 quempiam
507 1862 632 1891 temere
659 1854 861 1904 frustraque
887 1854 1089 1893 viventem?
1108 1857 1197 1893 Nam
1224 1856 1253 1893 si

271 1913 379 1962 valet,
396 1913 575 1963 inquiunt,
593 1914 819 1966 philosophia
836 1923 951 1951 vestra
963 1944 972 1961 ,
988 1914 1076 1964 quid
1092 1915 1158 1952 sibi
1175 1916 1254 1954 vult

269 1973 330 2010 illa
359 1988 425 2011 non
457 1974 677 2013 initiatorum
705 1975 930 2012 multitudo.D
960 1975 1131 2013 Praeclara
1162 1985 1254 2014 certe

269 2044 373 2086 atque
393 2036 585 2087 expetenda
612 2036 779 2087 mysteria
801 2052 808 2072 ε
833 2035 892 2073 sed
914 2037 1033 2074 nullus
1052 2047 1251 2089 exspectet,

268 2105 308 2133 ut
337 2097 492 2133 animam
523 2110 628 2147 agens
654 2097 837 2135 lavacrum
864 2097 1026 2149 accipiat.
1055 2100 1133 2136 Non
1158 2100 1252 2137 enim

269 2158 520 2210 mysteriorum
537 2167 677 2210 tempus
689 2158 780 2195 illud
794 2167 856 2207 est,
870 2159 930 2196 sed
942 2168 1250 2198 testamentorum:

269 2218 520 2271 mysteriorum
539 2228 657 2256 autem
672 2228 812 2271 tempus
833 2228 884 2256 est
907 2219 1037 2258 sanitas
1055 2221 1227 2258 mentium
1239 2250 1250 2270 ,

269 2289 302 2317 et
331 2281 456 2318 animae
476 2280 717 2331 temperantia.
746 2281 814 2317 Dic
833 2280 927 2318 enim
953 2281 1043 2318 mihi
1066 2297 1073 2317 :

269 2349 385 2378 menta
410 2355 478 2378 non
502 2340 582 2380 vult
602 2340 681 2390 quis
700 2340 749 2377 510
768 2341 914 2378 affectus
935 2340 1057 2389 edere,
1079 2341 1141 2380 sed
1168 2351 1201 2379 et
1221 2343 1249 2379 si

269 2401 441 2451 ediderit,
465 2415 584 2438 ansam
604 2401 665 2438 dat
679 2410 798 2452 postea
809 2401 1002 2452 litigandi,
1023 2401 1171 2453 ideoque
1190 2403 1250 2453 qui

269 2471 441 2500 testantur
468 2462 543 2499 haee
572 2461 710 2499 addunt
742 2461 850 2500 verba
888 2477 896 2498 :
930 2461 1009 2512 Ego
1040 2464 1182 2511 vivens,
1217 2472 1250 2501 et

269 2533 383 2560 mente
404 2524 523 2561 valens
543 2537 619 2560 mea
638 2522 788 2574 dispono
810 2538 817 2558 :
838 2522 1016 2573 quomodo
1039 2524 1090 2573 is,
1109 2524 1170 2574 qui
1194 2524 1250 2561 sui

269 2598 411 2635 compos
442 2598 511 2621 non
535 2592 605 2631 est,
637 2583 764 2635 poterit
783 2592 944 2621 accurate
971 2584 1150 2637 mysteriis
1176 2585 1249 2622 ini-

268 2644 378 2681 tiari?
402 2644 440 2682 Si
460 2644 553 2681 enim
584 2643 628 2681 de
652 2644 880 2681 saecularibus
899 2644 1004 2682 rebus
1034 2658 1099 2682 non
1131 2644 1250 2683 sinunt

270 2716 420 2744 externae
439 2707 532 2758 leges
551 2706 671 2744 testari
687 2720 786 2754 eum,
805 2705 865 2756 qui
882 2706 1025 2743 omnino
1045 2715 1161 2744 mente
1180 2721 1248 2745 non

269 2767 384 2805 valeat
396 2797 407 2817 ,
432 2781 513 2804 cum
531 2776 643 2804 tamen
666 2766 711 2803 de
729 2766 802 2804 suis
834 2766 1062 2804 facultatibus
1090 2768 1250 2819 praescri-

268 2838 392 2879 pturus
419 2828 490 2866 sit:
509 2827 687 2879 quomodo
718 2826 762 2864 de
792 2841 898 2878 regno
935 2827 1103 2865 coelorum
1137 2828 1250 2878 deque

267 2889 402 2927 arcanis
428 2890 500 2927 illis
517 2889 621 2927 bonis
642 2888 824 2926 institutus
852 2888 982 2940 poteris
1012 2889 1105 2926 clare
1130 2890 1247 2927 omnia

265 2950 415 2999 discere,
437 2965 516 2988 cum
536 2964 628 3002 saepe
647 2950 692 2987 ob
714 2949 878 2986 morbum
896 2958 1012 2986 mente
1031 2958 1154 3002 captus
1174 2951 1248 2988 sis?
1272 2958 1295 2988 E

265 3011 487 3061 quandonam
505 3011 613 3049 verba
632 3010 694 3047 illa
719 3009 862 3047 Christo
880 3009 994 3057 dices,
1012 3010 1247 3062 Consepultus

266 3087 347 3109 eum
368 3072 450 3121 illo,
472 3085 551 3108 cum
569 3071 644 3123 jam
663 3070 879 3121 migraturus
900 3069 976 3108 sis?
995 3071 1086 3108 Nam
1107 3080 1139 3108 et
1158 3085 1244 3123 ope-

265 3132 364 3170 ribus
379 3140 411 3169 et
429 3131 547 3169 verbis
561 3131 802 3172 benevolentia
816 3130 869 3168 illi
885 3130 1084 3168 exhibenda
1101 3141 1162 3169 est.
1185 3133 1243 3169 Tu

309 3270 321 3284 ἃ
347 3258 447 3292 58111.
467 3259 521 3300 [et
537 3259 592 3301 A.]
612 3263 684 3303 παρ’
708 3262 785 3301 ὑμῖν.
808 3257 920 3290 ΜΟΓΘῙ.
941 3258 993 3300 [et
1009 3258 1064 3300 C]
1084 3263 1156 3303 παρ’
1175 3263 1266 3302 ὑμῶν,

265 3314 275 3353 [
292 3315 363 3353 παρ’
378 3316 461 3354 ἡμῶν
478 3311 517 3343 D.
536 3310 636 3342 Paulo
654 3318 730 3342 ante
751 3309 867 3350 Norba,
882 3317 979 3351 ζῶντα
1001 3316 1062 3353 εἰκῇ
1085 3317 1132 3345 καὶ
1155 3317 1264 3353 μάτην,

264 3375 316 3406 ap.
333 3362 431 3396 Savil.
451 3364 541 3395 uncis
554 3361 699 3403 inclusa,
719 3361 839 3395 absunt
852 3360 895 3393 ab
909 3362 945 3393 A.
961 3361 1015 3402 C.]

1097 2282 1126 2319 si
1146 2290 1251 2320 testa-
1277 2295 1300 2325 1)

1300 199 1483 227 ARCHIEP
1492 218 1501 227 .
1540 199 1870 231 CONSTANTmOP
1879 223 1886 230 .

1329 278 1455 323 ἄδηλον
1472 282 1530 315 τοῦ
1552 278 1735 328 μέλλοντός
1752 282 1909 333 καθάπερ
1929 277 2018 326 οἶκός
2040 284 2090 327 τίς
2108 287 2181 322 ἐστι
2202 285 2325 336 σαθρὸς
2337 314 2345 330 ,

1329 338 1381 374 ἀεὶ
1398 341 1529 375 πτῶσιν
1545 340 1709 376 ἀπειλῶν·
1726 343 1747 386 ἡ
1768 341 1803 378 δὲ
1820 342 1963 393 ἐργασία
1978 343 2078 392 αὕτη,
2095 348 2115 390 ἡ
2134 344 2234 382 πόνον
2252 346 2349 395 ἔχου-

1329 412 1393 444 σα,
1414 398 1454 435 τὸ
1473 398 1623 450 ἀσφαλὲς
1643 401 1818 450 ἐγγυᾶται.

1382 581 1443 628 Μὴ
1473 581 1605 633 γένοιτο
1628 581 1689 633 μὲν
1719 577 1775 622 οὖν
1802 586 1895 635 ἡμᾶς
1929 587 2089 635 ἐμπεσεῖν
2117 590 2163 631 εἷς
2196 589 2349 638 ἀνάγκην

1327 643 1518 690 τοσαύτην,
1533 642 1623 681 ὥστε
1639 644 1850 696 ἁμαρτάνειν
1871 645 1960 696 μετὰ
1972 647 2012 684 τὸ
2026 647 2168 700 λουτρόν
2180 665 2189 672 ·
2209 649 2299 695 πλὴν
2322 650 2350 686 εἷ

1329 703 1388 741 καὶ
1406 704 1538 754 γένοιτό
1556 720 1589 742 τι
1609 710 1772 753 τοιοῦτον,
1793 705 1879 755 μηδὲ
1908 705 2014 749 οὕτως
2035 709 2253 759 ἀπογνῶμεν.
2275 710 2349 746 Φι-

1329 765 1532 816 λάνθρωπός
1561 769 1652 805 ἐστιν
1682 768 1700 803 ὃ
1727 767 1833 815 Θεὸς,
1862 767 1921 805 καὶ
1949 768 2080 812 πολλὰς
2101 759 2184 819 ἡμῖν
2205 769 2350 808 δέδωκεν

1329 825 1425 871 ὁδοὺς
1446 827 1598 879 ἀφέσεως
1616 827 1675 866 καὶ
1696 827 1784 878 μετὰ
1804 832 1926 866 ταῦτα.
1950 829 2050 876 Πλὴν
2073 829 2191 883 ὥσπερ
2210 833 2240 868 οἱ
2263 830 2351 880 μετὰ

1329 888 1368 926 τὸ
1393 889 1533 940 λουτρὸν
1563 888 1839 942 ἁμαρτάνοντες,
1873 893 1941 927 τῶν
1970 891 2240 941 κατηχουμένων
2260 892 2350 930 κατὰ

1328 953 1428 988 τοῦτο
1448 951 1577 999 μᾶλλον
1598 950 1818 997 κολάζονται,
1834 949 1940 993 οὕτως
1961 953 1992 988 οἳ
2011 951 2152 998 εἰδότες,
2173 950 2226 988 ὅτι
2246 968 2351 1002 μετα-

1329 1010 1422 1054 νοίας
1443 1009 1515 1048 ἐστὶ
1537 1010 1723 1062 φάρμακα,
1751 1010 1810 1047 καὶ
1836 1010 1883 1060 μὴ
1909 1010 2060 1053 θέλοντες
2079 1012 2193 1054 αὐτοῖς
2215 1015 2349 1065 κεχρῆ-

1329 1074 1428 1116 σθαι,
1448 1070 1678 1122 χαλεπώτερα
1706 1071 1972 1117 ὑποστήσονται.
1996 1070 2098 1123 ‘'Offlp
2119 1071 2185 1123 γὰρ
2208 1071 2248 1109 ἂν
2269 1074 2350 1110 ἐπι-

1327 1133 1481 1179 τείνηται
1506 1137 1527 1179 ἡ
1549 1132 1789 1184 φιλανθρωπία
1810 1137 1869 1170 τοῦ
1889 1135 2000 1177 Θεοῦ,
2017 1132 2168 1185 τοσούτῳ
2183 1133 2276 1179 καὶὴ
2294 1133 2351 1171 κό-

1327 1195 1426 1237 λασις
1446 1193 1584 1237 αὔξεται
1597 1195 1743 1243 μᾶλλον,
1759 1193 1816 1231 ἐὰν
1839 1192 1886 1243 μὴ
1904 1196 1948 1237 εἷς
1965 1194 2037 1231 δέον
2054 1197 2095 1245 τῇ
2111 1194 2352 1246 φιλανθρωπίᾳ

1327 1253 1555 1307 χρησώμεθα.
1580 1254 1628 1291 Τί
1646 1253 1777 1305 λέγεις,
1796 1254 1953 1307 άνθρωπε
1970 1270 1980 1302 3
2002 1255 2139 1298 Μεστὸς
2159 1254 2205 1292 ὢν
2233 1258 2350 1292 κακῶν

1328 1316 1513 1362 τοσούτων,
1535 1316 1594 1353 καὶ
1628 1314 1910 1367 ἀπεγνωσμένος,
1936 1315 2056 1368 ἁθρόον
2090 1315 2203 1366 ἐγένου
2231 1316 2348 1367 φίλος,

1328 1377 1386 1414 καὶ
1407 1377 1491 1429 πρὸς
1515 1376 1579 1423 τὴν
1607 1375 1773 1413 ἀνωτάτω
1802 1376 1907 1426 τιμὴν
1938 1376 2146 1428 ἀνηνέχθης,
2166 1379 2228 1415 οὐκ
2248 1376 2283 1420 ἐξ
2299 1378 2350 1413 οἷ-

1328 1437 1428 1476 κείων
1447 1438 1575 1484 πόνων,
1593 1437 1671 1474 ἀλλ’
1691 1439 1729 1475 ἐκ
1746 1439 1807 1482 τῆς
1820 1441 1879 1475 τοῦ
1895 1438 1985 1475 Θεοῦ
2001 1437 2128 1490 δωρεᾶς
2139 1468 2148 1482 ,
2166 1437 2225 1475 καὶ
2244 1438 2350 1475 πάλιν

1328 1499 1385 1538 ἐπὶ
1415 1498 1478 1546 τὴν
1497 1498 1667 1550 προτέραν
1697 1500 1885 1543 ἐπανῆλθες
1910 1497 2170 1549 ἀσχημοσύνην,
2194 1498 2252 1536 καὶ
2276 1497 2350 1535 δέον

1327 1561 1539 1607 κολασθῆναι
1571 1561 1752 1611 χαλεπῶς·
1774 1563 1791 1597 ὁ
1822 1560 1857 1597 δὲ
1888 1559 1962 1597 οὐδὲ
1995 1559 2101 1603 οὕτως
2126 1560 2349 1613 ἀπεστράφη,

1328 1623 1404 1661 ἀλλ’
1428 1622 1533 1660 ἔδωκε
1554 1621 1677 1673 μυρίας
1695 1620 1853 1673 ἀφορμὰς
1874 1620 2046 1673 σωτηρίας
2058 1651 2067 1668 ,
2085 1621 2129 1658 δι’
2145 1615 2191 1659 ῶν
2213 1621 2273 1673 ἔσῃ
2291 1622 2350 1672 φί-

1328 1685 1397 1727 λος.
1418 1683 1488 1721 Kal
1506 1686 1523 1720 ὃ
1543 1682 1603 1734 μὲν
1621 1682 1709 1725 Θεὸς
1728 1686 1857 1729 ταῦτα,
1881 1681 1921 1720 σὺ
1944 1681 1978 1719 δὲ
1998 1682 2075 1719 οὐδὲ
2095 1681 2202 1725 οὕτως
2227 1682 2352 1726 ἐθέλεις

1327 1750 1455 1783 πονεῖν.
1477 1744 1545 1782 Καὶ
1570 1744 1669 1786 ποίας
1689 1743 1778 1787 ἄξιος
1805 1742 1865 1794 ἔσῃ
1887 1742 2094 1794 συγγνώμης
2117 1743 2257 1791 λοιπόν,
2278 1747 2351 1787 πῶς

1329 1806 1365 1844 δὲ
1381 1808 1443 1844 οὐκ
1466 1806 1604 1849 εἰκότως
1621 1804 1795 1850 Ἕλληνές
1814 1821 1851 1843 σε
1870 1804 2097 1855 γελάσονται,
2114 1805 2271 1858 καθάπερ
2288 1821 2350 1851 κη-

1328 1865 1419 1916 φῆνά
1433 1881 1510 1902 τινα
1525 1867 1636 1908 ζῶντα
1651 1866 1724 1915 εἰκῇ
1742 1864 1800 1901 καὶ
1822 1864 1955 1914 μάτην,
1978 1865 2021 1901 Εἰ
2036 1863 2103 1916 γὰρ
2117 1863 2262 1910 δυνατὴ,
2280 1879 2349 1915 φη-

1328 1924 1396 1971 σὶν,
1418 1929 1440 1971 ἢ
1460 1927 1543 1976 παρ’
1567 1926 1689 1974 ἃῦμῶν
1711 1924 1915 1976 φιλοσοφία,
1944 1924 2097 1970 δείξατε,
2123 1924 2157 1961 τί
2189 1924 2350 1975 βούλεται

1327 1988 1394 2023 τῶν
1414 1985 1578 2035 ἀμυήτων
1599 1985 1638 2023 τὸ
1655 1987 1801 2032 πλῆθος,
1832 1985 1934 2022 Καλὰ
1952 1984 1996 2022 τὰ
2012 1984 2185 2035 μυστήρια
2204 1984 2263 2022 καὶ
2281 2000 2350 2023 πο-

1327 2043 1438 2081 θεινά·
1460 2044 1536 2081 ἀλλ’
1554 2043 1661 2086 οὐδεὶς
1686 2045 1916 2095 ψυχορραγῶν
1937 2043 2079 2094 λουτρὸν
2100 2042 2348 2094 1)λαμ6ανε-ίτω.

1326 2105 1379 2141 Οὐ
1410 2104 1477 2155 γὰρ
1502 2106 1627 2146 ἐκεῖνος
1658 2106 1726 2141 τῶν
1754 2103 1951 2154 μυστηρίων
1967 2107 1984 2141 ὁ
2004 2104 2144 2155 καιρὸς,
2173 2104 2262 2143 ἀλλὰ
2283 2108 2350 2143 τῶν

1327 2164 1520 2209 διαθηκῶν·
1543 2163 1741 2215 μυστηρίων
1762 2163 1797 2201 δὲ
1828 2164 1964 2214 καιρὸς,
2001 2164 2099 2214 ὑγεία
2117 2167 2260 2215 φρενῶν,
2289 2165 2350 2204 καὶ

1326 2222 1527 2274 σωφροσύνη
1547 2225 1671 2274 ψυχῆς.
1689 2222 1778 2261 Εἰπὲ
1797 2223 1864 2276 γάρ
1882 2239 1961 2274 μοι,
1992 2226 2021 2260 εἷ
2047 2224 2210 2270 διαθήκας
2230 2228 2290 2263 οὐκ
2309 2227 2351 2264 ἅν

1325 2299 1376 2326 τις
1396 2285 1507 2321 ἕλοιτο
1529 2282 1617 2320 οὕτω
1652 2282 1866 2333 διακείμενος
1891 2283 2042 2336 γράψαι·
2070 2283 2133 2321 κᾶν
2159 2284 2275 2337 γράψῃ
2296 2285 2350 2334 δὲ,

1327 2343 1445 2381 δίδωσι
1462 2350 1531 2386 τοῖς
1553 2342 1640 2394 μετὰ
1656 2347 1765 2381 ταῦτα
1781 2344 1892 2389 >ag-Au
1912 2348 1923 2390 (
1937 2343 1993 2381 διὰ
2009 2344 2076 2397 γάρ
2097 2360 2148 2382 “sn
2177 2351 2276 2384 τοῦτο
2292 2347 2350 2384 καὶ

1326 2404 1556 2456 προ-τάττουσι
1576 2403 1676 2441 ταυτὶ
1692 2404 1735 2442 τὰ
1757 2404 1898 2456 ῥήματα
1918 2404 2094 2455 λέγοντες·
2117 2405 2169 2443 ὅτι
2192 2408 2273 2454 ζῶν,
2292 2408 2350 2445 καὶ

1326 2469 1470 2516 φρονῶν,
1496 2465 1553 2502 καὶ
1570 2465 1729 2515 ὑγιαίνων
1749 2465 1954 2511 ἐπισκήπτω
1974 2465 2052 2519 περὶ
2067 2469 2135 2503 τῶν
2153 2469 2327 2517 ἐμαυτοῦ)
2343 2485 2349 2492 ·

1326 2530 1398 2569 πῶς
1421 2527 1462 2565 ἄν
1477 2543 1527 2569 τις
1553 2525 1742 2574 ἐξεστηκὼς
1776 2527 1934 2573 δυνηθείη
1967 2526 2055 2577 μετὰ
2086 2528 2262 2579 ἀκριὸείας
2283 2545 2348 2579 μυ-

1326 2591 1597 2639 σταγωγεῖσθαι;
1632 2590 1676 2626 Εἰ
1709 2586 1775 2640 γὰρ
1808 2587 1887 2640 περὶ
1933 2590 2104 2639 βιωτικῶν
2133 2591 2350 2642 πραγμάτιον

1328 2649 1563 2700 βουλευομένῳ
1583 2651 1643 2687 οὐκ
1660 2648 1699 2686 ἂν
1720 2648 1941 2700 ἐπιτρέψαιεν
1962 2652 1991 2687 οἱ
2008 2652 2075 2687 τῶν
2090 2649 2212 2693 ἔξωθεν
2231 2651 2348 2701 νόμοι,

1322 2712 1371 2761 τῷ
1393 2709 1441 2759 μὴ
1465 2711 1596 2762 σφόδρα
1622 2710 1809 2761 ὑγιαίνοντι
1832 2710 2091 2755 διατάττεσθαι,
2110 2711 2296 2749 καὶταῦτα
2313 2715 2346 2750 ἐν

1325 2776 1394 2813 τοῖς
1416 2773 1519 2808 αὐτοῦ
1552 2769 1714 2819 μέλλοντι
1740 2773 1934 2820 νομοθετεῖν
1952 2786 1959 2791 ·
1980 2773 2053 2813 πῶς
2073 2771 2152 2822 περὶ
2171 2773 2347 2822 βασιλείας

1325 2833 1475 2883 οὐρανῶν
1498 2830 1677 2881 μανθάνων
1689 2862 1698 2878 ,
1714 2831 1773 2868 καὶ
1791 2834 1859 2868 τῶν
1877 2831 2081 2883 ἀπορρήτων
2103 2832 2241 2869 ἐκείνων
2263 2836 2346 2886 ἀγα-

1325 2894 1406 2939 θῶν,
1435 2891 1564 2942 δυνήσῃ
1588 2893 1705 2942 σαφῶς
1723 2891 1838 2929 πάντα
1855 2895 1975 2942 μαθεῖν
1994 2922 2003 2939 ,
2017 2892 2184 2936 πολλάκις
2203 2893 2262 2931 καὶ
2281 2911 2347 2932 πα-

1325 2951 1459 3004 ραπλὴξ
1481 2952 1547 2989 ὑπὸ
1566 2955 1627 2997 τῆς
1650 2951 1846 3003 ἀρρωστίας
1858 2952 2057 3002 γενόμενος,
2075 2953 2158 2991 πότε
2175 2953 2210 2991 δὲ
2229 2954 2272 2991 τὰ
2286 2955 2346 3006 ῥή-

1325 3028 1418 3063 ματα
1442 3014 1555 3050 ἐκεῖνα
1573 3011 1657 3064 πρὸς
1676 3012 1734 3049 τὸν
1760 3012 1909 3062 Χριστὸν
1938 3015 2024 3063 ἐρεῖς
2040 3042 2050 3060 ,
2071 3014 2346 3065 συνθαπτόμενος

1323 3076 1415 3124 αὐτῷ
1430 3103 1439 3121 ,
1455 3072 1589 3122 μέλλων
1619 3072 1822 3123 ἀποπηδᾷνς
1842 3071 1912 3110 ΚαὶΙ
1933 3071 1999 3124 γὰρ
2029 3073 2088 3110 καὶ
2114 3073 2170 3112 διὰ
2198 3078 2266 3112 τῶν
2285 3075 2342 3127 ἔρ-

1321 3149 1402 3185 γων,
1421 3133 1479 3171 καὶ
1500 3132 1556 3171 ’διὰ
1575 3134 1641 3170 τῶν
1659 3132 1823 3184 ῥημάτων
1843 3132 2098 3171 ἐπιδείκνυσθαι
2115 3134 2184 3186 χρὴ
2208 3135 2269 3182 τὴν
2285 3136 2344 3173 εὔ-

1379 3261 1394 3284 ¹¹
1420 3259 1558 3301 [Morel.
1588 3271 1661 3291 eum
1682 3266 1747 3291 vet.
1768 3258 1858 3290 Edit.
1876 3266 1907 3290 et
1932 3260 1970 3290 D.
1989 3263 2145 3302 ἱειμῖάνει.
2166 3261 2201 3290 Α.
2221 3260 2287 3292 C...
2309 3266 2342 3294 τὸ

1334 3315 1455 3349 πλῆθος·
1472 3318 1494 3344 εἰ
1510 3316 1628 3344 καλὰ...
1646 3316 1765 3346 ποθεινὰ
1780 3314 1921 3353 μηδεὶς...
1940 3315 2128 3353 λαμνΐανέτω.
2143 3310 2243 3351 Quod
2262 3323 2339 3345 vero

1332 3374 1347 3394 e
1362 3362 1483 3396 savilio
1501 3363 1629 3406 repetiit
1642 3361 1759 3395 Montf.
1774 3366 2070 3405 ο)δεἰς,.λαμέαυέτω
2086 3363 2248 3398 solcecum
2261 3368 2339 3409 est]
