2502 3810
733 221 773 249 lx
814 219 954 248 lzt‘tST.

86 318 121 339 σε
146 304 265 352 φιλῶν,
288 301 346 338 καὶ
361 307 474 338 πᾶσαν
492 300 698 352 φιλονεικίαν
720 301 893 351 ἐχοίλασας
905 328 914 345 ,
938 302 950 318 ³
963 297 1021 335 καὶ
1036 302 1102 334 πᾶ-

86 377 147 399 σαν
181 360 296 412 ψυχὴν
316 361 500 411 ε’μάλαξας.
524 359 572 398 Ἢ
589 361 655 412 γὰρ
673 361 741 398 ἀπὸ
761 361 954 412 φλεγμονῆς
971 358 1102 408 γίνεται

84 421 124 459 τὸ
141 420 278 471 νόσημα
293 425 412 468 τοῦτο,
435 420 456 467 ἢ
479 421 546 459 ἀπὸ
563 421 779 473 ψυχρότητος
791 436 798 443 ·
829 421 903 458 ἀλλ’
926 418 1103 469 ἀμφότερα

85 483 106 526 ἡ
128 482 189 525 τῆς
217 480 354 531 ἀγάπης
372 481 514 532 δύναμις
534 483 685 532 διορθοῦν
705 481 802 519 εἴωθε
824 484 866 532 τῇ
900 478 1099 530 θερμότητι.

86 543 166 592 Οὐχ
192 543 274 593 ὁρᾷς
300 540 376 584 τοὺς
396 544 547 594 αἰσχρῶς
575 544 725 594 ἐρῶντας
748 539 1019 593 ῥαπιζομένοις,
1041 539 1106 588 ἐμ-

87 601 315 651 πτυομένους,
347 601 628 652 ὀνειδιζομένους,
657 602 763 653 μυρία
788 600 987 652 πάσχοντας
1014 597 1107 636 δεινὰ

87 662 153 700 ὑπὸ
172 665 240 699 τῶν
255 662 514 713 πορνευομένων
531 664 701 713 γυναικῶν
719 661 878 709 ἐκείνων,
897 659 944 698 Τί
963 654 1020 698 οὖν
1036 657 1108 701 ἐξέ-

87 724 170 760 λυσε
190 727 306 761 τοῦτον
328 723 384 760 τὸν
404 722 540 775 ἔρωτα,
573 722 617 760 τὰ
650 725 718 760 ’τῶν
742 723 894 774 ῧὸρεων;
913 722 1108 770 Οὐδαμῶς,

91 783 180 821 ἀλλὰ
200 784 259 821 καὶ
277 785 407 834 μᾶλλον
420 785 560 835 οἷν-ἧψεν·
575 784 688 821 καίτοι
703 799 741 834 γε
753 786 789 820 αἱ
801 782 862 834 μὲν
872 785 981 819 ταῦτα
996 783 1113 818 ποιοῦ-

90 860 150 881 σαι
167 844 254 894 μετὰ
270 849 328 882 τοῦ
343 844 566 894 πορνεύεσθαι
585 845 643 881 καὶ
665 844 799 894 ἀσήμου
822 842 937 894 γένους
960 840 1025 878 εἶσὶ
1053 840 1112 877 καὶ

94 907 266 952 εὐτελοῦς,
295 908 326 943 οἱ
346 905 381 943 δὲ
401 905 594 956 πάσχοντες
612 905 779 947 πολλάκις
797 902 976 955 λαμπροὺς
995 902 1112 953 ἔχουσι

93 966 278 1018 προγόνους
312 969 484 1018 ἀριθμεῖν,
512 966 570 1003 καὶ
606 965 738 1010 πολλὴν
759 965 869 1010 ἄλλην
889 962 1112 1015 περιφάνειαν

92 1027 223 1078 λέγειν·
246 1029 322 1065 ἀλλ’
343 1027 435 1076 ὅμως
464 1025 567 1063 Ῑόὐδὲ
595 1029 695 1064 τοῦτο
729 1024 847 1067 αὐτοὺς
881 1023 1016 1071 ἐκλύει,
1037 1022 1113 1061 οὐδὲ

96 1086 264 1138 αρίστησι
280 1090 342 1132 τῆς
360 1085 548 1138 ἐρωμένης.

153 1452 243 1496 Εἶτα
266 1459 326 1494 οὐκ
362 1456 596 1507 αἰσχυνόμεθα
615 1486 623 1502 ,
645 1455 728 1502 ὅσην
747 1458 763 1493 ὁ
784 1458 842 1493 τοῦ
871 1455 1032 1493 διαῧόλου
1062 1454 1121 1492 καὶ

107 1521 176 1555 τῶν
214 1517 388 1568 δαιμόνων
422 1516 507 1570 ἔρως
539 1516 638 1567 ἰσχὺν
675 1516 764 1568 ἔχει,
787 1515 916 1561 ταύτην
945 1518 981 1554 οὗ
1018 1515 1119 1553 δυνά-

106 1594 205 1628 μενοι
227 1577 307 1629 περὶ
324 1577 386 1623 τὴν
406 1576 495 1615 κατὰ
524 1576 612 1616 Θεὸν
631 1576 796 1620 ἐπιδεῖξαι
824 1576 962 1628 φιλίαν;
985 1578 1046 1614 οὐκ
1072 1578 1123 1614 ἐν·

104 1645 212 1686 νοεῖς,
231 1638 285 1676 ὅτι
302 1642 401 1676 τοῦτο
431 1637 593 1688 μέγιστόν
614 1639 705 1674 ἐστιν
729 1636 834 1675 ὅπλον
854 1635 944 1674 κατὰ
962 1641 1021 1674 τοῦ
1046 1637 1121 1674 δια-

105 1699 228 1745 δόλου,
249 1699 286 1735 οὐ
304 1705 467 1750 συνορᾷς,
489 1697 541 1736 ὅτι
557 1698 774 1749 παρέστηκεν
791 1700 808 1735 ὃ
824 1698 971 1750 πονηρὸς
991 1697 1123 1747 δαίμων

105 1763 232 1803 ἐκεῖνος
243 1789 252 1807 ,
268 1759 376 1797 ἕλκων
393 1759 477 1810 πρὸς
497 1758 616 1796 ἑαυτὸν
632 1758 689 1796 τὸν
711 1758 918 1809 μισούμενον
932 1789 941 1806 ,
961 1759 1019 1796 καὶ
1037 1762 1124 1810 Αβου-

105 1821 249 1869 λόμενος
268 1822 520 1866 πλεονεκτῆσαι
539 1820 578 1857 τὸ
598 1819 717 1870 μέλος,
733 1819 773 1858 σὺ
808 1819 843 1858 δὲ
873 1820 1125 1873 παρατρέχεις,

105 1882 164 1919 καὶ
187 1881 226 1919 τὸ
245 1880 392 1919 ἔπαθλον
416 1880 586 1932 προδίδως
604 1884 666 1926 τῆς
687 1880 826 1932 μάχης,
845 1880 915 1918 Καὶ
944 1880 1010 1932 γὰρ
1039 1881 1127 1918 ἔπα-

107 1945 183 1980 θλον
202 1945 219 1979 ὃ
239 1941 384 1993 ἀδελφὸς
404 1944 437 1979 ἐν
455 1943 504 1992 τῷ
523 1941 618 1992 μέσῳ
637 1947 750 1979 κεῖται
767 1957 773 1964 ·
796 1941 859 1979 κᾶν
878 1942 1042 1993 περιγένῃ
1054 1972 1063 1989 ,
1087 1941 1127 1979 σὺ

107 2003 164 2041 τὸν
180 2002 345 2053 στέφανον
363 2001 484 2045 ἔλαὸἐς
500 2018 506 2025 ·
525 2001 563 2039 ἂν
582 2001 617 2040 δὲ
643 2002 847 2054 ῥᾳθυμήσῃς
859 2031 868 2049 ,
890 2003 1128 2054 ἀστεφάνωτος

110 2062 347 2115 ἀνεχώρησας.
367 2063 508 2099 Παῦσαι
524 2062 637 2100 τοίνυν
651 2063 690 2100 τὸ
710 2063 892 2101 σατανικὸν
908 2066 1017 2101 ἐκεῖνο
1031 2067 1130 2116 φθεγ-

110 2122 254 2173 γόμενος
275 2125 371 2174 ῥῆμα
386 2152 395 2169 ,
411 2127 426 2142 ⁰
439 2122 491 2161 ὅτι
511 2123 570 2161 ἐὰν
591 2122 737 2175 ἀδελφός
767 2138 831 2174 μου
863 2127 948 2174 μισῇ
973 2141 1036 2175 με,
1053 2124 1130 2162 οὐδὲ

110 2185 192 2221 ἰδεῖν
227 2183 328 2220 αὐτὸν
366 2183 547 2234 βούλομαι.
569 2183 680 2223 Οὐδὲν
710 2185 777 2236 γὰρ
811 2185 1034 2238 αἰσχρότερον
1069 2189 1129 2224 τοῦ

113 2244 265 2296 ῥήματος
284 2243 404 2281 τούτου
418 2275 427 2292 ,
447 2244 560 2282 καίτοι
579 2261 618 2295 γε
647 2247 800 2296 εὐγενοῦς
831 2246 914 2284 αὐτὸ
933 2248 1047 2298 ψυχῆς
1067 2248 1131 2284 “si-

111 2321 184 2355 γμα
215 2298 304 2342 εἶναι
335 2304 486 2342 τίθενται
519 2308 549 2343 οἱ
579 2305 718 2343 πολλοί·
743 2308 818 2344 ἀλλ’
854 2306 975 2345 (Ῐοῦδὲν
1000 2307 1129 2345 τούτων

111 2363 371 2415 δυσγενέστερον
392 2364 466 2402 οὐδὲ
502 2365 725 2418 ἀνοητότερον
759 2366 834 2405 οὐδὲ
861 2367 1048 2418 ὠμότερον.
1069 2369 1133 2407 Διὸ

111 2426 152 2472 ’δὴ
165 2426 319 2475 μάλιστα
338 2425 397 2464 καὶ
410 2429 542 2473 πενθῶ,
557 2426 611 2465 ὅτι
622 2426 666 2464 τὰ
683 2430 744 2473 τῆς
760 2428 887 2472 κακίας
905 2431 1030 2481 ἀρετῆς
1044 2422 1132 2467 εἶναι

113 2486 306 2535 νομίζουσιν
324 2488 354 2523 οἳ
371 2486 493 2525 πολλοὶ
508 2516 517 2533 ,
537 2487 596 2525 καὶ
618 2490 790 2540 ὑπερορᾷν
815 2488 874 2526 καὶ
890 2495 1133 2541 καταφρονεῖν,

115 2546 277 2597 λαμπρὸν
304 2545 414 2589 ἔδοξεν
436 2540 522 2584 εἶναι
549 2547 609 2584 καὶ
628 2548 751 2598 σεμνόν
768 2564 775 2571 ·
796 2549 881 2600 ὅπερ
900 2550 1046 2601 μεγίστη
1066 2566 1134 2588 πα·

116 2606 167 2657 γίς
186 2609 259 2644 ἐστι
277 2610 337 2643 τοῦ
353 2606 513 2644 διαὸόλου
527 2637 536 2653 ,
553 2607 592 2644 τὸ
606 2608 665 2644 καὶ
685 2607 816 2659 ἀγαθὴν
832 2613 1022 2660 περιθεῖναι
1038 2610 1136 2654 δόξαν

118 2671 160 2718 τῆ
182 2666 330 2718 πονηρίᾳ
348 2682 354 2689 ·
378 2667 429 2704 διὸ
449 2667 507 2703 καὶ
527 2667 791 2711 δυσεξάλειπτος
806 2669 951 2720 γίνεται.
974 2670 1044 2708 Καὶ
1069 2671 1136 2723 γὰρ

117 2729 255 2765 πολλῶν
275 2725 383 2777 ἔγωγε
395 2726 528 2772 ἤκουσα
544 2726 804 2777 σεμνυνομένων
821 2729 878 2766 ἐπὶ
893 2732 951 2782 τῷ,
963 2730 1010 2780 μὴ
1026 2746 1137 2782 προσ-

119 2788 228 2826 ίῑσθαι
248 2786 326 2830 τοὺς
345 2787 667 2840 ἀποστρεφομένους
685 2789 804 2832 αὐτούς
819 2805 826 2812 ·
844 2790 956 2828 καίτοι
976 2808 1015 2842 γε
1035 2795 1053 2829 ὃ
1071 2794 1137 2830 Δε-

121 2849 251 2895 σπότης
268 2864 328 2886 σου
344 2848 403 2886 καὶ
419 2848 716 2900 ἐγκαλλωπίζεται
741 2849 862 2903 τούτῳ.
880 2852 1038 2895 Ποσάκις
1058 2857 1138 2904 γοῦν

119 2909 219 2947 αὐτὸν
240 2908 426 2952 διέπτυσαν
446 2909 644 2960 ἄνθρωποι,
669 2910 817 2954 ποσάκις
845 2913 1138 2965 ἀπεστράφησαν;

120 2969 218 3012 αὐτὸς
238 2969 274 3007 δὲ
293 2970 330 3007 οὗ
349 2968 496 3007 παύεται
513 2970 718 3022 ἐπιτρέχων.
746 2971 808 3018 Μὴ
826 2971 938 3010 τοίνυν
968 2974 1044 3025 λέγε
1059 3003 1068 3020 ,
1089 2974 1142 3012 ὅτι

123 3031 159 3066 οὐ
181 3029 330 3080 δύναμαι
350 3029 554 3081 προσίεσθαι
570 3030 648 3074 τοὺς
663 3035 864 3081 μισοῦντας,
882 3034 958 3070 ἀλλ’
981 3034 1072 3083 εἰπὲ,
1090 3034 1143 3072 ὅτι

125 3090 162 3125 οὐ
181 3087 331 3139 δύναμαι
356 3090 546 3129 διαπτύσαι
565 3091 642 3139 τοὺς
675 3091 912 3136 διαπτύοντας.
943 3095 1057 3132 Τοῦτο
1085 3099 1144 3132 τοῦ

997 215 1053 245 Αἰ)
1085 215 1172 244 ROM
1185 233 1192 242 .

1158 3129 1206 3154 7212

1234 212 1387 242 noun„
1427 210 1570 239 xxvii.
2059 188 2148 251 795

1175 293 1242 331 hoc
1274 293 1378 341 enim,
1413 292 1540 343 inquit,
1574 289 1708 328 faciunt
1733 288 1861 329 ethnici
1895 296 1926 325 et
1955 285 2149 338 publicani.

1177 353 1282 402 Quod
1300 354 1327 392 si
1347 354 1495 404 quisque
1513 352 1699 403 diligentes
1714 364 1749 387 se
1763 349 1898 400 diligit,
1918 362 1975 386 eos
1994 347 2054 398 qui
2070 346 2152 384 odio

1175 415 1290 452 habiti
1315 414 1487 465 diligunt,
1515 413 1594 463 quis
1615 426 1682 450 non
1707 410 1898 448 dilexerit?
1933 410 2009 446 Hoc
2036 408 2154 458 itaque

1178 477 1359 526 exhibeto,
1397 484 1431 512 et
1449 489 1491 512 ne
1512 475 1619 512 finem
1646 474 1753 511 facias
1772 470 2013 525 hoc-dicendi,
2042 482 2154 519 quan-

1178 546 1407 586 tumcumque
1438 549 1493 573 me
1510 535 1591 572 odio
1610 534 1740 571 habeas
1750 564 1761 582 ,
1782 542 1816 570 te
1833 532 1981 583 diligere
2000 544 2067 567 non
2084 544 2156 567 ces-

1179 598 1279 647 sabo,
1303 606 1336 634 et
1358 610 1497 634 omnem
1517 597 1773 633 contentionem
1793 593 1934 637 sedasti,
1958 600 1991 628 et
2016 604 2158 628 omnem

1181 659 1339 696 animum
1357 657 1575 696 emollivisti.
1596 656 1746 694 Morbus
1764 655 1857 693 enim
1875 654 1934 692 hic
1955 662 2016 690 aut
2037 666 2082 690 ex
2104 652 2157 688 in-

1182 718 1419 758 flammatione
1433 717 1559 763 oritur,
1576 725 1637 753 aut
1652 730 1697 754 ex
1710 716 1905 766 frigiditate
1921 730 1927 750 :
1944 714 2005 751 sed
2023 713 2161 762 utrique

1182 780 1381 818 dilectionis
1391 779 1446 818 vis
1457 793 1500 817 ex
1509 779 1634 816 ardore
1646 791 1708 815 suo
1720 776 1851 814 mederi
1864 776 1960 814 solet.
1973 777 2052 812 Non
2063 773 2161 812 vides

1184 851 1304 893 turpes
1323 841 1402 878 illos
1422 848 1608 887 amatores,
1642 847 1681 874 ut
1710 837 1844 889 alapas,
1879 845 1996 888 sputa,
2026 850 2162 887 oppro—

1184 901 1262 938 bria
1281 911 1314 939 et
1334 901 1518 938 innumera
1540 899 1632 936 mala
1652 898 1837 949 patiuntur
1856 912 1875 935 a
1894 897 2103 934 mulieribus
2121 896 2163 932 il<

1185 962 1229 999 lis
1246 959 1515 999 meretricibus?
1535 958 1633 1004 Quid
1651 971 1733 1008 ergo
1746 958 1842 994 hunc
1858 958 1968 995 solvet
1982 971 2136 994 amorem
2147 958 2164 993 ἱ)

1188 1021 1432 1059 contumeliae?
1457 1021 1701 1068 Nequaquam,
1726 1018 1796 1055 imo
1816 1019 1928 1069 magis
1948 1019 2135 1056 accendent
2155 1033 2162 1052 ε

1188 1081 1325 1119 etiamsi
1353 1081 1424 1117 illae
1443 1095 1520 1130 quae
1550 1080 1625 1116 liaec
1644 1079 1788 1125 faciunt,
1820 1088 2051 1130 praeterquam
2070 1078 2169 1128 quod

1189 1151 1301 1180 scorta
1325 1151 1421 1191 sunt,
1455 1155 1500 1178 ex
1530 1140 1680 1178 obscuro
1700 1149 1733 1177 et
1763 1140 1825 1178 vili
1850 1153 1973 1190 genere
1993 1139 2081 1189 sint;
2110 1139 2170 1189 qni

1191 1217 1276 1240 vero
1304 1202 1381 1240 haec
1401 1202 1608 1254 patiuntur,
1637 1201 1748 1238 claros
1777 1214 1865 1252 saepe
1889 1200 2020 1252 possint
2042 1213 2171 1251 proge-

1193 1264 1323 1302 nitores
1355 1276 1552 1311 numerare,
1580 1271 1614 1299 et
1632 1261 1701 1299 alia
1729 1255 1864 1298 ratione
1884 1261 2038 1298 illustres
2068 1260 2138 1297 sint
2162 1276 2168 1296 ε

1194 1335 1347 1364 attamen
1367 1339 1410 1363 ne
1427 1325 1494 1362 hoc
1514 1323 1657 1375 quidem
1678 1323 1757 1360 illos
1777 1322 1894 1370 solvit,
1916 1336 1976 1360 nec
1996 1322 2041 1358 ab
2060 1330 2175 1360 ainata

1194 1387 1329 1425 avellit.

1248 1449 1284 1486 4.
1303 1448 1426 1484 Annon
1442 1445 1697 1492 erubescimus,
1708 1444 1803 1495 quod
1819 1458 1887 1482 non
1907 1453 2039 1482 tantam
2055 1458 2177 1482 secun-

1198 1509 1285 1546 dum
1298 1510 1413 1546 Deum
1426 1506 1651 1544 dilectionem
1671 1506 1840 1543 exhibere
1858 1505 2048 1557 possimus,
2065 1520 2177 1555 quan·

1198 1578 1271 1606 tam
1289 1568 1351 1606 illa
1376 1568 1432 1605 vis
1455 1567 1624 1604 diabolici
1643 1576 1676 1604 et
1694 1566 1901 1607 daemoniaci
1932 1567 2089 1604 amoris?
2109 1581 2177 1605 non

1198 1631 1331 1681 cogitas
1354 1629 1422 1666 hoc
1449 1628 1647 1666 maximum
1676 1642 1749 1665 esse
1773 1628 1881 1666 telum
1905 1636 2024 1665 contra
2049 1627 2179 1665 diabo-

1198 1690 1301 1727 lum?
1324 1691 1400 1727 Non
1423 1688 1622 1727 consideras
1640 1687 1737 1738 quod
1752 1688 1867 1726 malus
1883 1688 1943 1725 ille
1961 1688 2098 1725 daemon
2120 1688 2178 1726 in-

1199 1760 1266 1789 stet
1296 1749 1457 1800 illudque
1493 1763 1641 1787 exosum
1672 1749 1873 1786 membrum
1906 1748 1951 1786 ad
1978 1763 2014 1786 se
2045 1749 2177 1796 trahat,

1199 1824 1373 1861 suumque
1391 1810 1503 1847 facere
1522 1809 1692 1847 conetur?
1713 1818 1751 1846 tu
1772 1823 1855 1847 vero
1871 1810 2124 1861 praetercurris,
2148 1818 2183 1848 et

1202 1887 1328 1925 pugnae
1353 1871 1543 1924 praemium
1571 1870 1720 1923 prodis?
1740 1872 1832 1908 Nam
1861 1870 1973 1909 veluti
1993 1871 2181 1923 prcemium

1202 1936 1238 1973 in
1252 1935 1369 1973 medio
1379 1935 1471 1986 jacet
1491 1935 1611 1971 frater:
1623 1933 1648 1970 si
1671 1933 1810 1981 viceris,
1829 1947 1994 1971 eoronam
2011 1933 2161 1985 accipies
2172 1948 2181 1981 3

1203 1997 1256 2035 sin
1275 1997 1403 2048 ignave
1417 2009 1514 2046 agas,
1535 1994 1758 2032 incoronatus
1775 1994 1945 2032 discedes.
1963 1994 2086 2032 Finem
2102 2008 2184 2045 ergo

1203 2059 1258 2096 sac
1277 2056 1472 2096 satanicum
1501 2055 1594 2093 illud
1623 2055 1757 2092 dictum
1787 2054 2001 2106 proferendi,
2022 2054 2060 2094 Si
2080 2056 2187 2092 frater

1204 2134 1301 2157 meus
1316 2133 1372 2156 me
1391 2117 1516 2167 oderit,
1536 2131 1579 2155 ne
1598 2117 1721 2154 videre
1732 2116 1875 2167 quidem
1892 2117 1995 2154 illum
2009 2116 2103 2155 volo.
2119 2116 2184 2154 Ni—

1205 2180 1257 2217 hil
1275 2180 1368 2218 enim
1388 2178 1528 2229 turpius
1547 2177 1615 2214 hoc
1633 2176 1740 2225 dicto,
1760 2177 1896 2214 etiamsi
1917 2176 2006 2214 illud
2025 2176 2187 2228 generosi

1204 2255 1277 2279 esse
1304 2240 1414 2278 animi
1435 2247 1560 2290 putent
1578 2238 1682 2275 multi
1700 2247 1754 2275 :at
1778 2238 1870 2275 nihil
1886 2238 1943 2275 his
1976 2238 2185 2288 ignobilius,

1205 2301 1367 2351 stultius,
1399 2299 1608 2337 immanius.
1639 2298 1723 2336 Ideo
1754 2298 1910 2335 maxime
1945 2297 2062 2344 doleo,
2093 2298 2189 2348 quod

1207 2363 1311 2401 multi
1337 2369 1461 2415 putent
1479 2375 1530 2409 ea,
1549 2373 1626 2410 quac
1647 2359 1692 2396 ad
1718 2359 1891 2397 malitiam
1909 2360 2100 2412 pertinent,
2119 2374 2192 2398 esse

1206 2424 1395 2462 virtutem:
1409 2435 1449 2459 ac
1464 2419 1561 2471 quod
1576 2419 1757 2471 despicere
1772 2429 1805 2457 et
1827 2429 2059 2469 contemnere,
2077 2420 2189 2472 splen-

1207 2484 1335 2522 didum
1364 2492 1398 2521 et
1420 2483 1607 2519 honestum
1628 2480 1794 2519 videatur
1816 2494 1900 2518 esse.
1921 2481 1990 2518 Hic
2011 2481 2190 2518 maximus

1208 2555 1259 2584 est
1278 2544 1413 2584 diaboli
1427 2544 1588 2593 laqueus,
1604 2541 1698 2591 quod
1717 2542 1882 2591 nequitiae
1896 2543 1987 2579 bona
2007 2543 2188 2579 tribuatur

1208 2608 1318 2644 fama:
1336 2617 1444 2655 quare
1459 2602 1607 2640 difficile
1621 2611 1670 2639 est
1682 2602 1816 2639 malum
1831 2602 1898 2639 hoc
1914 2602 2035 2639 deleri.
2049 2603 2190 2640 Etenim

1210 2668 1339 2705 multos
1349 2680 1413 2717 ego
1426 2664 1550 2702 audivi
1568 2663 1871 2714 gloriantes‚quod
1884 2663 1952 2700 sibi
1967 2663 2190 2702 adversantes

1210 2742 1279 2765 non
1295 2726 1455 2764 adirent:
1471 2723 1567 2774 atqui
1589 2723 1764 2761 Dominus
1784 2732 1865 2761 tuus
1888 2723 1923 2760 in
1943 2738 1979 2761 ea
1996 2738 2034 2760 re
2054 2724 2190 2774 gloria-

1212 2800 1281 2829 tur.
1303 2788 1450 2835 Quoties
1473 2787 1576 2823 illum
1595 2786 1755 2823 homines
1775 2786 2038 2839 conspuerunt?
2056 2786 2192 2836 quoties

1213 2849 1365 2888 aversati
1386 2848 1492 2885 sunt?
1513 2846 1572 2883 ille
1591 2859 1674 2884 vero
1700 2859 1769 2882 non
1792 2854 1900 2883 cessat
1919 2860 2115 2884 accurrens.
2142 2848 2194 2884 Ne

1212 2913 1324 2963 igitur
1338 2910 1449 2958 dicas,
1463 2909 1524 2945 Me
1539 2906 1621 2944 odio
1639 2906 1807 2944 hahentes
1826 2906 1923 2944 adire
1938 2921 2006 2944 non
2021 2921 2164 2959 possum
2179 2923 2190 2956 5

1214 2971 1276 3010 sed
1307 2971 1379 3018 dic,
1392 2971 1610 3020 Respuentes
1628 2980 1684 3003 me
1701 2980 1865 3018 respuere
1882 2980 2027 3017 nequeo.
2047 2968 2122 3005 Hoc
2140 2968 2194 3005 di-

1216 3042 1312 3070 etum
1332 3039 1383 3068 est
1404 3027 1574 3080 discipuli
1592 3026 1748 3076 Christi3
1766 3036 1804 3063 ut
1819 3026 1912 3064 illud
1926 3027 2025 3064 aliud
2038 3027 2194 3077 diaboli5

1218 3086 1286 3131 lioc
1306 3093 1462 3129 illustres
1481 3089 1563 3127 fecit
1581 3097 1614 3125 et
1639 3087 1764 3135 claros,
1784 3087 1884 3124 aliud
1915 3102 1998 3126 vero
2020 3097 2139 3140 turpes
2159 3102 2199 3126 ac

128 3151 283 3204 μαθητοῦ
304 3152 363 3186 τοῦ
381 3151 533 3201 Χριστοῦ
552 3152 592 3189 τὸ
613 3154 708 3203 ῥῆμα
722 3183 732 3201 ,
754 3155 800 3196 ὡς
829 3152 868 3191 τό
890 3169 927 3204 γε
948 3153 1063 3206 ἕτερον
1086 3161 1145 3194 τοῦ
1171 3166 1197 3195 Λ
1221 3153 1401 3192 ridiculos.
1416 3151 1499 3189 Ideo
1525 3149 1698 3186 miramur
1716 3149 1894 3199 Moysem,
1914 3148 2009 3199 quod
2028 3149 2104 3202 ipso
2124 3152 2200 3188 Deo

174 3271 186 3285 ⁸
203 3261 274 3302 [καὶ
291 3269 386 3295 πᾶσαν
405 3267 483 3304 ψῦξιν
500 3268 633 3303 ἑξέέαὶες
647 3265 701 3310 Α.]

178 3314 193 3337 b
211 3313 313 3354 [οὐδὲν
327 3316 436 3346 τούτων
453 3313 568 3357 idem]

183 3370 278 3405 Ἵέτι
302 3369 351 3397 ἐὰν
373 3368 388 3398 ὸ
413 3369 618 3409 ὀρθαλμὸςηη
646 3372 732 3403 αὐτὸν
758 3372 883 3413 δύναμαι
917 3373 952 3403 Α.
981 3379 1012 3405 ct
1034 3384 1137 3416 marg.

1205 3268 1322 3310 SaviL]

1248 3321 1261 3339 ‘¹
1280 3321 1382 3363 [οὐδὲν
1398 3320 1500 3352 τούτου
1518 3318 1557 3355 δ.,
1575 3318 1653 3350 οᾶῧὲν
1666 3321 1726 3356 ἀι,
1743 3317 1822 3348 οὐδὲν
1843 3324 2016 3362 μωρότερον
2031 3316 2142 3352 iidem.
2163 3320 2204 3351 Et

1206 3383 1284 3405 mox
1302 3378 1408 3415 ἀρετῆς
1422 3371 1492 3403 εἶναι
1509 3374 1655 3410 ιοχιὲζετε,
1674 3371 1722 3401 καὶ
1738 3372 1771 3401 τὸ
1791 3369 1965 3412 υπε,εορᾷν.]

2169 300 2282 328 Jsalth.
2294 297 2320 327 5.
