2466 3805
662 250 707 282 lx
742 253 857 284 ACTA

87 332 202 372 τούτου
219 333 277 370 καὶ
294 332 528 385 δεσμωτήριον
541 333 664 385 ᾤκουν,
687 333 708 379 ἢ
730 334 853 387 μυρίας
869 333 991 372 ἔλαὲον
1010 335 1100 378 πλη·

85 394 147 444 γὰς
161 423 170 439 ,
193 393 214 439 ἢ
238 396 285 436 εἷς
307 393 462 444 μέταλλα
484 394 680 445 ἐτύγχανον,
700 397 760 433 οὐκ
790 395 830 433 ἂν
851 395 971 433 τούτου
997 393 1100 432 πλέον

84 454 233 504 ἤλγησα.
251 456 361 507 Χεῖρα
377 454 489 492 τοίνυν
514 454 663 508 ὂρέξατε.
680 455 892 502 Ἐννοήσατε
915 455 1004 508 γὰρ,
1024 455 1102 498 ὅσος

84 514 248 561 κίνδυνος,
270 514 358 564 μηδὲ
389 515 429 553 τὸ
451 514 658 566 μικρότατον
687 520 786 555 τοῦτο
811 516 1043 568 (μικρότατον
1065 514 1101 553 δὲ

84 574 287 626 λέγω,ὁ’σον
317 578 364 619 εἷς
398 575 499 613 πόνον
527 575 629 624 ἥκει)
651 577 840 623 δυνηθῆναι
868 579 1100 629 κατορθῶσαι.

84 634 132 672 Τί
154 636 221 687 ἐρῶ
239 635 317 673 τότε
336 635 606 687 ἐγκαλούμενος,
639 636 731 674 διατί
762 636 809 687 μὴ
838 636 1099 688 *διηλέγχθηω

85 695 176 733 διατί
209 695 256 746 μὴ
284 696 467 743 ἐπέταξας,
496 696 587 734 διατί
617 696 664 746 μὴ
695 697 798 747 νόμον
831 697 976 744 ἔθηκας,
1008 696 1101 733 διατί

84 756 161 800 τοὺς
185 757 232 807 μὴ
256 757 478 808 πειθομένους
503 760 565 795 οὐκ
596 758 791 804 ἐκώλυσας,
809 760 886 796 Οὐκ
915 759 1013 808 ἀρκεῖ
1041 773 1099 807 μοι

84 819 204 864 εἰπεῖν,
221 818 273 856 ὅτι
295 818 510 864 ἐνουθέτησα.
529 817 634 856 Ἀλλὰ
649 818 707 854 καὶ
724 817 969 869 σφοδροτέρας,
983 817 1099 868 φησὶν,

84 878 316 928 ἐπιτιμήσεως
339 879 425 916 ἔδει·
442 878 515 916 ἐπεὶ
535 878 594 916 καὶ
619 881 637 915 ὃ
661 878 762 915 Ἠλεὶ
794 877 973 915 ἐνουθέτει.
995 876 1099 914 Ἀλλὰ

84 937 131 987 μὴ
149 938 281 989 γένοιτο
300 942 389 990 ὑμᾶς
409 938 550 981 ἐκείνοις
568 937 783 990 παραὸαλεῖν
804 942 874 979 τοῖς
888 936 999 973 παισί.
1022 938 1098 974 Κᾶ-

84 1004 192 1042 κεῖνος
212 999 398 1046 ἐνουθέτει,
418 999 477 1036 καὶ
507 998 623 1049 ἔλεγε·
644 996 704 1043 Μὴ
739 996 865 1043 τέκνα,
895 996 942 1047 μὴ
968 1001 1098 1034 ποιεῖτε

82 1060 186 1097 οὕτω·
213 1059 348 1110 πονηρὰ
375 1063 396 1105 ἡ
427 1058 533 1104 ἀκοὴ,
559 1059 600 1104 ἣν
631 1057 700 1109 ἐγὼ
728 1057 842 1095 ἀκούω
877 1057 958 1108 περὶ
988 1060 1096 1107 ὑμῶν.

82 1119 185 1158 Ἀλλὰ
206 1123 375 1171 προϊοῦσα
403 1122 424 1164 ἡ
450 1118 572 1170 Γραφή
607 1133 723 1170 φησιν,
755 1117 807 1155 ὅτι
836 1118 898 1154 οὐκ
933 1117 1098 1156 ἐνουθέτει

80 1178 158 1222 τοὺς
176 1178 268 1222 υἱοὺς
285 1181 400 1217 αὐτοῦ.
418 1180 532 1216 Τοῦτο
551 1177 587 1216 δὲ
605 1178 716 1228 λέγει,
731 1176 851 1224 ἐπειδὴ
867 1179 904 1214 οὔ
926 1178 1098 1230 σφοδρῶς,

80 1239 158 1277 οὐδὲ
175 1239 250 1290 μετ’
265 1238 484 1286 ἐπιπλήξεως
497 1242 597 1277 τοῦτο
617 1238 737 1276 ἐποίει.
758 1239 841 1281 Πῶς
858 1238 924 1289 γὰρ
940 1239 1002 1276 οὐκ
1021 1239 1099 1276 ἄτο-

80 1316 158 1348 πον,
181 1302 214 1338 ἐν
247 1299 309 1350 μὲν
338 1306 413 1342 ταῖς
447 1305 663 1351 συναγωγαῖς
695 1302 763 1337 τῶν
794 1297 972 1338 Ἰουδαίων
993 1298 1099 1343 οὕτως

763 1360 836 1373 &xl
957 1362 967 1374 ³

80 1361 241 1413 ἰσχυροὺς
261 1355 441 1404 εἶναιτοὺς
469 1360 610 1411 νόμους,
630 1360 693 1399 κᾶν
714 1364 732 1399 ὁ
761 1372 931 1399 οιοασκων
953 1359 1096 1412 επιτάξῃ

79 1423 192 1460 πάντα
206 1422 370 1474 γίνεσθαι·
389 1423 533 1460 ἐνταῦθα
546 1421 581 1460 δὲ
597 1421 807 1472 οῧτωςῆμᾶς
824 1424 1095 1473 καταπεφρονῆ-

80 1487 158 1522 σθαι
180 1483 238 1521 καὶ
255 1485 478 1536 ἀπερρῖφθαι,
495 1484 548 1520 Οὐ
566 1485 628 1529 τῆς
648 1485 796 1534 ἐμαυτοῦ
808 1482 906 1529 δόξης
921 1497 980 1533 μοι
998 1483 1095 1533 μέλει

78 1543 181 1589 (δόξα
209 1543 275 1596 γὰρ
295 1543 384 1594 ἐμὴ,
404 1546 425 1589 ἡ
446 1543 598 1596 ὑμετέρα
628 1544 890 1595 εὖδοκίμησις),
918 1543 1008 1582 ἀλλὰ
1034 1547 1094 1590 τῆς

77 1605 246 1657 ὑμετέρας
268 1604 452 1658 σωτηρίας.
483 1606 570 1642 Καθ’
604 1605 754 1651 ἑκάστην
784 1608 816 1655 ἡί
839 1604 919 1657 έραν
947 1607 1094 1656 βοῶμεν,

78 1667 268 1718 ἐνηχοῧμεν
290 1669 386 1717 ὑμῶν
416 1672 493 1710 ταῖς
523 1668 664 1709 ἀκοαῖς·
695 1669 712 1704 ὃ
733 1666 768 1704 δὲ
803 1665 935 1704 ἀκούων
966 1667 1094 1710 οὐδείς·

78 1727 136 1766 καὶ
155 1728 248 1766 οὐδὲν
266 1729 410 1780 σφοδρὸν
436 1728 713 1779 ἐπιδεικνύμεθα.
731 1728 936 1778 Φοὸοῧμαι,
957 1728 1005 1779 μὴ
1033 1731 1096 1774 τῆς

78 1789 221 1840 ἀκαίρου
241 1788 368 1835 ταύτης
383 1788 442 1826 καὶ
463 1790 595 1835 πολλῆς
610 1788 868 1841 φιλανθρωπίας
883 1787 983 1840 λόγον
1005 1790 1094 1827 κατὰ

76 1850 138 1896 τὴν
159 1850 350 1900 μέλλουσαν
371 1850 503 1901 ἡμέραν
533 1848 758 1901 ὑπόσήοηκεν.
781 1849 844 1886 Διὸ
877 1849 1012 1899 μεγάλῃ
1035 1850 1094 1887 καὶ

76 1913 221 1963 λοιμπρᾶΙ
240 1912 282 1959 τῆ
304 1914 397 1962 φωνῇ
414 1910 573 1963 κηρύττω
592 1916 696 1956 πᾶσι,
719 1909 777 1947 καὶ
795 1909 1093 1962 διαμαρτύρομαι,

77 1970 167 2009 ὥστε
185 1969 263 2013 τοὺς
291 1970 353 2016 τὴν
382 1970 582 2022 παράὸασιν
610 1969 738 2015 ταύτην
774 1969 1093 2020 ἐπιδεικνυμένους,

77 2031 155 2075 τοὺς
167 2032 210 2069 τὰ
228 2034 265 2069 ἐκ
280 2034 338 2067 τοῦ
353 2035 504 2082 πονηροῦ
523 2030 769 2082 φθεγγομένους
783 2031 795 2072 ,ί
806 2034 908 2069 τοῦτο
921 2030 987 2083 γάρ
1000 2033 1092 2069 ἐστιν

77 2096 94 2130 ὁ
113 2093 255 2144 ὅρκος),
274 2093 341 2129 τῶν
361 2092 468 2128 οὖδῶν
488 2090 536 2141 μὴ
555 2090 743 2129 ἐπιὸαίνειν
763 2093 829 2129 τῶν
848 2093 1092 2138 ἐκκλησιαστι-

78 2156 158 2191 κῶν.
179 2151 384 2205 Προθεσμία
405 2150 438 2188 δὲ
458 2155 537 2201 ὑμῖν
552 2151 640 2189 ἔστω
671 2155 688 2189 ὁ
709 2151 777 2202 μὴν
803 2155 820 2190 ὅ
847 2152 981 2204 παρὼν,
1001 2152 1092 2189 ὥστε

77 2216 306 2265 κατορθῶσαι.
330 2211 390 2257 Μὴ
413 2211 480 2262 γάρ
498 2227 555 2261 μοι
577 2211 695 2261 εἴπῃς,
723 2211 770 2249 ε’τι
794 2228 837 2262 με
857 2215 877 2258 ἡ
899 2215 967 2249 τῶν
993 2227 1087 2263 πρα-

75 2274 217 2323 γμάτων
235 2271 369 2322 ἀνάγκη
383 2271 593 2322 κατεπείγει,
609 2271 660 2309 ὅτι
672 2272 1000 2323 ἀπιστοῦμαι.Τέως
1013 2272 1090 2317 τοὺς

76 2334 144 2371 ἀπὸ
162 2335 224 2378 τῆς
239 2332 418 2378 συνηθείας
435 2332 636 2384 περίκοπτε·
656 2326 769 2379 Οἶδα,
798 2333 850 2370 ὅτι
877 2334 999 2371 πολλοὶ
1029 2351 1089 2386 γε-

73 2394 238 2432 λάσονται
265 2396 376 2444 ἡμᾶς,
408 2392 496 2430 ἀλλὰ
529 2392 663 2443 βέλτιον
699 2396 794 2443 ἡμᾶς
826 2395 992 2445 γελᾶσθαι
1015 2399 1087 2444 νῦν,

73 2454 117 2500 ³³),
131 2453 312 2492 κλαίεσθαι
327 2452 422 2491 τότε·
442 2453 648 2504 γελάσονται
668 2453 703 2492 δὲ
722 2455 795 2493 ὅσοι
813 2454 1007 2506 μαίνονται.
1024 2457 1088 2501 Τίς

73 2516 160 2569 γὰρ,
188 2515 263 2553 εἶπέ
308 2530 385 2565 μοι,
422 2518 499 2552 νοῦν
535 2514 623 2567 ἔχων
662 2515 923 2567 φυλαττομένης
949 2518 1089 2564 ε’ντολῆς

72 2576 276 2628 γελάσεται,
297 2578 340 2614 Εἰ
371 2576 406 2615 δὲ
438 2576 506 2627 ἄρα
533 2576 759 2627 γελάσονται,
779 2578 855 2615 ἀλλ’
877 2579 942 2629 οὐχ
966 2582 1060 2628 ἡμᾶς
1075 2610 1085 2627 ,

74 2637 163 2675 ἀλλὰ
174 2637 230 2675 τὸν
245 2637 395 2689 Χριστὸν
409 2639 440 2674 οἱ
453 2640 600 2674 τοιοῦτοι
613 2637 832 2687 γελάσονται.
847 2638 1034 2690 Ἓφρίξατε
1049 2640 1088 2677 τὸ

73 2697 277 2750 εἰρημένον,
300 2692 390 2736 Οἶδα
412 2697 524 2748 κάγώ.
547 2699 590 2735 Εἰ
622 2697 683 2747 μὲν
712 2693 768 2735 οἷν
804 2698 872 2750 ἐγὼ
899 2700 956 2737 τὸν
983 2701 1086 2751 νόμον

71 2763 189 2799 τοῦτον
206 2760 403 2811 εἰσήγαγον,
425 2759 505 2809 ἐμὸς
524 2760 541 2777 '¹'
556 2759 596 2796 ἂν
612 2759 664 2804 εἴη
690 2759 748 2797 καὶ
768 2761 784 2796 ὃ
811 2759 921 2811 γέλως
935 2776 942 2783 ·
965 2763 995 2799 εἷ
1015 2762 1050 2800 δὲ
1069 2765 1087 2800 ὃ

71 2821 255 2872 νομοθέτης
271 2820 384 2873 ἕτερός
399 2822 505 2867 ἐστιν,
521 2822 590 2857 ἐκεῖ
604 2820 773 2858 διαὲαίνει
786 2823 808 2866 ἡ
822 2823 1002 2872 χλευασία,
1018 2823 1089 2861 Καὶ

72 2882 258 2929 ἐνεπτύσθη
285 2881 367 2920 ποτὲ
393 2884 411 2919 ὃ
441 2881 608 2933 Χριστὸς,
629 2881 688 2918 καὶ
707 2881 764 2920 ἐπὶ
795 2881 922 2935 κόρρης
951 2885 1086 2935 ἐπλήγη

74 2943 131 2980 καὶ
151 2943 352 2994 ἐῤῥαπίσθη.
373 2942 547 2994 Ἀνέχεται
577 2942 636 2980 καὶ
666 2946 724 2979 νῦν
748 2946 882 2989 ταῦτα,
905 2944 964 2981 καὶ
991 2945 1086 2984 οὐδὲν

75 3003 224 3046 ἀπεικός.
262 3002 330 3041 Δια
365 3006 466 3041 τοῦτο
495 3002 616 3052 γέεννα
645 3002 879 3053 ἡτοίμασται,
899 3004 956 3042 διὰ
987 3011 1087 3044 τοῦτο

75 3062 211 3109 σκώληξ
230 3063 465 3109 ἀτελεύτητος.
498 3062 587 3101 Ἰδοὺ
610 3064 714 3101 πάλιν
734 3063 826 3114 λέγω
847 3064 906 3102 καὶ
935 3066 1086 3117 διαμαρ-

75 3122 241 3173 τύρομαι·
263 3126 280 3160 ὂ
302 3123 504 3174 βουλόμενος
522 3123 658 3175 γελάτω
671 3154 679 3170 ,
703 3127 720 3161 ὃ
737 3124 944 3175 βουλόμενος
961 3127 1089 3176 χλευα-

75 3183 160 3226 ζέτω
175 3200 181 3206 ·
197 3185 244 3226 εἷς
267 3187 368 3222 τοῦτο
393 3183 553 3234 κείμεθα,
575 3185 621 3227 εἷς
637 3183 675 3222 τὸ
703 3187 870 3234 γελᾶσθαι
889 3185 948 3223 καὶ
962 3186 1089 3237 χλευά-

119 3298 134 3313 *
159 3298 169 3338 ι
185 3300 353 3340 imfimo-03
368 3298 422 3337 D.‚
437 3298 596 3330 Commel.
613 3307 646 3330 et
663 3300 830 3333 Erasmus.
844 3304 992 3343 ὃιελέχθης
1015 3301 1075 3334 Sa-

78 3347 130 3378 xil.
147 3355 179 3379 ct
196 3348 311 3381 Montf.
331 3356 363 3379 et
378 3349 502 3391 pejores
523 3349 631 3381 Codd.
648 3352 683 3382 A.
703 3352 738 3382 B.
754 3351 810 3395 C]

123 3409 133 3421 'd
160 3397 216 3429 Alii
245 3404 260 3436 ἡ
279 3403 427 3433 niueae-2214
452 3408 536 3437 τότε,
553 3400 835 3443 ‹piamlectioncm
853 3412 1007 3446 sequutus
1025 3413 1072 3436 est

893 249 1218 283 APOSTOLORUM
1229 269 1236 278 .

1275 249 1431 280 nomi„
1473 249 1566 279 viu.
2095 254 2150 296 77

1175 331 1328 369 metallis
1347 344 1501 382 agerem,
1515 344 1585 369 non
1603 329 1716 382 magis
1731 329 1898 367 dolerem.
1911 331 2060 367 Manum
2072 344 2155 382 ergo

1174 390 1357 442 porrigite.
1369 391 1530 442 Cogitate
1541 399 1712 441 quantum
1722 390 1766 427 sit
1780 389 1990 441 periculum,
2004 390 2100 441 quod
2113 405 2157 428 ne

1176 451 1233 489 vel
1243 451 1309 489 hoc
1320 451 1510 489 minimum
1520 451 1722 500 (minimum
1730 464 1814 489 vero
1825 450 1917 499 dico,
1927 460 2100 501 quantum
2111 451 2156 489 ad

1175 511 1351 559 laborem)
1369 512 1511 565 possitis
1534 512 1716 564 perficere.
1737 511 1838 560 Quid
1851 511 1969 549 dicam
1988 521 2073 549 tunc
2097 526 2156 550 ac==

1175 573 1334 610 cusatus?
1348 574 1420 611 Cur
1429 587 1498 610 non
1509 573 1669 610 hortatus
1680 573 1740 611 es?
1749 586 1887 610 curnon
1898 572 2156 624 redarguebas?

1174 647 1239 671 cur
1257 648 1325 671 non
1345 634 1573 686 praecepisti?
1595 649 1658 672 cur
1680 649 1748 672 non
1768 634 1882 685 legem
1900 634 2073 686 posuisti?
2093 649 2156 672 cur

1174 708 1244 732 non
1256 695 1537 747 obtemperantes
1557 710 1625 733 non
1644 696 1866 734 cohibuisti?
1886 698 1965 734 Non
1985 697 2070 734 satis
2089 699 2155 735 erit

1129 763 1149 792 Β
1174 754 1265 791 mihi
1284 754 1430 804 dixisse,
1447 756 1635 793 Admonui.
1653 758 1710 806 At,
1729 757 1877 807 inquiet,
1895 757 2155 796 vehementiore

1173 827 1262 864 opus
1277 823 1353 851 erat
1371 815 1610 866 increpatione
1630 831 1637 851 :
1659 829 1741 852 nam
1761 816 1820 853 Eli
1834 832 1973 868 quoque
1987 819 2154 857 admone-

1172 873 1244 910 bat.
1265 876 1402 913 Verum
1423 875 1515 912 absit
1538 884 1578 912 ut
1605 889 1670 914 vos
1692 889 1773 913 cum
1800 877 1886 915 filiis
1917 879 1991 929 ejus
2011 893 2152 932 compa-

1172 947 1257 970 rem.
1280 935 1345 972 Ille
1361 934 1572 972 admonebat
1587 945 1620 973 et
1640 936 1804 974 dicebat:
1826 939 1898 984 Ne,
1905 940 2005 990 filii,
2034 955 2080 977 ne
2098 944 2153 979 sie

1165 995 1333 1045 facitote
1353 1010 1360 1031 :
1380 996 1527 1032 malum
1547 1009 1739 1033 rumorem
1755 1011 1822 1048 ego
1836 1000 1952 1035 audio
1968 1000 2016 1036 de
2029 1002 2152 1038 vobis.

1172 1055 1241 1094 Sed
1269 1069 1420 1108 pergens
1439 1056 1625 1109 Scriptura
1653 1057 1756 1106 dicit,
1787 1058 1904 1110 ipsum
1933 1074 2002 1097 non
2034 1060 2154 1098 admo-

1173 1116 1290 1154 nuisse
1307 1117 1400 1155 filios
1430 1132 1525 1155 suos.
1548 1118 1625 1155 Hoc
1649 1132 1732 1156 vero
1752 1119 1850 1167 dicit,
1865 1120 1949 1170 quia
1968 1135 2037 1158 non
2064 1122 2154 1159 acri-

1173 1186 1240 1227 ter,
1271 1192 1340 1215 non
1373 1192 1455 1216 cum
1482 1178 1722 1231 increpatione
1754 1179 1930 1218 monebat.
1965 1182 2154 1229 Quomodo

1172 1240 1266 1277 enim
1291 1240 1486 1279 absurdum
1506 1255 1576 1279 non
1595 1242 1714 1291 fuerit,
1734 1242 1771 1279 in
1791 1243 1982 1294 synagogis
2006 1245 2152 1284 Judaeo-

1171 1313 1253 1337 rum
1271 1301 1320 1338 ita
1345 1315 1483 1339 severas
1502 1301 1596 1353 leges
1615 1316 1699 1351 esse,
1719 1302 1783 1340 etsi
1806 1303 1867 1354 qui
1890 1303 1991 1342 docet
2006 1305 2155 1358 imperet

1172 1361 1289 1399 omnia
1309 1362 1406 1411 fieri,
1423 1362 1482 1399 hic
1496 1377 1580 1401 vero
1601 1377 1663 1400 nos
1685 1363 1733 1400 ita
1749 1363 1932 1416 despectos
1953 1375 1984 1403 et
2000 1367 2155 1418 abjectos

1171 1423 1268 1460 esse?
1282 1424 1360 1460 Non
1374 1423 1524 1474 gloriam
1539 1438 1653 1461 meam
1665 1438 1749 1462 curo
1777 1428 1787 1469 (
1800 1425 1913 1476 gloria
1927 1427 2061 1479 quippe
2077 1443 2154 1467 mea

1123 1490 1146 1520 C
1170 1493 1221 1521 est
1248 1493 1366 1523 vestra
1402 1485 1550 1536 probata
1582 1486 1704 1535 vita);
1727 1485 1788 1523 sed
1819 1486 1969 1525 salutem
1998 1499 2152 1528 vestram

1169 1559 1297 1595 quaero.
1318 1545 1489 1591 Quotidie
1517 1546 1726 1596 clamamus,
1751 1547 1954 1586 insonamus
1986 1549 2021 1587 in
2050 1565 2153 1589 aures

1167 1614 1303 1643 vestras
1311 1621 1322 1656 3
1345 1615 1378 1643 et
1396 1620 1499 1644 nemo
1527 1616 1577 1644 est
1602 1607 1664 1657 qui
1685 1607 1820 1657 audiat,
1835 1608 1900 1646 etsi
1925 1609 2015 1647 nihil
2041 1611 2154 1649 velie-

1167 1667 1319 1705 mentius
1340 1669 1573 1720 proferamus.
1597 1669 1744 1719 Timeo,
1771 1683 1815 1707 ne
1836 1670 2093 1723 intempestivae
2119 1683 2152 1711 et

1166 1727 1286 1765 nimiae
1316 1728 1548 1780 indulgentiae
1576 1730 1613 1767 in
1643 1731 1764 1768 futuro
1798 1731 1861 1769 illo
1890 1731 1949 1769 die
1980 1733 2152 1772 rationem

1165 1790 1370 1829 reddamus.
1402 1792 1487 1830 Ideo
1516 1807 1644 1845 magna
1678 1803 1711 1832 et
1741 1795 1836 1832 clara
1869 1810 1954 1834 voce
1984 1798 2152 1836 omnibus

1165 1853 1321 1904 praedjco
1334 1863 1367 1891 et
1382 1855 1550 1893 testificor
1557 1871 1569 1904 3
1580 1864 1619 1893 ut
1629 1856 1689 1906 qui
1705 1856 1754 1893 sic
1768 1858 2061 1908 praevaricantur,
2074 1860 2151 1910 qui-

1165 1927 1234 1964 que
1251 1928 1305 1964 ea,
1320 1929 1398 1964 quae
1412 1915 1561 1966 maligni
1575 1924 1669 1962 sunt,
1685 1915 1880 1966 loquuntur
1893 1921 1905 1966 (
1917 1918 1985 1956 hoc
1995 1928 2045 1957 est
2055 1920 2150 1958 enim

1160 1973 1443 2025 juramentum),
1468 1989 1512 2012 ne
1538 1975 1664 2012 limina
1689 1976 1923 2015 ecclesiastica
1942 1979 2145 2018 ascendant.

1164 2034 1409 2073 Praestitutum
1427 2050 1512 2074 vero
1528 2046 1667 2088 tempus
1687 2036 1733 2074 sit
1753 2037 1856 2076 vobis
1875 2038 1935 2076 hic
1948 2041 2089 2090 mensis,
2110 2051 2149 2079 ut

1165 2096 1466 2147 corrigamini.Ne
1483 2097 1572 2134 mihi
1592 2097 1727 2136 dixeris
1742 2114 1750 2134 :
1767 2100 1826 2137 Me
1842 2101 2065 2152 negotiorum
2084 2117 2147 2141 ur-

1119 2163 1143 2192 1)
1164 2165 1222 2206 get
1234 2156 1433 2205 necessitas,
1449 2157 1533 2207 quia
1551 2157 1640 2195 fides
1657 2172 1727 2196 non
1748 2158 1900 2197 habetur
1921 2162 2024 2200 mihi.
2051 2164 2145 2202 Inte-

1162 2216 1231 2253 rim
1250 2216 1311 2253 illa
1330 2231 1375 2254 ex
1395 2217 1650 2256 consuetudine
1662 2219 1865 2270 juramenta
1889 2236 2041 2261 remove.
2066 2224 2148 2262 Scio

1161 2278 1336 2327 quosdam
1353 2292 1439 2327 esse,
1452 2278 1511 2329 qui
1524 2293 1586 2316 nos
1599 2279 1802 2318 irridebunt
1809 2297 1819 2329 3
1833 2291 1868 2319 at
1884 2283 2011 2322 melius
2023 2294 2073 2323 est
2086 2300 2148 2324 nos

1161 2353 1254 2377 nunc
1265 2339 1416 2388 irrideri,
1426 2352 1533 2390 quam
1543 2349 1628 2378 tunc
1646 2341 1824 2393 deplorari
1834 2344 2016 2383 :ridebunt
2031 2356 2148 2384 autem

1160 2400 1288 2438 insani.
1309 2401 1401 2448 Quis
1421 2401 1530 2451 enim,
1545 2416 1675 2452 quaeso,
1691 2418 1783 2441 sance
1800 2405 1926 2442 mentis
1944 2406 1987 2444 de
2009 2418 2147 2445 servato

1160 2471 1334 2513 praecepto
1349 2461 1506 2499 ridebit?
1528 2462 1638 2510 Quod
1653 2463 1682 2500 si
1702 2464 1888 2515 irrideant,
1908 2480 1977 2504 non
1993 2481 2068 2516 nos,
2084 2469 2147 2506 sed

1160 2522 1344 2560 Christum
1361 2521 1576 2560 irridebunt.
1596 2523 1827 2563 Inhorruistis
1845 2525 1891 2563 ad
1908 2526 1978 2564 tale
1997 2527 2144 2567 dictum.

1160 2582 1236 2620 Hoc
1260 2582 1350 2619 bene
1373 2582 1470 2619 novi.
1493 2582 1532 2620 Si
1557 2595 1620 2634 ego
1647 2583 1739 2621 hanc
1766 2585 1879 2636 legem
1907 2587 2142 2638 induxissem,

1160 2657 1216 2680 me
1246 2642 1338 2680 risus
1362 2642 1423 2679 ille
1436 2651 1607 2694 spectaret
1628 2659 1635 2679 :
1659 2643 1687 2680 si
1706 2654 1824 2682 autem
1844 2647 1936 2684 alius
1963 2648 2144 2699 legislator

1160 2713 1223 2752 cst,
1245 2703 1291 2740 ad
1320 2703 1423 2740 illum
1458 2703 1583 2741 transit
1615 2703 1742 2742 irrisio.
1768 2706 1849 2757 Ipse
1881 2707 2042 2746 Christus
2074 2710 2270 2753 ali—Mam.
2292 2735 2344 2764 27.

1160 2763 1303 2814 quando
1320 2772 1513 2815 consputus
1535 2772 1600 2811 est,
1614 2773 1718 2815 atque
1739 2765 1774 2802 in
1791 2767 1978 2805 maxillam
1998 2784 2142 2820 percus·
2155 2766 2208 2795 3⁰·

1116 2833 1138 2861 E
1161 2839 1233 2871 sus,
1251 2833 1284 2861 et
1311 2824 1426 2876 alapis
1443 2838 1563 2862 caesus.
1585 2824 1669 2862 Haec
1686 2825 1792 2863 etiam
1811 2840 1905 2865 nunc
1923 2829 2003 2879 fert,
2025 2840 2058 2868 et
2084 2832 2143 2868 ni—

1162 2885 1213 2922 hil
1234 2884 1420 2922 dissimile.
1437 2883 1521 2922 ldeo
1550 2885 1709 2936 gehenna
1737 2896 1896 2938 paratur,
1918 2889 1996 2927 ideo
2012 2892 2144 2929 vermis

1161 2946 1221 2983 ille
1251 2945 1476 2983 immortalis.
1493 2945 1585 2983 Ecce
1618 2960 1740 2984 rursus
1770 2947 1850 2985 dico
1878 2959 1912 2986 et
1941 2951 2138 2990 testificor:
2179 2973 2346 3011 Chrysosio»

1161 3006 1290 3044 Rideat
1319 3015 1352 3044 et
1374 3006 1564 3044 subsannet
1592 3007 1652 3056 qui
1677 3007 1831 3046 voluerit
1859 3025 1867 3045 ε
1892 3010 1928 3047 in
1950 3010 2016 3051 hoc
2035 3013 2142 3064 positi
2159 3015 2202 3061 ¹¹¹2,
2226 3015 2347 3060 firmi&

1159 3082 1282 3105 sumus
1298 3097 1308 3116 ,
1339 3077 1378 3105 ut
1415 3067 1615 3116 rideamur,
1661 3068 1918 3108 subsannemur
1956 3074 2144 3124 omniaque
2157 3065 2260 3109 ³⁰‘1m‘’

1158 3127 1351 3179 patiamur.
1384 3129 1649 3179 Purgamenta
1680 3130 1815 3166 mundi
1844 3144 1987 3179 sumus,
2021 3147 2144 3172 secun·
2165 3156 2190 3175 ι.
2209 3145 2325 3186 σοι-,4,

1157 3186 1245 3224 dum
1264 3187 1408 3225 beatum
1434 3187 1603 3224 Paulum.
1626 3187 1665 3224 Si
1691 3187 1769 3237 quis
1790 3189 1944 3228 noluerit
1966 3192 2033 3230 hoc
2051 3208 2144 3246 prae-
2166 3189 2211 3217 ¹3·

1140 3303 1300 3345 interpres
1319 3304 1468 3335 Latinus.
1485 3303 1543 3343 [Et
1559 3314 1619 3334 nos
1636 3305 1817 3346 recepimus
1826 3316 1866 3337 ex
1882 3308 1959 3340 B.C.
1972 3309 2011 3341 D.
2029 3310 2146 3347 Montf.

1140 3366 1213 3385 curn
1234 3355 1334 3386 Savil.
1354 3362 1386 3386 et
1402 3354 1565 3385 Commcl.
1588 3355 1748 3400 animvm]

1185 3406 1199 3421 '¹
1225 3406 1232 3448 [
1251 3407 1305 3437 Sic
1317 3406 1357 3436 D.
1376 3405 1494 3437 Caelcri
1511 3410 1580 3447 ἐμὸς
1596 3411 1630 3439 ἂν
1648 3409 1677 3443 ἦν
1695 3410 1709 3440 ὃ
1726 3423 1768 3449 γ-,
1787 3407 1837 3440 vel
1856 3413 1888 3447 ἧν
1905 3412 1950 3452 7,]
