<?xml version="1.0" encoding="UTF-8"?>
<!DOCTYPE html PUBLIC "-//W3C//DTD XHTML 1.0 Transitional//EN"
    "http://www.w3.org/TR/xhtml1/DTD/xhtml1-transitional.dtd">
<html xmlns="http://www.w3.org/1999/xhtml" xml:lang="en" lang="en">
 <head>
  <title>
</title>
<meta http-equiv="Content-Type" content="text/html;charset=utf-8" />
  <meta name='ocr-system' content='tesseract 3.04.00' />
  <meta name='ocr-capabilities' content='ocr_page ocr_carea ocr_par ocr_line ocrx_word'/>
</head>
<body>
  <div class='ocr_page' id='page_1' title='image "./operaomniaquaeex09johnuoft/operaomniaquaeex09johnuoft_0617.png"; bbox 0 0 2502 3810; ppageno 0'>
   <div class='ocr_carea' id='block_1_1' title="bbox 721 229 1179 263">
    <p class='ocr_par' dir='ltr' id='par_1_1' title="bbox 721 229 1179 263">
     <span class='ocr_line' id='line_1_1' title="bbox 721 229 1179 263; baseline -0.013 0"><span class='ocrx_word' id='word_1_1' title='bbox 721 234 764 263; x_wconf 67' lang='lat' dir='ltr'>IN</span> <span class='ocrx_word' id='word_1_2' title='bbox 801 231 940 262; x_wconf 75' lang='lat' dir='ltr'>EplsT.</span> <span class='ocrx_word' id='word_1_3' title='bbox 977 229 1036 258; x_wconf 78' lang='lat' dir='ltr'>AD</span> <span class='ocrx_word' id='word_1_4' title='bbox 1073 229 1179 258; x_wconf 79' lang='lat' dir='ltr'><strong>ROM.</strong></span> 
     </span>
    </p>
   </div>
   <div class='ocr_carea' id='block_1_2' title="bbox 54 310 1087 2293">
    <p class='ocr_par' dir='ltr' id='par_1_2' title="bbox 54 310 1087 2293">
     <span class='ocr_line' id='line_1_2' title="bbox 108 310 1080 364; baseline -0.006 -12"><span class='ocrx_word' id='word_1_5' title='bbox 108 313 329 364; x_wconf 84' lang='grc' dir='ltr'>Ζηλώσωμεν</span> <span class='ocrx_word' id='word_1_6' title='bbox 359 313 472 352; x_wconf 79' lang='grc' dir='ltr'>τοίνυν</span> <span class='ocrx_word' id='word_1_7' title='bbox 503 314 561 351; x_wconf 80' lang='grc' dir='ltr'>καὶ</span> <span class='ocrx_word' id='word_1_8' title='bbox 581 316 682 363; x_wconf 76' lang='grc' dir='ltr'>ἡμεῖς</span> <span class='ocrx_word' id='word_1_9' title='bbox 704 313 762 356; x_wconf 82' lang='grc' dir='ltr'>τὰς</span> <span class='ocrx_word' id='word_1_10' title='bbox 795 313 866 350; x_wconf 80' lang='grc' dir='ltr'>ἄνω</span> <span class='ocrx_word' id='word_1_11' title='bbox 897 310 1080 359; x_wconf 84' lang='grc' dir='ltr'>δυνάμεις,</span> 
     </span>
     <span class='ocr_line' id='line_1_3' title="bbox 55 371 1078 426; baseline -0.004 -15"><span class='ocrx_word' id='word_1_12' title='bbox 55 375 115 412; x_wconf 78' lang='grc' dir='ltr'>καὶ</span> <span class='ocrx_word' id='word_1_13' title='bbox 136 374 183 424; x_wconf 82' lang='grc' dir='ltr'>μὴ</span> <span class='ocrx_word' id='word_1_14' title='bbox 201 373 301 424; x_wconf 85' lang='grc' dir='ltr'>μόνον</span> <span class='ocrx_word' id='word_1_15' title='bbox 321 373 422 424; x_wconf 78' lang='grc' dir='ltr'>ἐγγὺς</span> <span class='ocrx_word' id='word_1_16' title='bbox 447 378 507 411; x_wconf 89' lang='grc' dir='ltr'>τοῦ</span> <span class='ocrx_word' id='word_1_17' title='bbox 527 374 645 426; x_wconf 86' lang='grc' dir='ltr'>θρόνου</span> <span class='ocrx_word' id='word_1_18' title='bbox 668 375 791 418; x_wconf 71' lang='grc' dir='ltr'>στῆναι</span> <span class='ocrx_word' id='word_1_19' title='bbox 815 371 1078 419; x_wconf 83' lang='grc' dir='ltr'>σπουδάσωμεν,</span> 
     </span>
     <span class='ocr_line' id='line_1_4' title="bbox 55 430 1078 485; baseline -0.003 -13"><span class='ocrx_word' id='word_1_20' title='bbox 55 433 145 472; x_wconf 85' lang='grc' dir='ltr'>ἀλλὰ</span> <span class='ocrx_word' id='word_1_21' title='bbox 165 433 223 470; x_wconf 78' lang='grc' dir='ltr'>καὶ</span> <span class='ocrx_word' id='word_1_22' title='bbox 239 433 367 471; x_wconf 85' lang='grc' dir='ltr'>ἔνοικον</span> <span class='ocrx_word' id='word_1_23' title='bbox 390 434 490 470; x_wconf 71' lang='grc' dir='ltr'>αὐτὸν</span> <span class='ocrx_word' id='word_1_24' title='bbox 507 433 597 484; x_wconf 72' lang='grc' dir='ltr'>ἔχειν</span> <span class='ocrx_word' id='word_1_25' title='bbox 611 434 668 472; x_wconf 79' lang='grc' dir='ltr'>τὸν</span> <span class='ocrx_word' id='word_1_26' title='bbox 684 433 740 471; x_wconf 80' lang='grc' dir='ltr'>ἐπὶ</span> <span class='ocrx_word' id='word_1_27' title='bbox 759 437 817 471; x_wconf 88' lang='grc' dir='ltr'>τοῦ</span> <span class='ocrx_word' id='word_1_28' title='bbox 837 432 954 485; x_wconf 81' lang='grc' dir='ltr'>θρόνου</span> <span class='ocrx_word' id='word_1_29' title='bbox 972 430 1078 476; x_wconf 77' lang='grc' dir='ltr'>καθή-</span> 
     </span>
     <span class='ocr_line' id='line_1_5' title="bbox 55 493 1078 548; baseline -0.004 -14"><span class='ocrx_word' id='word_1_30' title='bbox 55 511 168 546; x_wconf 83' lang='grc' dir='ltr'>μενον.</span> <span class='ocrx_word' id='word_1_31' title='bbox 192 495 345 538; x_wconf 82' lang='grc' dir='ltr'>Ἐκεῖνος</span> <span class='ocrx_word' id='word_1_32' title='bbox 366 495 426 545; x_wconf 82' lang='grc' dir='ltr'>μὲν</span> <span class='ocrx_word' id='word_1_33' title='bbox 446 496 588 548; x_wconf 76' lang='grc' dir='ltr'>γὰρκαὶ</span> <span class='ocrx_word' id='word_1_34' title='bbox 623 500 806 545; x_wconf 76' lang='grc' dir='ltr'>μισοῦντας</span> <span class='ocrx_word' id='word_1_35' title='bbox 834 494 976 546; x_wconf 81' lang='grc' dir='ltr'>ἐφίλησε</span> <span class='ocrx_word' id='word_1_36' title='bbox 989 523 998 539; x_wconf 92' lang='grc'>,</span> <span class='ocrx_word' id='word_1_37' title='bbox 1019 493 1078 531; x_wconf 78' lang='grc' dir='ltr'>καὶ</span> 
     </span>
     <span class='ocr_line' id='line_1_6' title="bbox 54 554 1077 608; baseline -0.002 -14"><span class='ocrx_word' id='word_1_38' title='bbox 54 558 163 608; x_wconf 81' lang='grc' dir='ltr'>φιλῶν</span> <span class='ocrx_word' id='word_1_39' title='bbox 180 557 349 593; x_wconf 85' lang='grc' dir='ltr'>διατελεῖ·</span> <span class='ocrx_word' id='word_1_40' title='bbox 364 555 424 593; x_wconf 79' lang='grc' dir='ltr'>καὶ</span> <span class='ocrx_word' id='word_1_41' title='bbox 442 556 509 608; x_wconf 84' lang='grc' dir='ltr'>γὰρ</span> <span class='ocrx_word' id='word_1_42' title='bbox 525 557 594 594; x_wconf 84' lang='grc' dir='ltr'>Τὸν</span> <span class='ocrx_word' id='word_1_43' title='bbox 616 556 713 601; x_wconf 77' lang='grc' dir='ltr'>ἥλιον</span> <span class='ocrx_word' id='word_1_44' title='bbox 735 555 915 593; x_wconf 81' lang='grc' dir='ltr'>ἀνατέλλει</span> <span class='ocrx_word' id='word_1_45' title='bbox 935 554 992 593; x_wconf 79' lang='grc' dir='ltr'>ἐπὶ</span> <span class='ocrx_word' id='word_1_46' title='bbox 1012 570 1077 592; x_wconf 90' lang='grc' dir='ltr'>πο-</span> 
     </span>
     <span class='ocr_line' id='line_1_7' title="bbox 55 613 1078 668; baseline -0.003 -15"><span class='ocrx_word' id='word_1_47' title='bbox 55 615 179 668; x_wconf 78' lang='grc' dir='ltr'>νηροὺς</span> <span class='ocrx_word' id='word_1_48' title='bbox 196 616 255 653; x_wconf 79' lang='grc' dir='ltr'>καὶ</span> <span class='ocrx_word' id='word_1_49' title='bbox 278 615 443 667; x_wconf 74' lang='grc' dir='ltr'>ἀγαθοὺς,</span> <span class='ocrx_word' id='word_1_50' title='bbox 458 616 516 654; x_wconf 84' lang='grc' dir='ltr'>καὶ</span> <span class='ocrx_word' id='word_1_51' title='bbox 539 615 658 667; x_wconf 74' lang='grc' dir='ltr'>βρέχει</span> <span class='ocrx_word' id='word_1_52' title='bbox 678 616 734 654; x_wconf 79' lang='grc' dir='ltr'>ἐπὶ</span> <span class='ocrx_word' id='word_1_53' title='bbox 755 614 905 657; x_wconf 83' lang='grc' dir='ltr'>δικαίους</span> <span class='ocrx_word' id='word_1_54' title='bbox 924 614 984 651; x_wconf 77' lang='grc' dir='ltr'>καὶ</span> <span class='ocrx_word' id='word_1_55' title='bbox 1003 613 1078 651; x_wconf 76' lang='grc' dir='ltr'>ἀδί-</span> 
     </span>
     <span class='ocr_line' id='line_1_8' title="bbox 56 675 1077 728; baseline -0.004 -14"><span class='ocrx_word' id='word_1_56' title='bbox 56 692 147 719; x_wconf 83' lang='grc' dir='ltr'>κους.</span> <span class='ocrx_word' id='word_1_57' title='bbox 170 676 221 714; x_wconf 80' lang='grc' dir='ltr'>Σὺ</span> <span class='ocrx_word' id='word_1_58' title='bbox 238 676 272 713; x_wconf 80' lang='grc' dir='ltr'>δὲ</span> <span class='ocrx_word' id='word_1_59' title='bbox 292 679 456 728; x_wconf 77' lang='grc' dir='ltr'>φιλοῦντα</span> <span class='ocrx_word' id='word_1_60' title='bbox 477 681 558 728; x_wconf 86' lang='grc' dir='ltr'>γοῦν</span> <span class='ocrx_word' id='word_1_61' title='bbox 580 676 760 728; x_wconf 78' lang='grc' dir='ltr'>ἀγάπησον</span> <span class='ocrx_word' id='word_1_62' title='bbox 774 691 781 699; x_wconf 88' lang='grc'>·</span> <span class='ocrx_word' id='word_1_63' title='bbox 799 677 890 726; x_wconf 76' lang='grc' dir='ltr'>φιλεῖ</span> <span class='ocrx_word' id='word_1_64' title='bbox 910 675 988 727; x_wconf 83' lang='grc' dir='ltr'>γάρ.</span> <span class='ocrx_word' id='word_1_65' title='bbox 1007 675 1077 712; x_wconf 80' lang='grc' dir='ltr'>Καὶ</span> 
     </span>
     <span class='ocr_line' id='line_1_9' title="bbox 54 735 1078 788; baseline -0.003 -14"><span class='ocrx_word' id='word_1_66' title='bbox 54 740 149 784; x_wconf 80' lang='grc' dir='ltr'>πῶς,</span> <span class='ocrx_word' id='word_1_67' title='bbox 172 737 288 788; x_wconf 70' lang='grc' dir='ltr'>φησὶν,</span> <span class='ocrx_word' id='word_1_68' title='bbox 310 739 326 774; x_wconf 82' lang='grc' dir='ltr'>ὁ</span> <span class='ocrx_word' id='word_1_69' title='bbox 346 739 452 788; x_wconf 78' lang='grc' dir='ltr'>φιλῶν</span> <span class='ocrx_word' id='word_1_70' title='bbox 480 736 618 787; x_wconf 79' lang='grc' dir='ltr'>γέενναν</span> <span class='ocrx_word' id='word_1_71' title='bbox 636 736 696 773; x_wconf 78' lang='grc' dir='ltr'>καὶ</span> <span class='ocrx_word' id='word_1_72' title='bbox 722 735 863 774; x_wconf 80' lang='grc' dir='ltr'>κόλασιν</span> <span class='ocrx_word' id='word_1_73' title='bbox 884 735 943 772; x_wconf 83' lang='grc' dir='ltr'>καὶ</span> <span class='ocrx_word' id='word_1_74' title='bbox 964 750 1078 784; x_wconf 84' lang='grc' dir='ltr'>τιμω-</span> 
     </span>
     <span class='ocr_line' id='line_1_10' title="bbox 58 793 1076 847; baseline -0.003 -14"><span class='ocrx_word' id='word_1_75' title='bbox 58 795 134 847; x_wconf 86' lang='grc' dir='ltr'>ρίαν</span> <span class='ocrx_word' id='word_1_76' title='bbox 155 795 347 843; x_wconf 65' lang='grc' dir='ltr'>ἠπείλησε,</span> <span class='ocrx_word' id='word_1_77' title='bbox 368 799 422 834; x_wconf 80' lang='grc' dir='ltr'>Δι’</span> <span class='ocrx_word' id='word_1_78' title='bbox 444 796 525 834; x_wconf 65' lang='grc' dir='ltr'>αι’·τὸ</span> <span class='ocrx_word' id='word_1_79' title='bbox 544 800 644 833; x_wconf 86' lang='grc' dir='ltr'>τοῦτο</span> <span class='ocrx_word' id='word_1_80' title='bbox 662 795 701 833; x_wconf 78' lang='grc' dir='ltr'>τὸ</span> <span class='ocrx_word' id='word_1_81' title='bbox 712 797 820 846; x_wconf 80' lang='grc' dir='ltr'>φιλεῖν</span> <span class='ocrx_word' id='word_1_82' title='bbox 835 810 842 817; x_wconf 94' lang='grc'>·</span> <span class='ocrx_word' id='word_1_83' title='bbox 863 794 922 831; x_wconf 83' lang='grc' dir='ltr'>καὶ</span> <span class='ocrx_word' id='word_1_84' title='bbox 940 793 1007 846; x_wconf 85' lang='grc' dir='ltr'>γὰρ</span> <span class='ocrx_word' id='word_1_85' title='bbox 1021 796 1076 830; x_wconf 79' lang='grc' dir='ltr'>ἐκ·</span> 
     </span>
     <span class='ocr_line' id='line_1_11' title="bbox 56 855 1077 909; baseline -0.004 -15"><span class='ocrx_word' id='word_1_86' title='bbox 56 856 193 895; x_wconf 83' lang='grc' dir='ltr'>κόπτων</span> <span class='ocrx_word' id='word_1_87' title='bbox 210 872 269 895; x_wconf 89' lang='grc' dir='ltr'>σου</span> <span class='ocrx_word' id='word_1_88' title='bbox 288 857 350 903; x_wconf 85' lang='grc' dir='ltr'>τὴν</span> <span class='ocrx_word' id='word_1_89' title='bbox 365 857 545 909; x_wconf 85' lang='grc' dir='ltr'>πονηρίαν,</span> <span class='ocrx_word' id='word_1_90' title='bbox 571 857 629 893; x_wconf 68' lang='grc' dir='ltr'>καὶ</span> <span class='ocrx_word' id='word_1_91' title='bbox 644 856 763 906; x_wconf 80' lang='grc' dir='ltr'>ὥσπερ</span> <span class='ocrx_word' id='word_1_92' title='bbox 779 855 844 892; x_wconf 83' lang='grc' dir='ltr'>τινὶ</span> <span class='ocrx_word' id='word_1_93' title='bbox 874 856 1008 906; x_wconf 75' lang='grc' dir='ltr'>χαλινῷ</span> <span class='ocrx_word' id='word_1_94' title='bbox 1027 856 1077 904; x_wconf 81' lang='grc' dir='ltr'>τῷ</span> 
     </span>
     <span class='ocr_line' id='line_1_12' title="bbox 57 913 1078 969; baseline -0.007 -14"><span class='ocrx_word' id='word_1_95' title='bbox 57 917 152 969; x_wconf 68' lang='grc' dir='ltr'>φόὸῳ</span> <span class='ocrx_word' id='word_1_96' title='bbox 178 916 336 968; x_wconf 76' lang='grc' dir='ltr'>κατέχων</span> <span class='ocrx_word' id='word_1_97' title='bbox 357 933 415 955; x_wconf 88' lang='grc' dir='ltr'>σου</span> <span class='ocrx_word' id='word_1_98' title='bbox 441 917 502 962; x_wconf 86' lang='grc' dir='ltr'>τὴν</span> <span class='ocrx_word' id='word_1_99' title='bbox 526 916 583 954; x_wconf 80' lang='grc' dir='ltr'>ἐπὶ</span> <span class='ocrx_word' id='word_1_100' title='bbox 610 915 654 953; x_wconf 79' lang='grc' dir='ltr'>τὰ</span> <span class='ocrx_word' id='word_1_101' title='bbox 679 914 785 965; x_wconf 80' lang='grc' dir='ltr'>χείρω</span> <span class='ocrx_word' id='word_1_102' title='bbox 811 913 933 964; x_wconf 80' lang='grc' dir='ltr'>ῥύμην,</span> <span class='ocrx_word' id='word_1_103' title='bbox 963 913 1078 950; x_wconf 79' lang='grc' dir='ltr'>πάντα</span> 
     </span>
     <span class='ocr_line' id='line_1_13' title="bbox 58 972 1080 1030; baseline -0.008 -14"><span class='ocrx_word' id='word_1_104' title='bbox 58 984 148 1017; x_wconf 83' lang='grc' dir='ltr'>ποιεῖ</span> <span class='ocrx_word' id='word_1_105' title='bbox 167 979 226 1016; x_wconf 85' lang='grc' dir='ltr'>καὶ</span> <span class='ocrx_word' id='word_1_106' title='bbox 245 976 529 1030; x_wconf 77' lang='grc' dir='ltr'>πραγματεύεται</span> <span class='ocrx_word' id='word_1_107' title='bbox 544 1007 553 1023; x_wconf 87' lang='grc'>,</span> <span class='ocrx_word' id='word_1_108' title='bbox 573 975 632 1013; x_wconf 77' lang='grc' dir='ltr'>καὶ</span> <span class='ocrx_word' id='word_1_109' title='bbox 669 974 726 1012; x_wconf 80' lang='grc' dir='ltr'>διὰ</span> <span class='ocrx_word' id='word_1_110' title='bbox 749 977 818 1010; x_wconf 86' lang='grc' dir='ltr'>τῶν</span> <span class='ocrx_word' id='word_1_111' title='bbox 836 974 1000 1024; x_wconf 78' lang='grc' dir='ltr'>χρηστῶν</span> <span class='ocrx_word' id='word_1_112' title='bbox 1020 972 1080 1009; x_wconf 77' lang='grc' dir='ltr'>καὶ</span> 
     </span>
     <span class='ocr_line' id='line_1_14' title="bbox 58 1031 1079 1088; baseline -0.008 -12"><span class='ocrx_word' id='word_1_113' title='bbox 58 1040 115 1076; x_wconf 81' lang='grc' dir='ltr'>διὰ</span> <span class='ocrx_word' id='word_1_114' title='bbox 143 1040 212 1075; x_wconf 83' lang='grc' dir='ltr'>τῶν</span> <span class='ocrx_word' id='word_1_115' title='bbox 230 1040 394 1088; x_wconf 82' lang='grc' dir='ltr'>λυπηρῶν</span> <span class='ocrx_word' id='word_1_116' title='bbox 417 1037 635 1073; x_wconf 82' lang='grc' dir='ltr'>ἀναστέλλων</span> <span class='ocrx_word' id='word_1_117' title='bbox 664 1050 703 1072; x_wconf 87' lang='grc' dir='ltr'>σε</span> <span class='ocrx_word' id='word_1_118' title='bbox 737 1036 799 1078; x_wconf 77' lang='grc' dir='ltr'>τῆς</span> <span class='ocrx_word' id='word_1_119' title='bbox 821 1032 891 1070; x_wconf 76' lang='grc' dir='ltr'>-ἐπὶ</span> <span class='ocrx_word' id='word_1_120' title='bbox 914 1031 959 1069; x_wconf 75' lang='grc' dir='ltr'>τὰ</span> <span class='ocrx_word' id='word_1_121' title='bbox 983 1031 1079 1069; x_wconf 76' lang='grc' dir='ltr'>κάτω</span> 
     </span>
     <span class='ocr_line' id='line_1_15' title="bbox 57 1093 1081 1149; baseline -0.006 -14"><span class='ocrx_word' id='word_1_122' title='bbox 57 1104 182 1149; x_wconf 76' lang='grc' dir='ltr'>φορᾶς,</span> <span class='ocrx_word' id='word_1_123' title='bbox 202 1097 260 1134; x_wconf 83' lang='grc' dir='ltr'>καὶ</span> <span class='ocrx_word' id='word_1_124' title='bbox 293 1097 378 1147; x_wconf 76' lang='grc' dir='ltr'>πρὸς</span> <span class='ocrx_word' id='word_1_125' title='bbox 401 1095 521 1132; x_wconf 84' lang='grc' dir='ltr'>ἑαυτὸν</span> <span class='ocrx_word' id='word_1_126' title='bbox 542 1095 725 1145; x_wconf 81' lang='grc' dir='ltr'>ἐπανάγων</span> <span class='ocrx_word' id='word_1_127' title='bbox 742 1094 826 1131; x_wconf 61' lang='lat' dir='ltr'>exal</span> <span class='ocrx_word' id='word_1_128' title='bbox 853 1093 997 1143; x_wconf 74' lang='grc' dir='ltr'>ἀπάγων</span> <span class='ocrx_word' id='word_1_129' title='bbox 1015 1108 1081 1131; x_wconf 78' lang='grc' dir='ltr'>κα-</span> 
     </span>
     <span class='ocr_line' id='line_1_16' title="bbox 58 1153 1082 1206; baseline -0.005 -11"><span class='ocrx_word' id='word_1_130' title='bbox 58 1157 135 1199; x_wconf 81' lang='grc' dir='ltr'>κίας</span> <span class='ocrx_word' id='word_1_131' title='bbox 153 1156 285 1203; x_wconf 82' lang='grc' dir='ltr'>πάσης,</span> <span class='ocrx_word' id='word_1_132' title='bbox 305 1155 327 1201; x_wconf 71' lang='grc' dir='ltr'><strong>ἢ</strong></span> <span class='ocrx_word' id='word_1_133' title='bbox 344 1155 484 1206; x_wconf 82' lang='grc' dir='ltr'>γεέννης</span> <span class='ocrx_word' id='word_1_134' title='bbox 502 1154 575 1193; x_wconf 76' lang='grc' dir='ltr'>ἐστὶ</span> <span class='ocrx_word' id='word_1_135' title='bbox 595 1154 839 1206; x_wconf 77' lang='grc' dir='ltr'>χαλεπωτέρα.</span> <span class='ocrx_word' id='word_1_136' title='bbox 858 1155 902 1191; x_wconf 79' lang='grc' dir='ltr'>Εἰ</span> <span class='ocrx_word' id='word_1_137' title='bbox 924 1153 959 1191; x_wconf 79' lang='grc' dir='ltr'>δὲ</span> <span class='ocrx_word' id='word_1_138' title='bbox 978 1155 1082 1205; x_wconf 72' lang='grc' dir='ltr'>γελᾷς</span> 
     </span>
     <span class='ocr_line' id='line_1_17' title="bbox 57 1213 1082 1267; baseline -0.004 -13"><span class='ocrx_word' id='word_1_139' title='bbox 57 1216 116 1254; x_wconf 81' lang='grc' dir='ltr'>ἐπὶ</span> <span class='ocrx_word' id='word_1_140' title='bbox 143 1222 213 1259; x_wconf 84' lang='grc' dir='ltr'>τοῖς</span> <span class='ocrx_word' id='word_1_141' title='bbox 245 1214 458 1267; x_wconf 81' lang='grc' dir='ltr'>εἰρημένοις,</span> <span class='ocrx_word' id='word_1_142' title='bbox 490 1215 550 1252; x_wconf 77' lang='grc' dir='ltr'>καὶ</span> <span class='ocrx_word' id='word_1_143' title='bbox 585 1214 746 1267; x_wconf 81' lang='grc' dir='ltr'>μυριάκις</span> <span class='ocrx_word' id='word_1_144' title='bbox 779 1216 813 1251; x_wconf 80' lang='grc' dir='ltr'>ἐν</span> <span class='ocrx_word' id='word_1_145' title='bbox 843 1213 994 1266; x_wconf 73' lang='grc' dir='ltr'>πονηρίᾳ</span> <span class='ocrx_word' id='word_1_146' title='bbox 1021 1216 1082 1264; x_wconf 70' lang='grc' dir='ltr'>ζῇν</span> 
     </span>
     <span class='ocr_line' id='line_1_18' title="bbox 58 1274 1081 1328; baseline -0.002 -14"><span class='ocrx_word' id='word_1_147' title='bbox 58 1277 204 1324; x_wconf 81' lang='grc' dir='ltr'>ἐθέλεις,</span> <span class='ocrx_word' id='word_1_148' title='bbox 223 1275 245 1323; x_wconf 79' lang='grc' dir='ltr'>ἢ</span> <span class='ocrx_word' id='word_1_149' title='bbox 262 1275 343 1326; x_wconf 83' lang='grc' dir='ltr'>μίαν</span> <span class='ocrx_word' id='word_1_150' title='bbox 361 1276 567 1320; x_wconf 78' lang='grc' dir='ltr'>κολάζεσθαι</span> <span class='ocrx_word' id='word_1_151' title='bbox 586 1274 737 1328; x_wconf 75' lang='grc' dir='ltr'>ἡμέραν,</span> <span class='ocrx_word' id='word_1_152' title='bbox 755 1275 952 1325; x_wconf 82' lang='grc' dir='ltr'>θαυμαστὸν</span> <span class='ocrx_word' id='word_1_153' title='bbox 967 1274 1081 1312; x_wconf 74' lang='grc' dir='ltr'>οὐδέν·</span> 
     </span>
     <span class='ocr_line' id='line_1_19' title="bbox 59 1336 1081 1391; baseline -0.002 -16"><span class='ocrx_word' id='word_1_154' title='bbox 59 1338 118 1376; x_wconf 82' lang='grc' dir='ltr'>καὶ</span> <span class='ocrx_word' id='word_1_155' title='bbox 138 1337 205 1391; x_wconf 84' lang='grc' dir='ltr'>γὰρ</span> <span class='ocrx_word' id='word_1_156' title='bbox 238 1337 297 1374; x_wconf 84' lang='grc' dir='ltr'>καὶ</span> <span class='ocrx_word' id='word_1_157' title='bbox 315 1337 415 1375; x_wconf 87' lang='grc' dir='ltr'>τοῦτό</span> <span class='ocrx_word' id='word_1_158' title='bbox 436 1353 494 1375; x_wconf 92' lang='grc' dir='ltr'>σου</span> <span class='ocrx_word' id='word_1_159' title='bbox 515 1340 577 1382; x_wconf 64' lang='grc' dir='ltr'>τῆς</span> <span class='ocrx_word' id='word_1_160' title='bbox 597 1339 736 1380; x_wconf 84' lang='grc' dir='ltr'>ἀτελοῦς</span> <span class='ocrx_word' id='word_1_161' title='bbox 761 1336 904 1387; x_wconf 79' lang='grc' dir='ltr'>γνώμης</span> <span class='ocrx_word' id='word_1_162' title='bbox 922 1342 1081 1386; x_wconf 82' lang='grc' dir='ltr'>σημεῖον,</span> 
     </span>
     <span class='ocr_line' id='line_1_20' title="bbox 59 1396 1083 1448; baseline -0.001 -13"><span class='ocrx_word' id='word_1_163' title='bbox 59 1398 198 1444; x_wconf 72' lang='grc' dir='ltr'>καὶτῆς</span> <span class='ocrx_word' id='word_1_164' title='bbox 233 1397 338 1448; x_wconf 88' lang='grc' dir='ltr'>μέθης</span> <span class='ocrx_word' id='word_1_165' title='bbox 366 1397 425 1435; x_wconf 84' lang='grc' dir='ltr'>καὶ</span> <span class='ocrx_word' id='word_1_166' title='bbox 455 1401 517 1443; x_wconf 70' lang='grc' dir='ltr'>τῆς</span> <span class='ocrx_word' id='word_1_167' title='bbox 546 1396 684 1435; x_wconf 76' lang='grc' dir='ltr'>ἀνιάτου</span> <span class='ocrx_word' id='word_1_168' title='bbox 706 1397 827 1435; x_wconf 84' lang='grc' dir='ltr'>νόσου·</span> <span class='ocrx_word' id='word_1_169' title='bbox 847 1397 922 1435; x_wconf 78' lang='grc' dir='ltr'>ἐπεὶ</span> <span class='ocrx_word' id='word_1_170' title='bbox 951 1397 1009 1435; x_wconf 79' lang='grc' dir='ltr'>καὶ</span> <span class='ocrx_word' id='word_1_171' title='bbox 1039 1396 1083 1434; x_wconf 74' lang='grc' dir='ltr'>τὰ</span> 
     </span>
     <span class='ocr_line' id='line_1_21' title="bbox 60 1456 1082 1509; baseline -0.001 -14"><span class='ocrx_word' id='word_1_172' title='bbox 60 1457 183 1495; x_wconf 86' lang='grc' dir='ltr'>παιδία</span> <span class='ocrx_word' id='word_1_173' title='bbox 202 1456 247 1494; x_wconf 87' lang='grc' dir='ltr'>τὰ</span> <span class='ocrx_word' id='word_1_174' title='bbox 266 1456 375 1508; x_wconf 75' lang='grc' dir='ltr'>μικρὰ</span> <span class='ocrx_word' id='word_1_175' title='bbox 396 1457 477 1495; x_wconf 81' lang='grc' dir='ltr'>ὅταν</span> <span class='ocrx_word' id='word_1_176' title='bbox 493 1457 550 1508; x_wconf 81' lang='grc' dir='ltr'>ἴδῃ</span> <span class='ocrx_word' id='word_1_177' title='bbox 572 1457 630 1495; x_wconf 85' lang='grc' dir='ltr'>τὸν</span> <span class='ocrx_word' id='word_1_178' title='bbox 649 1457 765 1509; x_wconf 78' lang='grc' dir='ltr'>ἰατρὸν</span> <span class='ocrx_word' id='word_1_179' title='bbox 784 1456 806 1502; x_wconf 74' lang='grc' dir='ltr'>ἢ</span> <span class='ocrx_word' id='word_1_180' title='bbox 837 1462 905 1509; x_wconf 87' lang='grc' dir='ltr'>πῦρ</span> <span class='ocrx_word' id='word_1_181' title='bbox 924 1456 946 1503; x_wconf 77' lang='grc' dir='ltr'>ἢ</span> <span class='ocrx_word' id='word_1_182' title='bbox 973 1457 1082 1508; x_wconf 84' lang='grc' dir='ltr'>τομὴν</span> 
     </span>
     <span class='ocr_line' id='line_1_22' title="bbox 59 1517 1085 1569; baseline -0.002 -12"><span class='ocrx_word' id='word_1_183' title='bbox 59 1518 234 1569; x_wconf 80' lang='grc' dir='ltr'>ἐπάγοντα</span> <span class='ocrx_word' id='word_1_184' title='bbox 247 1547 256 1565; x_wconf 86' lang='grc'>,</span> <span class='ocrx_word' id='word_1_185' title='bbox 281 1517 398 1569; x_wconf 82' lang='grc' dir='ltr'>φεύγει</span> <span class='ocrx_word' id='word_1_186' title='bbox 416 1518 476 1555; x_wconf 79' lang='grc' dir='ltr'>καὶ</span> <span class='ocrx_word' id='word_1_187' title='bbox 494 1518 660 1568; x_wconf 75' lang='grc' dir='ltr'>ἀποπηδᾷ</span> <span class='ocrx_word' id='word_1_188' title='bbox 689 1517 895 1560; x_wconf 85' lang='grc' dir='ltr'>ὀλολύζοντα</span> <span class='ocrx_word' id='word_1_189' title='bbox 914 1518 973 1555; x_wconf 83' lang='grc' dir='ltr'>καὶ</span> <span class='ocrx_word' id='word_1_190' title='bbox 993 1533 1085 1555; x_wconf 87' lang='grc' dir='ltr'>σπα-</span> 
     </span>
     <span class='ocr_line' id='line_1_23' title="bbox 61 1577 1085 1630; baseline -0.001 -15"><span class='ocrx_word' id='word_1_191' title='bbox 61 1578 281 1630; x_wconf 85' lang='grc' dir='ltr'>ραττόμενα,</span> <span class='ocrx_word' id='word_1_192' title='bbox 301 1578 360 1615; x_wconf 77' lang='grc' dir='ltr'>καὶ</span> <span class='ocrx_word' id='word_1_193' title='bbox 395 1580 525 1628; x_wconf 83' lang='grc' dir='ltr'>μᾶλλον</span> <span class='ocrx_word' id='word_1_194' title='bbox 561 1581 710 1629; x_wconf 85' lang='grc' dir='ltr'>αἱρεῖται</span> <span class='ocrx_word' id='word_1_195' title='bbox 738 1579 888 1623; x_wconf 79' lang='grc' dir='ltr'>διηνεκεῖ</span> <span class='ocrx_word' id='word_1_196' title='bbox 920 1577 1085 1624; x_wconf 87' lang='grc' dir='ltr'>σηπεδόνι</span> 
     </span>
     <span class='ocr_line' id='line_1_24' title="bbox 63 1638 1083 1691; baseline 0 -14"><span class='ocrx_word' id='word_1_197' title='bbox 63 1638 225 1690; x_wconf 79' lang='grc' dir='ltr'>σώματος</span> <span class='ocrx_word' id='word_1_198' title='bbox 262 1639 490 1677; x_wconf 80' lang='grc' dir='ltr'>ἐναπολέσθαι</span> <span class='ocrx_word' id='word_1_199' title='bbox 506 1669 516 1686; x_wconf 88' lang='grc'>,</span> <span class='ocrx_word' id='word_1_200' title='bbox 545 1638 566 1684; x_wconf 80' lang='grc' dir='ltr'>ἢ</span> <span class='ocrx_word' id='word_1_201' title='bbox 607 1638 815 1691; x_wconf 83' lang='grc' dir='ltr'>πρόσκαιρον</span> <span class='ocrx_word' id='word_1_202' title='bbox 847 1638 1083 1688; x_wconf 81' lang='grc' dir='ltr'>ὑπομείναντα</span> 
     </span>
     <span class='ocr_line' id='line_1_25' title="bbox 63 1699 1084 1754; baseline 0 -18"><span class='ocrx_word' id='word_1_203' title='bbox 63 1699 184 1746; x_wconf 78' lang='grc' dir='ltr'>πόνον,</span> <span class='ocrx_word' id='word_1_204' title='bbox 209 1704 272 1746; x_wconf 68' lang='grc' dir='ltr'>τῆς</span> <span class='ocrx_word' id='word_1_205' title='bbox 293 1699 381 1750; x_wconf 83' lang='grc' dir='ltr'>μετὰ</span> <span class='ocrx_word' id='word_1_206' title='bbox 396 1703 507 1737; x_wconf 88' lang='grc' dir='ltr'>ταῦτα</span> <span class='ocrx_word' id='word_1_207' title='bbox 526 1699 714 1738; x_wconf 81' lang='grc' dir='ltr'>ἀπολαύειν</span> <span class='ocrx_word' id='word_1_208' title='bbox 735 1699 865 1750; x_wconf 74' lang='grc' dir='ltr'>ὑγείας.</span> <span class='ocrx_word' id='word_1_209' title='bbox 887 1702 934 1754; x_wconf 67' lang='grc' dir='ltr'>Οἱ</span> <span class='ocrx_word' id='word_1_210' title='bbox 953 1699 988 1737; x_wconf 81' lang='grc' dir='ltr'>δὲ</span> <span class='ocrx_word' id='word_1_211' title='bbox 1007 1703 1084 1737; x_wconf 81' lang='grc' dir='ltr'>νοῦν</span> 
     </span>
     <span class='ocr_line' id='line_1_26' title="bbox 60 1759 1086 1811; baseline -0.001 -13"><span class='ocrx_word' id='word_1_212' title='bbox 60 1760 198 1811; x_wconf 74' lang='grc' dir='ltr'>ἔχοντες</span> <span class='ocrx_word' id='word_1_213' title='bbox 218 1761 345 1807; x_wconf 80' lang='grc' dir='ltr'>ἴσασιν,</span> <span class='ocrx_word' id='word_1_214' title='bbox 365 1760 418 1798; x_wconf 76' lang='grc' dir='ltr'>ὅτι</span> <span class='ocrx_word' id='word_1_215' title='bbox 440 1760 479 1798; x_wconf 78' lang='grc' dir='ltr'>τὸ</span> <span class='ocrx_word' id='word_1_216' title='bbox 498 1766 607 1798; x_wconf 78' lang='grc' dir='ltr'>νοσεῖν</span> <span class='ocrx_word' id='word_1_217' title='bbox 624 1764 683 1798; x_wconf 89' lang='grc' dir='ltr'>τοῦ</span> <span class='ocrx_word' id='word_1_218' title='bbox 710 1760 895 1810; x_wconf 83' lang='grc' dir='ltr'>τέμνεσθαι</span> <span class='ocrx_word' id='word_1_219' title='bbox 923 1759 1086 1811; x_wconf 78' lang='grc' dir='ltr'>χαλεπώ-</span> 
     </span>
     <span class='ocr_line' id='line_1_27' title="bbox 61 1814 1086 1873; baseline 0.001 -16"><span class='ocrx_word' id='word_1_220' title='bbox 61 1835 172 1872; x_wconf 82' lang='grc' dir='ltr'>τερον,</span> <span class='ocrx_word' id='word_1_221' title='bbox 187 1820 306 1871; x_wconf 81' lang='grc' dir='ltr'>ὥσπερ</span> <span class='ocrx_word' id='word_1_222' title='bbox 326 1815 416 1858; x_wconf 72' lang='grc' dir='ltr'>οῦν</span> <span class='ocrx_word' id='word_1_223' title='bbox 427 1821 465 1859; x_wconf 81' lang='grc' dir='ltr'>τὸ</span> <span class='ocrx_word' id='word_1_224' title='bbox 481 1823 597 1864; x_wconf 77' lang='grc' dir='ltr'>κακῶς</span> <span class='ocrx_word' id='word_1_225' title='bbox 614 1814 701 1858; x_wconf 67' lang='grc' dir='ltr'>εἶναι</span> <span class='ocrx_word' id='word_1_226' title='bbox 719 1825 778 1858; x_wconf 85' lang='grc' dir='ltr'>τοῦ</span> <span class='ocrx_word' id='word_1_227' title='bbox 794 1821 1000 1864; x_wconf 75' lang='grc' dir='ltr'>κολάζεσθαι</span> <span class='ocrx_word' id='word_1_228' title='bbox 1014 1827 1086 1873; x_wconf 70' lang='grc' dir='ltr'>γεῖ-</span> 
     </span>
     <span class='ocr_line' id='line_1_28' title="bbox 62 1880 1085 1934; baseline 0.001 -16"><span class='ocrx_word' id='word_1_229' title='bbox 62 1896 141 1932; x_wconf 88' lang='grc' dir='ltr'>ρον·</span> <span class='ocrx_word' id='word_1_230' title='bbox 160 1881 199 1918; x_wconf 81' lang='grc' dir='ltr'>τὸ</span> <span class='ocrx_word' id='word_1_231' title='bbox 220 1897 281 1931; x_wconf 89' lang='grc' dir='ltr'>μεν</span> <span class='ocrx_word' id='word_1_232' title='bbox 299 1880 367 1932; x_wconf 80' lang='grc' dir='ltr'>γαρ</span> <span class='ocrx_word' id='word_1_233' title='bbox 388 1881 639 1934; x_wconf 87' lang='grc' dir='ltr'>θεραπεύεσθαι</span> <span class='ocrx_word' id='word_1_234' title='bbox 659 1897 718 1918; x_wconf 84' lang='grc' dir='ltr'>και</span> <span class='ocrx_word' id='word_1_235' title='bbox 740 1880 905 1931; x_wconf 86' lang='grc' dir='ltr'>υγιαίνειν</span> <span class='ocrx_word' id='word_1_236' title='bbox 924 1898 1019 1929; x_wconf 88' lang='grc' dir='ltr'>εστι,</span> <span class='ocrx_word' id='word_1_237' title='bbox 1047 1898 1085 1919; x_wconf 84' lang='grc' dir='ltr'>το</span> 
     </span>
     <span class='ocr_line' id='line_1_29' title="bbox 1001 1942 1085 1980; baseline 0 -1"><span class='ocrx_word' id='word_1_238' title='bbox 1001 1942 1085 1980; x_wconf 86' lang='grc' dir='ltr'>Οτι</span> 
     </span>
     <span class='ocr_line' id='line_1_30' title="bbox 62 2001 1085 2054; baseline 0.001 -16"><span class='ocrx_word' id='word_1_239' title='bbox 62 2001 98 2040; x_wconf 81' lang='grc' dir='ltr'>δὲ</span> <span class='ocrx_word' id='word_1_240' title='bbox 123 2002 318 2054; x_wconf 69' lang='grc' dir='ltr'>ἀρρωστίας</span> <span class='ocrx_word' id='word_1_241' title='bbox 343 2001 442 2053; x_wconf 76' lang='grc' dir='ltr'>ὑγεία</span> <span class='ocrx_word' id='word_1_242' title='bbox 473 2005 511 2053; x_wconf 85' lang='grc' dir='ltr'>βε</span> <span class='ocrx_word' id='word_1_243' title='bbox 504 2002 620 2049; x_wconf 86' lang='grc' dir='ltr'>λτιον,</span> <span class='ocrx_word' id='word_1_244' title='bbox 640 2002 746 2040; x_wconf 79' lang='grc' dir='ltr'>παντί</span> <span class='ocrx_word' id='word_1_245' title='bbox 775 2018 840 2040; x_wconf 87' lang='grc' dir='ltr'>που</span> <span class='ocrx_word' id='word_1_246' title='bbox 863 2003 990 2047; x_wconf 78' lang='grc' dir='ltr'>δῆλ·ον</span> <span class='ocrx_word' id='word_1_247' title='bbox 1008 2002 1085 2040; x_wconf 79' lang='grc' dir='ltr'>ἐπει</span> 
     </span>
     <span class='ocr_line' id='line_1_31' title="bbox 61 2061 1085 2115; baseline 0.002 -16"><span class='ocrx_word' id='word_1_248' title='bbox 61 2061 120 2099; x_wconf 85' lang='grc' dir='ltr'>καὶ</span> <span class='ocrx_word' id='word_1_249' title='bbox 139 2061 215 2105; x_wconf 77' lang='grc' dir='ltr'>τοὺς</span> <span class='ocrx_word' id='word_1_250' title='bbox 233 2061 384 2113; x_wconf 80' lang='grc' dir='ltr'>λῃστὰς,</span> <span class='ocrx_word' id='word_1_251' title='bbox 407 2063 472 2113; x_wconf 76' lang='grc' dir='ltr'>οὐχ</span> <span class='ocrx_word' id='word_1_252' title='bbox 490 2062 572 2099; x_wconf 81' lang='grc' dir='ltr'>ὅταν</span> <span class='ocrx_word' id='word_1_253' title='bbox 591 2062 836 2115; x_wconf 87' lang='grc' dir='ltr'>διορύττωνται</span> <span class='ocrx_word' id='word_1_254' title='bbox 848 2062 909 2106; x_wconf 85' lang='grc' dir='ltr'>τὰς</span> <span class='ocrx_word' id='word_1_255' title='bbox 923 2063 1085 2115; x_wconf 84' lang='grc' dir='ltr'>πλευρὰς,</span> 
     </span>
     <span class='ocr_line' id='line_1_32' title="bbox 62 2120 1086 2175; baseline 0.003 -17"><span class='ocrx_word' id='word_1_256' title='bbox 62 2120 221 2172; x_wconf 82' lang='grc' dir='ltr'>δακρύειν</span> <span class='ocrx_word' id='word_1_257' title='bbox 243 2121 443 2169; x_wconf 58' lang='grc' dir='ltr'>ἄξιον,Ἑλλ’</span> <span class='ocrx_word' id='word_1_258' title='bbox 467 2121 548 2159; x_wconf 77' lang='grc' dir='ltr'>ὅταν</span> <span class='ocrx_word' id='word_1_259' title='bbox 570 2122 775 2175; x_wconf 86' lang='grc' dir='ltr'>διορύττωσι</span> <span class='ocrx_word' id='word_1_260' title='bbox 790 2121 927 2174; x_wconf 73' lang='grc' dir='ltr'>τοίχους</span> <span class='ocrx_word' id='word_1_261' title='bbox 946 2122 1005 2160; x_wconf 83' lang='grc' dir='ltr'>καὶ</span> <span class='ocrx_word' id='word_1_262' title='bbox 1021 2139 1086 2174; x_wconf 72' lang='grc' dir='ltr'>φο-</span> 
     </span>
     <span class='ocr_line' id='line_1_33' title="bbox 62 2177 1087 2236; baseline 0.003 -18"><span class='ocrx_word' id='word_1_263' title='bbox 62 2181 219 2221; x_wconf 85' lang='grc' dir='ltr'>νεύωσιν.</span> <span class='ocrx_word' id='word_1_264' title='bbox 234 2183 278 2219; x_wconf 85' lang='grc' dir='ltr'>Εἰ</span> <span class='ocrx_word' id='word_1_265' title='bbox 293 2182 360 2233; x_wconf 87' lang='grc' dir='ltr'>γὰρ</span> <span class='ocrx_word' id='word_1_266' title='bbox 382 2182 517 2234; x_wconf 81' lang='grc' dir='ltr'>βέλτιον</span> <span class='ocrx_word' id='word_1_267' title='bbox 530 2182 624 2234; x_wconf 77' lang='grc' dir='ltr'>ψυχὴ</span> <span class='ocrx_word' id='word_1_268' title='bbox 636 2182 815 2233; x_wconf 81' lang='grc' dir='ltr'>σώματος,</span> <span class='ocrx_word' id='word_1_269' title='bbox 830 2183 948 2236; x_wconf 81' lang='grc' dir='ltr'>ὥσπερ</span> <span class='ocrx_word' id='word_1_270' title='bbox 958 2177 1015 2220; x_wconf 69' lang='grc' dir='ltr'>οῦν</span> <span class='ocrx_word' id='word_1_271' title='bbox 1029 2184 1087 2222; x_wconf 79' lang='grc' dir='ltr'>καὶ</span> 
     </span>
     <span class='ocr_line' id='line_1_34' title="bbox 61 2241 1086 2293; baseline 0.002 -15"><span class='ocrx_word' id='word_1_272' title='bbox 61 2241 214 2291; x_wconf 86' lang='grc' dir='ltr'>βέλτιον,</span> <span class='ocrx_word' id='word_1_273' title='bbox 236 2241 363 2289; x_wconf 88' lang='grc' dir='ltr'>ταύτης</span> <span class='ocrx_word' id='word_1_274' title='bbox 382 2242 643 2293; x_wconf 79' lang='grc' dir='ltr'>ἀπολλυμένης,</span> <span class='ocrx_word' id='word_1_275' title='bbox 662 2245 792 2293; x_wconf 83' lang='grc' dir='ltr'>μᾶλλον</span> <span class='ocrx_word' id='word_1_276' title='bbox 811 2243 939 2282; x_wconf 76' lang='grc' dir='ltr'>στένειν</span> <span class='ocrx_word' id='word_1_277' title='bbox 957 2243 1086 2282; x_wconf 87' lang='grc' dir='ltr'>δίκαιον</span> 
     </span>
    </p>
   </div>
   <div class='ocr_carea' id='block_1_3' title="bbox 61 1940 979 1993">
    <p class='ocr_par' dir='ltr' id='par_1_3' title="bbox 61 1940 979 1993">
     <span class='ocr_line' id='line_1_35' title="bbox 61 1940 979 1993; baseline 0 -15"><span class='ocrx_word' id='word_1_278' title='bbox 61 1940 98 1979; x_wconf 86' lang='grc' dir='ltr'>δε</span> <span class='ocrx_word' id='word_1_279' title='bbox 119 1942 334 1980; x_wconf 84' lang='grc' dir='ltr'>ἀπόλλυσθαι</span> <span class='ocrx_word' id='word_1_280' title='bbox 352 1958 412 1980; x_wconf 81' lang='grc' dir='ltr'>και</span> <span class='ocrx_word' id='word_1_281' title='bbox 440 1944 474 1979; x_wconf 79' lang='grc' dir='ltr'>ἐν</span> <span class='ocrx_word' id='word_1_282' title='bbox 502 1941 679 1993; x_wconf 83' lang='grc' dir='ltr'>ἀρρωστίᾳ</span> <span class='ocrx_word' id='word_1_283' title='bbox 703 1945 789 1979; x_wconf 87' lang='grc' dir='ltr'>εἰναι</span> <span class='ocrx_word' id='word_1_284' title='bbox 819 1943 979 1988; x_wconf 82' lang='grc' dir='ltr'>διηνεκεῖ</span> 
     </span>
    </p>
   </div>
   <div class='ocr_carea' id='block_1_4' title="bbox 60 2301 1091 3085">
    <p class='ocr_par' dir='ltr' id='par_1_4' title="bbox 60 2301 1091 3085">
     <span class='ocr_line' id='line_1_36' title="bbox 61 2301 1088 2356; baseline 0.002 -17"><span class='ocrx_word' id='word_1_285' title='bbox 61 2301 122 2339; x_wconf 86' lang='grc' dir='ltr'>καὶ</span> <span class='ocrx_word' id='word_1_286' title='bbox 142 2301 340 2353; x_wconf 84' lang='grc' dir='ltr'>ὀδύρεσθαι·</span> <span class='ocrx_word' id='word_1_287' title='bbox 371 2305 400 2340; x_wconf 87' lang='grc' dir='ltr'>εἰ</span> <span class='ocrx_word' id='word_1_288' title='bbox 427 2302 464 2339; x_wconf 81' lang='grc' dir='ltr'>δὲ</span> <span class='ocrx_word' id='word_1_289' title='bbox 483 2302 531 2352; x_wconf 78' lang='grc' dir='ltr'>μὴ</span> <span class='ocrx_word' id='word_1_290' title='bbox 556 2303 755 2341; x_wconf 84' lang='grc' dir='ltr'>αἰσθάνοιτο</span> <span class='ocrx_word' id='word_1_291' title='bbox 769 2334 778 2351; x_wconf 94' lang='grc'>,</span> <span class='ocrx_word' id='word_1_292' title='bbox 798 2304 858 2341; x_wconf 77' lang='grc' dir='ltr'>καὶ</span> <span class='ocrx_word' id='word_1_293' title='bbox 878 2303 987 2356; x_wconf 64' lang='grc' dir='ltr'>ταύτῃΙ</span> <span class='ocrx_word' id='word_1_294' title='bbox 1011 2319 1088 2354; x_wconf 87' lang='grc' dir='ltr'>μει-</span> 
     </span>
     <span class='ocr_line' id='line_1_37' title="bbox 61 2361 1089 2417; baseline 0.004 -18"><span class='ocrx_word' id='word_1_295' title='bbox 61 2361 166 2406; x_wconf 82' lang='grc' dir='ltr'>ζόνως</span> <span class='ocrx_word' id='word_1_296' title='bbox 182 2361 288 2409; x_wconf 84' lang='grc' dir='ltr'>αὐτὴν</span> <span class='ocrx_word' id='word_1_297' title='bbox 305 2366 439 2401; x_wconf 87' lang='grc' dir='ltr'>πενθεῖν</span> <span class='ocrx_word' id='word_1_298' title='bbox 456 2363 475 2382; x_wconf 78' lang='lat'><strong>*</strong></span> <span class='ocrx_word' id='word_1_299' title='bbox 491 2365 552 2401; x_wconf 86' lang='grc' dir='ltr'>δεῖ.</span> <span class='ocrx_word' id='word_1_300' title='bbox 573 2363 642 2402; x_wconf 80' lang='grc' dir='ltr'>Καὶ</span> <span class='ocrx_word' id='word_1_301' title='bbox 662 2364 729 2416; x_wconf 81' lang='grc' dir='ltr'>γὰρ</span> <span class='ocrx_word' id='word_1_302' title='bbox 748 2363 827 2408; x_wconf 66' lang='grc' dir='ltr'>τοὺς</span> <span class='ocrx_word' id='word_1_303' title='bbox 840 2367 991 2417; x_wconf 77' lang='grc' dir='ltr'>ἐρῶντας</span> <span class='ocrx_word' id='word_1_304' title='bbox 1009 2365 1089 2403; x_wconf 83' lang='grc' dir='ltr'>ἀκό-</span> 
     </span>
     <span class='ocr_line' id='line_1_38' title="bbox 61 2423 1089 2476; baseline 0.003 -16"><span class='ocrx_word' id='word_1_305' title='bbox 61 2424 187 2460; x_wconf 86' lang='grc' dir='ltr'>λαστον</span> <span class='ocrx_word' id='word_1_306' title='bbox 208 2423 321 2474; x_wconf 82' lang='grc' dir='ltr'>ἔρωτα</span> <span class='ocrx_word' id='word_1_307' title='bbox 331 2426 398 2461; x_wconf 81' lang='grc' dir='ltr'>τῶν</span> <span class='ocrx_word' id='word_1_308' title='bbox 410 2424 648 2475; x_wconf 85' lang='grc' dir='ltr'>πυρεττόντων</span> <span class='ocrx_word' id='word_1_309' title='bbox 662 2427 827 2476; x_wconf 74' lang='grc' dir='ltr'>χαλεπῶς</span> <span class='ocrx_word' id='word_1_310' title='bbox 837 2427 969 2476; x_wconf 79' lang='grc' dir='ltr'>μᾶλλον</span> <span class='ocrx_word' id='word_1_311' title='bbox 983 2428 1089 2464; x_wconf 79' lang='grc' dir='ltr'>ἐλεεῖν</span> 
     </span>
     <span class='ocr_line' id='line_1_39' title="bbox 62 2482 1090 2537; baseline 0.004 -17"><span class='ocrx_word' id='word_1_312' title='bbox 62 2482 169 2530; x_wconf 80' lang='grc' dir='ltr'>ἄξιον,</span> <span class='ocrx_word' id='word_1_313' title='bbox 183 2483 243 2520; x_wconf 82' lang='grc' dir='ltr'>καὶ</span> <span class='ocrx_word' id='word_1_314' title='bbox 261 2483 340 2526; x_wconf 78' lang='grc' dir='ltr'>τοὺς</span> <span class='ocrx_word' id='word_1_315' title='bbox 357 2484 544 2533; x_wconf 86' lang='grc' dir='ltr'>μεθύοντας</span> <span class='ocrx_word' id='word_1_316' title='bbox 563 2488 629 2523; x_wconf 78' lang='grc' dir='ltr'>τῶν</span> <span class='ocrx_word' id='word_1_317' title='bbox 653 2486 947 2537; x_wconf 84' lang='grc' dir='ltr'>βασανιζομένων.</span> <span class='ocrx_word' id='word_1_318' title='bbox 970 2486 1038 2524; x_wconf 81' lang='grc' dir='ltr'>Καὶ</span> <span class='ocrx_word' id='word_1_319' title='bbox 1061 2489 1090 2524; x_wconf 88' lang='grc' dir='ltr'>εἷ</span> 
     </span>
     <span class='ocr_line' id='line_1_40' title="bbox 63 2543 1090 2599; baseline 0.005 -20"><span class='ocrx_word' id='word_1_320' title='bbox 63 2547 174 2580; x_wconf 84' lang='grc' dir='ltr'>ταῦτα</span> <span class='ocrx_word' id='word_1_321' title='bbox 187 2543 418 2595; x_wconf 81' lang='grc' dir='ltr'>χαλεπώτερα</span> <span class='ocrx_word' id='word_1_322' title='bbox 430 2573 440 2590; x_wconf 87' lang='grc'>,</span> <span class='ocrx_word' id='word_1_323' title='bbox 460 2545 566 2596; x_wconf 80' lang='grc' dir='ltr'>φησὶ,</span> <span class='ocrx_word' id='word_1_324' title='bbox 583 2545 639 2584; x_wconf 84' lang='grc' dir='ltr'>διὰ</span> <span class='ocrx_word' id='word_1_325' title='bbox 653 2545 688 2583; x_wconf 88' lang='grc' dir='ltr'>τί</span> <span class='ocrx_word' id='word_1_326' title='bbox 709 2548 839 2596; x_wconf 86' lang='grc' dir='ltr'>μᾶλλον</span> <span class='ocrx_word' id='word_1_327' title='bbox 858 2546 947 2584; x_wconf 85' lang='grc' dir='ltr'>αὐτὰ</span> <span class='ocrx_word' id='word_1_328' title='bbox 967 2547 1090 2599; x_wconf 82' lang='grc' dir='ltr'>αἱρού-</span> 
     </span>
     <span class='ocr_line' id='line_1_41' title="bbox 67 2602 1090 2659; baseline 0.005 -18"><span class='ocrx_word' id='word_1_329' title='bbox 67 2607 171 2653; x_wconf 70' lang='grc' dir='ltr'>μεθα,</span> <span class='ocrx_word' id='word_1_330' title='bbox 191 2602 278 2642; x_wconf 66' lang='grc' dir='ltr'>ςὈτι</span> <span class='ocrx_word' id='word_1_331' title='bbox 295 2605 435 2648; x_wconf 87' lang='grc' dir='ltr'>πολλοῖς</span> <span class='ocrx_word' id='word_1_332' title='bbox 453 2607 521 2643; x_wconf 84' lang='grc' dir='ltr'>τῶν</span> <span class='ocrx_word' id='word_1_333' title='bbox 544 2605 747 2657; x_wconf 85' lang='grc' dir='ltr'>ἀνθρώπων,</span> <span class='ocrx_word' id='word_1_334' title='bbox 768 2606 860 2644; x_wconf 84' lang='grc' dir='ltr'>κατὰ</span> <span class='ocrx_word' id='word_1_335' title='bbox 877 2606 940 2654; x_wconf 80' lang='grc' dir='ltr'>τὴν</span> <span class='ocrx_word' id='word_1_336' title='bbox 968 2623 1090 2659; x_wconf 89' lang='grc' dir='ltr'>παροι-</span> 
     </span>
     <span class='ocr_line' id='line_1_42' title="bbox 65 2663 1090 2718; baseline 0.005 -18"><span class='ocrx_word' id='word_1_337' title='bbox 65 2663 164 2713; x_wconf 83' lang='grc' dir='ltr'>μίαν,</span> <span class='ocrx_word' id='word_1_338' title='bbox 194 2663 333 2715; x_wconf 83' lang='grc' dir='ltr'>ἀρέσκει</span> <span class='ocrx_word' id='word_1_339' title='bbox 364 2664 408 2701; x_wconf 85' lang='grc' dir='ltr'>τὰ</span> <span class='ocrx_word' id='word_1_340' title='bbox 440 2664 548 2717; x_wconf 77' lang='grc' dir='ltr'>χείρω</span> <span class='ocrx_word' id='word_1_341' title='bbox 561 2696 570 2713; x_wconf 85' lang='grc'>,</span> <span class='ocrx_word' id='word_1_342' title='bbox 588 2665 649 2703; x_wconf 75' lang='grc' dir='ltr'>καὶ</span> <span class='ocrx_word' id='word_1_343' title='bbox 667 2669 780 2704; x_wconf 88' lang='grc' dir='ltr'>ταῦτα</span> <span class='ocrx_word' id='word_1_344' title='bbox 811 2668 1016 2718; x_wconf 81' lang='grc' dir='ltr'>αἱροῦνται,</span> <span class='ocrx_word' id='word_1_345' title='bbox 1046 2667 1090 2705; x_wconf 82' lang='grc' dir='ltr'>τὰ</span> 
     </span>
     <span class='ocr_line' id='line_1_43' title="bbox 65 2724 1089 2781; baseline 0.006 -21"><span class='ocrx_word' id='word_1_346' title='bbox 65 2724 197 2771; x_wconf 88' lang='grc' dir='ltr'>ἀμείνω</span> <span class='ocrx_word' id='word_1_347' title='bbox 215 2724 504 2777; x_wconf 81' lang='grc' dir='ltr'>παρατρέχοντες.</span> <span class='ocrx_word' id='word_1_348' title='bbox 526 2724 642 2777; x_wconf 54' lang='grc' dir='ltr'>υΟπερ</span> <span class='ocrx_word' id='word_1_349' title='bbox 669 2726 728 2763; x_wconf 84' lang='grc' dir='ltr'>καὶ</span> <span class='ocrx_word' id='word_1_350' title='bbox 749 2729 782 2764; x_wconf 81' lang='grc' dir='ltr'>ἐν</span> <span class='ocrx_word' id='word_1_351' title='bbox 803 2727 988 2778; x_wconf 79' lang='grc' dir='ltr'>ἐδέσμασιν</span> <span class='ocrx_word' id='word_1_352' title='bbox 1007 2732 1089 2781; x_wconf 76' lang='grc' dir='ltr'>ὁρᾷν</span> 
     </span>
     <span class='ocr_line' id='line_1_44' title="bbox 63 2785 1090 2838; baseline 0.005 -17"><span class='ocrx_word' id='word_1_353' title='bbox 63 2786 158 2832; x_wconf 81' lang='grc' dir='ltr'>ἐστι,</span> <span class='ocrx_word' id='word_1_354' title='bbox 181 2785 240 2822; x_wconf 85' lang='grc' dir='ltr'>καὶ</span> <span class='ocrx_word' id='word_1_355' title='bbox 262 2788 296 2823; x_wconf 79' lang='grc' dir='ltr'>ἐν</span> <span class='ocrx_word' id='word_1_356' title='bbox 315 2785 506 2830; x_wconf 85' lang='grc' dir='ltr'>πολιτείαις</span> <span class='ocrx_word' id='word_1_357' title='bbox 521 2786 580 2825; x_wconf 74' lang='grc' dir='ltr'>καὶ</span> <span class='ocrx_word' id='word_1_358' title='bbox 601 2789 634 2824; x_wconf 80' lang='grc' dir='ltr'>ἐν</span> <span class='ocrx_word' id='word_1_359' title='bbox 650 2787 764 2834; x_wconf 73' lang='grc' dir='ltr'>ζήλοις</span> <span class='ocrx_word' id='word_1_360' title='bbox 785 2787 867 2838; x_wconf 88' lang='grc' dir='ltr'>βίων</span> <span class='ocrx_word' id='word_1_361' title='bbox 885 2787 944 2825; x_wconf 84' lang='grc' dir='ltr'>καὶ</span> <span class='ocrx_word' id='word_1_362' title='bbox 961 2789 995 2826; x_wconf 83' lang='grc' dir='ltr'>ἓν</span> <span class='ocrx_word' id='word_1_363' title='bbox 1011 2790 1090 2835; x_wconf 80' lang='grc' dir='ltr'>ἡδο-</span> 
     </span>
     <span class='ocr_line' id='line_1_45' title="bbox 60 2845 1088 2898; baseline 0.005 -16"><span class='ocrx_word' id='word_1_364' title='bbox 60 2848 124 2891; x_wconf 79' lang='grc' dir='ltr'>νῆς</span> <span class='ocrx_word' id='word_1_365' title='bbox 142 2845 332 2884; x_wconf 83' lang='grc' dir='ltr'>ἀπολαύσει</span> <span class='ocrx_word' id='word_1_366' title='bbox 362 2846 422 2884; x_wconf 81' lang='grc' dir='ltr'>καὶ</span> <span class='ocrx_word' id='word_1_367' title='bbox 446 2849 480 2885; x_wconf 81' lang='grc' dir='ltr'>ἐν</span> <span class='ocrx_word' id='word_1_368' title='bbox 500 2846 634 2898; x_wconf 74' lang='grc' dir='ltr'>γυναιξὶ</span> <span class='ocrx_word' id='word_1_369' title='bbox 655 2847 715 2886; x_wconf 80' lang='grc' dir='ltr'>καὶ</span> <span class='ocrx_word' id='word_1_370' title='bbox 738 2849 773 2886; x_wconf 82' lang='grc' dir='ltr'>ἐν</span> <span class='ocrx_word' id='word_1_371' title='bbox 796 2848 920 2891; x_wconf 82' lang='grc' dir='ltr'>οἰκίαις</span> <span class='ocrx_word' id='word_1_372' title='bbox 954 2849 1015 2887; x_wconf 83' lang='grc' dir='ltr'>καὶ</span> <span class='ocrx_word' id='word_1_373' title='bbox 1053 2852 1088 2887; x_wconf 81' lang='grc' dir='ltr'>ἐν</span> 
     </span>
     <span class='ocr_line' id='line_1_46' title="bbox 64 2906 1091 2959; baseline 0.006 -17"><span class='ocrx_word' id='word_1_374' title='bbox 64 2906 290 2957; x_wconf 86' lang='grc' dir='ltr'>ἀνδραπόδοις</span> <span class='ocrx_word' id='word_1_375' title='bbox 315 2907 375 2944; x_wconf 83' lang='grc' dir='ltr'>καὶ</span> <span class='ocrx_word' id='word_1_376' title='bbox 396 2908 430 2944; x_wconf 80' lang='grc' dir='ltr'>ἓν</span> <span class='ocrx_word' id='word_1_377' title='bbox 452 2908 588 2959; x_wconf 87' lang='grc' dir='ltr'>ἀγροῖς,</span> <span class='ocrx_word' id='word_1_378' title='bbox 608 2908 668 2946; x_wconf 79' lang='grc' dir='ltr'>καὶ</span> <span class='ocrx_word' id='word_1_379' title='bbox 688 2907 745 2945; x_wconf 80' lang='grc' dir='ltr'>ἐπὶ</span> <span class='ocrx_word' id='word_1_380' title='bbox 757 2910 825 2946; x_wconf 85' lang='grc' dir='ltr'>τῶν</span> <span class='ocrx_word' id='word_1_381' title='bbox 844 2909 957 2946; x_wconf 79' lang='grc' dir='ltr'>ἄλλων</span> <span class='ocrx_word' id='word_1_382' title='bbox 977 2909 1091 2948; x_wconf 82' lang='grc' dir='ltr'>ἁπάν-</span> 
     </span>
     <span class='ocr_line' id='line_1_47' title="bbox 63 2966 1090 3023; baseline 0.005 -20"><span class='ocrx_word' id='word_1_383' title='bbox 63 2982 132 3004; x_wconf 86' lang='grc' dir='ltr'>των</span> <span class='ocrx_word' id='word_1_384' title='bbox 149 2966 340 3017; x_wconf 88' lang='grc' dir='ltr'>γινόμενον.</span> <span class='ocrx_word' id='word_1_385' title='bbox 361 2967 409 3005; x_wconf 91' lang='grc' dir='ltr'>Τί</span> <span class='ocrx_word' id='word_1_386' title='bbox 425 2968 492 3020; x_wconf 76' lang='grc' dir='ltr'>γὰρ</span> <span class='ocrx_word' id='word_1_387' title='bbox 510 2969 619 3017; x_wconf 77' lang='grc' dir='ltr'>ἥδιον,</span> <span class='ocrx_word' id='word_1_388' title='bbox 637 2969 714 3007; x_wconf 87' lang='grc' dir='ltr'>εἶπέ</span> <span class='ocrx_word' id='word_1_389' title='bbox 731 2985 808 3020; x_wconf 90' lang='grc' dir='ltr'>μοι,</span> <span class='ocrx_word' id='word_1_390' title='bbox 825 2970 975 3021; x_wconf 80' lang='grc' dir='ltr'>γυναιξὶν</span> <span class='ocrx_word' id='word_1_391' title='bbox 993 2970 1014 3017; x_wconf 80' lang='grc' dir='ltr'>ἢ</span> <span class='ocrx_word' id='word_1_392' title='bbox 1030 2971 1090 3023; x_wconf 77' lang='grc' dir='ltr'>ἄῤ-</span> 
     </span>
     <span class='ocr_line' id='line_1_48' title="bbox 66 3029 1088 3085; baseline 0.006 -18"><span class='ocrx_word' id='word_1_393' title='bbox 66 3033 139 3081; x_wconf 76' lang='grc' dir='ltr'>ῥεσι</span> <span class='ocrx_word' id='word_1_394' title='bbox 158 3029 359 3081; x_wconf 70' lang='grc' dir='ltr'>μίγνυσθαι,</span> <span class='ocrx_word' id='word_1_395' title='bbox 379 3032 533 3081; x_wconf 80' lang='grc' dir='ltr'>γυναιξὶν</span> <span class='ocrx_word' id='word_1_396' title='bbox 548 3032 570 3079; x_wconf 80' lang='grc' dir='ltr'>ἢ</span> <span class='ocrx_word' id='word_1_397' title='bbox 587 3033 761 3084; x_wconf 70' lang='grc' dir='ltr'>ἡμιόνοις,</span> <span class='ocrx_word' id='word_1_398' title='bbox 780 3033 872 3072; x_wconf 81' lang='grc' dir='ltr'>Ἀλλ’</span> <span class='ocrx_word' id='word_1_399' title='bbox 893 3034 987 3085; x_wconf 77' lang='grc' dir='ltr'>ὅμως</span> <span class='ocrx_word' id='word_1_400' title='bbox 999 3038 1088 3073; x_wconf 84' lang='grc' dir='ltr'>πολ-</span> 
     </span>
    </p>
   </div>
   <div class='ocr_carea' id='block_1_5' title="bbox 68 3096 1090 3153">
    <p class='ocr_par' dir='ltr' id='par_1_5' title="bbox 68 3096 1090 3153">
     <span class='ocr_line' id='line_1_49' title="bbox 68 3096 1090 3153; baseline 0.005 -19"><span class='ocrx_word' id='word_1_401' title='bbox 68 3096 147 3139; x_wconf 73' lang='grc' dir='ltr'>λοὶις</span> <span class='ocrx_word' id='word_1_402' title='bbox 168 3098 357 3149; x_wconf 77' lang='grc' dir='ltr'>εὑρήσομεν</span> <span class='ocrx_word' id='word_1_403' title='bbox 377 3105 542 3149; x_wconf 85' lang='grc' dir='ltr'>γυναῖκας</span> <span class='ocrx_word' id='word_1_404' title='bbox 558 3099 620 3150; x_wconf 82' lang='grc' dir='ltr'>μὲν</span> <span class='ocrx_word' id='word_1_405' title='bbox 637 3100 939 3153; x_wconf 81' lang='grc' dir='ltr'>παρατρέχοντας,</span> <span class='ocrx_word' id='word_1_406' title='bbox 955 3102 1090 3153; x_wconf 80' lang='grc' dir='ltr'>ἀλόγοις</span> 
     </span>
    </p>
   </div>
   <div class='ocr_carea' id='block_1_6' title="bbox 69 3229 1074 3433">
    <p class='ocr_par' dir='ltr' id='par_1_6' title="bbox 69 3229 1074 3433">
     <span class='ocr_line' id='line_1_50' title="bbox 112 3229 1073 3276; baseline 0.007 -16"><span class='ocrx_word' id='word_1_407' title='bbox 112 3239 125 3253; x_wconf 80' lang='lat'><strong>⁰</strong></span> <span class='ocrx_word' id='word_1_408' title='bbox 150 3229 226 3261; x_wconf 86' lang='lat' dir='ltr'><strong>MSS.</strong></span> <span class='ocrx_word' id='word_1_409' title='bbox 245 3235 294 3264; x_wconf 58' lang='grc' dir='ltr'>καὶ</span> <span class='ocrx_word' id='word_1_410' title='bbox 318 3235 531 3266; x_wconf 67' lang='grc' dir='ltr'>ἀπαλλάττων.</span> <span class='ocrx_word' id='word_1_411' title='bbox 557 3233 644 3264; x_wconf 79' lang='lat' dir='ltr'>Item</span> <span class='ocrx_word' id='word_1_412' title='bbox 670 3234 706 3264; x_wconf 89' lang='lat' dir='ltr'>A.</span> <span class='ocrx_word' id='word_1_413' title='bbox 727 3235 783 3276; x_wconf 76' lang='lat' dir='ltr'>qui</span> <span class='ocrx_word' id='word_1_414' title='bbox 808 3241 841 3266; x_wconf 81' lang='lat' dir='ltr'>el.</span> <span class='ocrx_word' id='word_1_415' title='bbox 869 3239 984 3276; x_wconf 73' lang='grc' dir='ltr'>ἀνάγων</span> <span class='ocrx_word' id='word_1_416' title='bbox 1011 3245 1073 3276; x_wconf 80' lang='lat' dir='ltr'>pro</span> 
     </span>
     <span class='ocr_line' id='line_1_51' title="bbox 69 3282 248 3324; baseline -0.017 -9"><span class='ocrx_word' id='word_1_417' title='bbox 69 3282 248 3324; x_wconf 58' lang='lat' dir='ltr'>&amp;narde-sm}</span> 
     </span>
     <span class='ocr_line' id='line_1_52' title="bbox 113 3333 1074 3381; baseline 0.008 -17"><span class='ocrx_word' id='word_1_418' title='bbox 113 3342 127 3356; x_wconf 66' lang='grc' dir='ltr'>τ·</span> <span class='ocrx_word' id='word_1_419' title='bbox 152 3333 210 3374; x_wconf 81' lang='grc' dir='ltr'>[Α.</span> <span class='ocrx_word' id='word_1_420' title='bbox 231 3341 400 3366; x_wconf 75' lang='lat' dir='ltr'>correctus</span> <span class='ocrx_word' id='word_1_421' title='bbox 427 3340 458 3369; x_wconf 69' lang='grc' dir='ltr'>τὸ</span> <span class='ocrx_word' id='word_1_422' title='bbox 484 3341 571 3374; x_wconf 69' lang='grc' dir='ltr'>κακὸς</span> <span class='ocrx_word' id='word_1_423' title='bbox 589 3339 671 3370; x_wconf 75' lang='grc' dir='ltr'>εἶναι.</span> <span class='ocrx_word' id='word_1_424' title='bbox 688 3336 789 3370; x_wconf 82' lang='lat' dir='ltr'>Savil.</span> <span class='ocrx_word' id='word_1_425' title='bbox 810 3338 952 3381; x_wconf 84' lang='lat' dir='ltr'>conjecit</span> <span class='ocrx_word' id='word_1_426' title='bbox 968 3341 1074 3375; x_wconf 56' lang='lat' dir='ltr'>runos),-</span> 
     </span>
     <span class='ocr_line' id='line_1_53' title="bbox 259 3409 424 3433; baseline 0.006 -1"><span class='ocrx_word' id='word_1_427' title='bbox 259 3409 339 3432; x_wconf 84' lang='grc' dir='ltr'>ΤΟΜ</span> <span class='ocrx_word' id='word_1_428' title='bbox 373 3410 424 3433; x_wconf 78' lang='lat' dir='ltr'>ix.</span> 
     </span>
    </p>
   </div>
   <div class='ocr_carea' id='block_1_7' title="bbox 1219 229 1474 259">
    <p class='ocr_par' dir='ltr' id='par_1_7' title="bbox 1219 229 1474 259">
     <span class='ocr_line' id='line_1_54' title="bbox 1219 229 1474 259; baseline 0.004 -1"><span class='ocrx_word' id='word_1_429' title='bbox 1219 229 1371 259; x_wconf 76' lang='lat' dir='ltr'>HOMIL.</span> <span class='ocrx_word' id='word_1_430' title='bbox 1413 231 1474 259; x_wconf 81' lang='lat' dir='ltr'>lx.</span> 
     </span>
    </p>
   </div>
   <div class='ocr_carea' id='block_1_8' title="bbox 2040 213 2127 275">
    <p class='ocr_par' dir='ltr' id='par_1_8' title="bbox 2040 213 2127 275">
     <span class='ocr_line' id='line_1_55' title="bbox 2040 213 2127 275; baseline 0.023 -17"><span class='ocrx_word' id='word_1_431' title='bbox 2040 213 2127 275; x_wconf 74' lang='lat'>567</span> 
     </span>
    </p>
   </div>
   <div class='ocr_carea' id='block_1_9' title="bbox 1098 308 2196 3154">
    <p class='ocr_par' dir='ltr' id='par_1_9' title="bbox 1098 308 2182 3154">
     <span class='ocr_line' id='line_1_56' title="bbox 1206 308 2132 360; baseline -0.001 -14"><span class='ocrx_word' id='word_1_432' title='bbox 1206 310 1243 347; x_wconf 70' lang='lat'>4.</span> <span class='ocrx_word' id='word_1_433' title='bbox 1277 309 1460 347; x_wconf 85' lang='lat' dir='ltr'>Imitemur</span> <span class='ocrx_word' id='word_1_434' title='bbox 1479 322 1561 360; x_wconf 86' lang='lat' dir='ltr'>crgo</span> <span class='ocrx_word' id='word_1_435' title='bbox 1588 317 1620 346; x_wconf 88' lang='lat' dir='ltr'>et</span> <span class='ocrx_word' id='word_1_436' title='bbox 1642 323 1703 346; x_wconf 90' lang='lat' dir='ltr'>nos</span> <span class='ocrx_word' id='word_1_437' title='bbox 1731 322 1897 360; x_wconf 80' lang='lat' dir='ltr'>supernas</span> <span class='ocrx_word' id='word_1_438' title='bbox 1917 308 1997 345; x_wconf 81' lang='lat' dir='ltr'>illas</span> <span class='ocrx_word' id='word_1_439' title='bbox 2034 318 2132 360; x_wconf 83' lang='lat' dir='ltr'>pote-</span> 
     </span>
     <span class='ocr_line' id='line_1_57' title="bbox 1154 370 2128 422; baseline -0.001 -15"><span class='ocrx_word' id='word_1_440' title='bbox 1154 379 1272 416; x_wconf 80' lang='lat' dir='ltr'>states,</span> <span class='ocrx_word' id='word_1_441' title='bbox 1289 379 1321 408; x_wconf 88' lang='lat' dir='ltr'>et</span> <span class='ocrx_word' id='word_1_442' title='bbox 1339 384 1407 408; x_wconf 88' lang='lat' dir='ltr'>non</span> <span class='ocrx_word' id='word_1_443' title='bbox 1428 371 1535 408; x_wconf 85' lang='lat' dir='ltr'>modo</span> <span class='ocrx_word' id='word_1_444' title='bbox 1550 384 1659 422; x_wconf 84' lang='lat' dir='ltr'><strong>prope</strong></span> <span class='ocrx_word' id='word_1_445' title='bbox 1683 370 1814 407; x_wconf 89' lang='lat' dir='ltr'>solium</span> <span class='ocrx_word' id='word_1_446' title='bbox 1837 379 1928 407; x_wconf 85' lang='lat' dir='ltr'>stare</span> <span class='ocrx_word' id='word_1_447' title='bbox 1945 383 2128 418; x_wconf 83' lang='lat' dir='ltr'>curemus,</span> 
     </span>
     <span class='ocr_line' id='line_1_58' title="bbox 1152 431 2133 482; baseline -0.001 -13"><span class='ocrx_word' id='word_1_448' title='bbox 1152 431 1211 469; x_wconf 86' lang='lat' dir='ltr'>sed</span> <span class='ocrx_word' id='word_1_449' title='bbox 1228 432 1334 469; x_wconf 87' lang='lat' dir='ltr'>etiam</span> <span class='ocrx_word' id='word_1_450' title='bbox 1354 446 1448 478; x_wconf 90' lang='lat' dir='ltr'>eum,</span> <span class='ocrx_word' id='word_1_451' title='bbox 1471 431 1533 482; x_wconf 89' lang='lat' dir='ltr'>qui</span> <span class='ocrx_word' id='word_1_452' title='bbox 1554 433 1589 469; x_wconf 90' lang='lat' dir='ltr'>in</span> <span class='ocrx_word' id='word_1_453' title='bbox 1611 432 1698 469; x_wconf 89' lang='lat' dir='ltr'>solio</span> <span class='ocrx_word' id='word_1_454' title='bbox 1716 431 1822 480; x_wconf 83' lang='lat' dir='ltr'>sedet,</span> <span class='ocrx_word' id='word_1_455' title='bbox 1847 431 1883 468; x_wconf 88' lang='lat' dir='ltr'>in</span> <span class='ocrx_word' id='word_1_456' title='bbox 1905 431 2004 469; x_wconf 87' lang='lat' dir='ltr'>nobis</span> <span class='ocrx_word' id='word_1_457' title='bbox 2028 432 2133 468; x_wconf 83' lang='lat' dir='ltr'>habi-</span> 
     </span>
     <span class='ocr_line' id='line_1_59' title="bbox 1151 491 2128 542; baseline 0 -14"><span class='ocrx_word' id='word_1_458' title='bbox 1151 500 1280 528; x_wconf 78' lang='lat' dir='ltr'>tantem</span> <span class='ocrx_word' id='word_1_459' title='bbox 1296 491 1438 528; x_wconf 69' lang='lat' dir='ltr'>habere</span> <span class='ocrx_word' id='word_1_460' title='bbox 1457 492 1522 528; x_wconf 89' lang='lat' dir='ltr'>Ille</span> <span class='ocrx_word' id='word_1_461' title='bbox 1538 506 1688 542; x_wconf 84' lang='lat' dir='ltr'>namque</span> <span class='ocrx_word' id='word_1_462' title='bbox 1703 501 1736 529; x_wconf 88' lang='lat' dir='ltr'>et</span> <span class='ocrx_word' id='word_1_463' title='bbox 1755 506 1790 529; x_wconf 84' lang='lat' dir='ltr'>se</span> <span class='ocrx_word' id='word_1_464' title='bbox 1804 491 1962 529; x_wconf 83' lang='lat' dir='ltr'>odientes</span> <span class='ocrx_word' id='word_1_465' title='bbox 1980 492 2128 537; x_wconf 84' lang='lat' dir='ltr'>amavit,</span> 
     </span>
     <span class='ocr_line' id='line_1_60' title="bbox 1150 561 1545 603; baseline 0.003 -15"><span class='ocrx_word' id='word_1_466' title='bbox 1150 561 1184 588; x_wconf 90' lang='lat' dir='ltr'>et</span> <span class='ocrx_word' id='word_1_467' title='bbox 1206 566 1323 589; x_wconf 73' lang='lat' dir='ltr'>amare</span> <span class='ocrx_word' id='word_1_468' title='bbox 1348 566 1470 603; x_wconf 81' lang='lat' dir='ltr'>persev</span> <span class='ocrx_word' id='word_1_469' title='bbox 1473 562 1545 589; x_wconf 70' lang='lat' dir='ltr'>etat</span> 
     </span>
     <span class='ocr_line' id='line_1_61' title="bbox 1150 601 2196 665; baseline 0.002 -18"><span class='ocrx_word' id='word_1_470' title='bbox 1150 624 1261 662; x_wconf 80' lang='lat' dir='ltr'>super</span> <span class='ocrx_word' id='word_1_471' title='bbox 1292 613 1414 649; x_wconf 79' lang='lat' dir='ltr'>malos</span> <span class='ocrx_word' id='word_1_472' title='bbox 1433 621 1469 649; x_wconf 81' lang='lat' dir='ltr'>et</span> <span class='ocrx_word' id='word_1_473' title='bbox 1491 616 1623 659; x_wconf 69' lang='lat' dir='ltr'><em>[101on</em></span> <span class='ocrx_word' id='word_1_474' title='bbox 1644 622 1680 649; x_wconf 75' lang='lat' dir='ltr'>et</span> <span class='ocrx_word' id='word_1_475' title='bbox 1696 614 1795 663; x_wconf 79' lang='lat' dir='ltr'>pluit</span> <span class='ocrx_word' id='word_1_476' title='bbox 1823 627 1936 664; x_wconf 78' lang='lat' dir='ltr'>super·</span> <span class='ocrx_word' id='word_1_477' title='bbox 1948 623 2074 665; x_wconf 76' lang='lat' dir='ltr'>Justos</span> <span class='ocrx_word' id='word_1_478' title='bbox 2095 623 2131 651; x_wconf 65' lang='grc' dir='ltr'>(ε</span> <span class='ocrx_word' id='word_1_479' title='bbox 2146 601 2196 641; x_wconf 73' lang='grc'>4)·</span> 
     </span>
     <span class='ocr_line' id='line_1_62' title="bbox 1150 673 2132 725; baseline 0.002 -17"><span class='ocrx_word' id='word_1_480' title='bbox 1150 674 1322 723; x_wconf 82' lang='lat' dir='ltr'>injustos.</span> <span class='ocrx_word' id='word_1_481' title='bbox 1346 673 1405 708; x_wconf 89' lang='lat' dir='ltr'>Tu</span> <span class='ocrx_word' id='word_1_482' title='bbox 1433 686 1514 722; x_wconf 80' lang='lat' dir='ltr'>eigo</span> <span class='ocrx_word' id='word_1_483' title='bbox 1542 682 1575 710; x_wconf 88' lang='lat' dir='ltr'>te</span> <span class='ocrx_word' id='word_1_484' title='bbox 1600 682 1776 710; x_wconf 79' lang='lat' dir='ltr'>amantem</span> <span class='ocrx_word' id='word_1_485' title='bbox 1809 687 1907 718; x_wconf 77' lang='lat' dir='ltr'>ama3</span> <span class='ocrx_word' id='word_1_486' title='bbox 1937 682 1970 710; x_wconf 75' lang='lat' dir='ltr'>te</span> <span class='ocrx_word' id='word_1_487' title='bbox 2000 674 2132 725; x_wconf 82' lang='lat' dir='ltr'>quippe</span> 
     </span>
     <span class='ocr_line' id='line_1_63' title="bbox 1151 732 2131 784; baseline 0.004 -17"><span class='ocrx_word' id='word_1_488' title='bbox 1151 740 1256 768; x_wconf 70' lang='lat' dir='ltr'>amat.</span> <span class='ocrx_word' id='word_1_489' title='bbox 1278 732 1325 769; x_wconf 86' lang='lat' dir='ltr'>Et</span> <span class='ocrx_word' id='word_1_490' title='bbox 1344 732 1533 781; x_wconf 88' lang='lat' dir='ltr'>quomodo,</span> <span class='ocrx_word' id='word_1_491' title='bbox 1555 732 1704 782; x_wconf 85' lang='lat' dir='ltr'>inquies,</span> <span class='ocrx_word' id='word_1_492' title='bbox 1721 732 1782 769; x_wconf 88' lang='lat' dir='ltr'>ille</span> <span class='ocrx_word' id='word_1_493' title='bbox 1796 733 1857 782; x_wconf 84' lang='lat' dir='ltr'>qui</span> <span class='ocrx_word' id='word_1_494' title='bbox 1876 743 1982 781; x_wconf 80' lang='lat' dir='ltr'>amat,</span> <span class='ocrx_word' id='word_1_495' title='bbox 2003 735 2131 784; x_wconf 83' lang='lat' dir='ltr'>gehen-</span> 
     </span>
     <span class='ocr_line' id='line_1_64' title="bbox 1149 793 2131 844; baseline 0.004 -16"><span class='ocrx_word' id='word_1_496' title='bbox 1149 805 1244 839; x_wconf 86' lang='lat' dir='ltr'>nam,</span> <span class='ocrx_word' id='word_1_497' title='bbox 1267 806 1409 843; x_wconf 77' lang='lat' dir='ltr'>poenam</span> <span class='ocrx_word' id='word_1_498' title='bbox 1432 801 1464 829; x_wconf 89' lang='lat' dir='ltr'>et</span> <span class='ocrx_word' id='word_1_499' title='bbox 1481 793 1697 844; x_wconf 84' lang='lat' dir='ltr'>supplicium</span> <span class='ocrx_word' id='word_1_500' title='bbox 1718 794 1952 831; x_wconf 78' lang='lat' dir='ltr'>comminatus</span> <span class='ocrx_word' id='word_1_501' title='bbox 1974 795 2053 832; x_wconf 73' lang='lat' dir='ltr'>est?</span> <span class='ocrx_word' id='word_1_502' title='bbox 2073 795 2131 833; x_wconf 82' lang='lat' dir='ltr'>Ex</span> 
     </span>
     <span class='ocr_line' id='line_1_65' title="bbox 1151 852 2131 903; baseline 0.003 -14"><span class='ocrx_word' id='word_1_503' title='bbox 1151 866 1190 889; x_wconf 89' lang='lat' dir='ltr'>eo</span> <span class='ocrx_word' id='word_1_504' title='bbox 1206 853 1284 903; x_wconf 87' lang='lat' dir='ltr'>ipso</span> <span class='ocrx_word' id='word_1_505' title='bbox 1300 852 1395 901; x_wconf 89' lang='lat' dir='ltr'>quod</span> <span class='ocrx_word' id='word_1_506' title='bbox 1422 861 1528 890; x_wconf 85' lang='lat' dir='ltr'>amet.</span> <span class='ocrx_word' id='word_1_507' title='bbox 1548 855 1641 891; x_wconf 87' lang='lat' dir='ltr'>Nam</span> <span class='ocrx_word' id='word_1_508' title='bbox 1662 854 1834 890; x_wconf 76' lang='lat' dir='ltr'>malitiam</span> <span class='ocrx_word' id='word_1_509' title='bbox 1854 855 2072 901; x_wconf 84' lang='lat' dir='ltr'><strong>rescindens,</strong></span> <span class='ocrx_word' id='word_1_510' title='bbox 2096 865 2131 892; x_wconf 90' lang='lat' dir='ltr'>et</span> 
     </span>
     <span class='ocr_line' id='line_1_66' title="bbox 1149 912 2132 967; baseline 0.005 -19"><span class='ocrx_word' id='word_1_511' title='bbox 1149 912 1276 949; x_wconf 88' lang='lat' dir='ltr'>timore</span> <span class='ocrx_word' id='word_1_512' title='bbox 1298 921 1481 961; x_wconf 80' lang='lat' dir='ltr'>tamquam</span> <span class='ocrx_word' id='word_1_513' title='bbox 1495 913 1593 949; x_wconf 86' lang='lat' dir='ltr'>freno</span> <span class='ocrx_word' id='word_1_514' title='bbox 1616 921 1718 949; x_wconf 72' lang='lat' dir='ltr'>‘&#39;tuum</span> <span class='ocrx_word' id='word_1_515' title='bbox 1747 927 1908 951; x_wconf 77' lang='lat' dir='ltr'>coercens</span> <span class='ocrx_word' id='word_1_516' title='bbox 1936 915 1983 952; x_wconf 80' lang='lat' dir='ltr'>ad</span> <span class='ocrx_word' id='word_1_517' title='bbox 2010 918 2132 967; x_wconf 83' lang='lat' dir='ltr'>pejora</span> 
     </span>
     <span class='ocr_line' id='line_1_67' title="bbox 1151 970 2133 1023; baseline 0.006 -17"><span class='ocrx_word' id='word_1_518' title='bbox 1151 970 1339 1021; x_wconf 87' lang='lat' dir='ltr'>impetum,</span> <span class='ocrx_word' id='word_1_519' title='bbox 1363 971 1455 1008; x_wconf 82' lang='lat' dir='ltr'>nihil</span> <span class='ocrx_word' id='word_1_520' title='bbox 1474 985 1546 1009; x_wconf 89' lang='lat' dir='ltr'>non</span> <span class='ocrx_word' id='word_1_521' title='bbox 1569 972 1654 1022; x_wconf 79' lang='lat' dir='ltr'>agit,</span> <span class='ocrx_word' id='word_1_522' title='bbox 1677 981 1716 1009; x_wconf 85' lang='lat' dir='ltr'>ut</span> <span class='ocrx_word' id='word_1_523' title='bbox 1730 987 1793 1023; x_wconf 85' lang='lat' dir='ltr'>per</span> <span class='ocrx_word' id='word_1_524' title='bbox 1820 974 1910 1010; x_wconf 87' lang='lat' dir='ltr'>bona</span> <span class='ocrx_word' id='word_1_525' title='bbox 1929 983 1961 1011; x_wconf 87' lang='lat' dir='ltr'>et</span> <span class='ocrx_word' id='word_1_526' title='bbox 1988 976 2133 1012; x_wconf 81' lang='lat' dir='ltr'>molesta</span> 
     </span>
     <span class='ocr_line' id='line_1_68' title="bbox 1150 1031 2138 1081; baseline 0.005 -15"><span class='ocrx_word' id='word_1_527' title='bbox 1150 1044 1302 1081; x_wconf 89' lang='lat' dir='ltr'>pronum</span> <span class='ocrx_word' id='word_1_528' title='bbox 1318 1040 1420 1068; x_wconf 86' lang='lat' dir='ltr'>tuum</span> <span class='ocrx_word' id='word_1_529' title='bbox 1438 1031 1484 1068; x_wconf 85' lang='lat' dir='ltr'>ad</span> <span class='ocrx_word' id='word_1_530' title='bbox 1498 1031 1621 1069; x_wconf 85' lang='lat' dir='ltr'>infima</span> <span class='ocrx_word' id='word_1_531' title='bbox 1635 1033 1791 1070; x_wconf 82' lang='lat' dir='ltr'>animum</span> <span class='ocrx_word' id='word_1_532' title='bbox 1808 1033 1970 1081; x_wconf 82' lang='lat' dir='ltr'>retineat,</span> <span class='ocrx_word' id='word_1_533' title='bbox 1992 1044 2025 1071; x_wconf 89' lang='lat' dir='ltr'>et</span> <span class='ocrx_word' id='word_1_534' title='bbox 2041 1036 2085 1072; x_wconf 81' lang='lat' dir='ltr'>ad</span> <span class='ocrx_word' id='word_1_535' title='bbox 2101 1049 2138 1071; x_wconf 85' lang='lat' dir='ltr'>se</span> 
     </span>
     <span class='ocr_line' id='line_1_69' title="bbox 1150 1090 2139 1145; baseline 0.006 -19"><span class='ocrx_word' id='word_1_536' title='bbox 1150 1090 1297 1127; x_wconf 82' lang='lat' dir='ltr'>reducat</span> <span class='ocrx_word' id='word_1_537' title='bbox 1325 1100 1360 1128; x_wconf 86' lang='lat' dir='ltr'>et</span> <span class='ocrx_word' id='word_1_538' title='bbox 1389 1090 1543 1129; x_wconf 79' lang='lat' dir='ltr'>abducat</span> <span class='ocrx_word' id='word_1_539' title='bbox 1575 1093 1620 1130; x_wconf 83' lang='lat' dir='ltr'>ab</span> <span class='ocrx_word' id='word_1_540' title='bbox 1653 1093 1749 1130; x_wconf 89' lang='lat' dir='ltr'>omni</span> <span class='ocrx_word' id='word_1_541' title='bbox 1779 1094 1952 1143; x_wconf 84' lang='lat' dir='ltr'>nequitia,</span> <span class='ocrx_word' id='word_1_542' title='bbox 1979 1109 2056 1145; x_wconf 84' lang='lat' dir='ltr'>quae</span> <span class='ocrx_word' id='word_1_543' title='bbox 2087 1105 2139 1132; x_wconf 81' lang='lat' dir='ltr'>est</span> 
     </span>
     <span class='ocr_line' id='line_1_70' title="bbox 1153 1151 2139 1206; baseline 0.005 -18"><span class='ocrx_word' id='word_1_544' title='bbox 1153 1151 1310 1202; x_wconf 87' lang='lat' dir='ltr'>gehenna</span> <span class='ocrx_word' id='word_1_545' title='bbox 1331 1152 1485 1203; x_wconf 81' lang='lat' dir='ltr'>gravior.</span> <span class='ocrx_word' id='word_1_546' title='bbox 1503 1154 1608 1201; x_wconf 85' lang='lat' dir='ltr'>Quod</span> <span class='ocrx_word' id='word_1_547' title='bbox 1626 1155 1655 1191; x_wconf 92' lang='lat' dir='ltr'>si</span> <span class='ocrx_word' id='word_1_548' title='bbox 1675 1154 1720 1191; x_wconf 89' lang='lat' dir='ltr'>de</span> <span class='ocrx_word' id='word_1_549' title='bbox 1734 1155 1810 1206; x_wconf 85' lang='lat' dir='ltr'>jam</span> <span class='ocrx_word' id='word_1_550' title='bbox 1824 1155 1930 1193; x_wconf 89' lang='lat' dir='ltr'>dictis</span> <span class='ocrx_word' id='word_1_551' title='bbox 1953 1156 2083 1203; x_wconf 80' lang='lat' dir='ltr'>rideas,</span> <span class='ocrx_word' id='word_1_552' title='bbox 2105 1166 2139 1194; x_wconf 88' lang='lat' dir='ltr'>et</span> 
     </span>
     <span class='ocr_line' id='line_1_71' title="bbox 1152 1214 2139 1270; baseline 0.005 -19"><span class='ocrx_word' id='word_1_553' title='bbox 1152 1214 1296 1252; x_wconf 87' lang='lat' dir='ltr'>omnino</span> <span class='ocrx_word' id='word_1_554' title='bbox 1310 1215 1412 1252; x_wconf 85' lang='lat' dir='ltr'>malis</span> <span class='ocrx_word' id='word_1_555' title='bbox 1431 1215 1465 1252; x_wconf 92' lang='lat' dir='ltr'>in</span> <span class='ocrx_word' id='word_1_556' title='bbox 1483 1215 1640 1265; x_wconf 85' lang='lat' dir='ltr'>nequitia</span> <span class='ocrx_word' id='word_1_557' title='bbox 1657 1217 1792 1263; x_wconf 74' lang='lat' dir='ltr'>vivere,</span> <span class='ocrx_word' id='word_1_558' title='bbox 1814 1232 1921 1267; x_wconf 79' lang='lat' dir='ltr'>quam</span> <span class='ocrx_word' id='word_1_559' title='bbox 1940 1232 2010 1255; x_wconf 91' lang='lat' dir='ltr'>uno</span> <span class='ocrx_word' id='word_1_560' title='bbox 2025 1219 2139 1270; x_wconf 78' lang='lat' dir='ltr'>affligi</span> 
     </span>
     <span class='ocr_line' id='line_1_72' title="bbox 1152 1274 2140 1330; baseline 0.005 -19"><span class='ocrx_word' id='word_1_561' title='bbox 1152 1274 1223 1321; x_wconf 86' lang='lat' dir='ltr'>die,</span> <span class='ocrx_word' id='word_1_562' title='bbox 1245 1275 1339 1312; x_wconf 85' lang='lat' dir='ltr'>nihil</span> <span class='ocrx_word' id='word_1_563' title='bbox 1358 1275 1492 1312; x_wconf 87' lang='lat' dir='ltr'>mirum</span> <span class='ocrx_word' id='word_1_564' title='bbox 1509 1291 1517 1313; x_wconf 78' lang='lat' dir='ltr'><strong><em>z</em></strong></span> <span class='ocrx_word' id='word_1_565' title='bbox 1535 1290 1617 1314; x_wconf 88' lang='lat' dir='ltr'>nam</span> <span class='ocrx_word' id='word_1_566' title='bbox 1641 1277 1709 1314; x_wconf 88' lang='lat' dir='ltr'>hoc</span> <span class='ocrx_word' id='word_1_567' title='bbox 1728 1278 1927 1330; x_wconf 82' lang='lat' dir='ltr'>imperfecti</span> <span class='ocrx_word' id='word_1_568' title='bbox 1959 1279 2070 1316; x_wconf 86' lang='lat' dir='ltr'>animi</span> <span class='ocrx_word' id='word_1_569' title='bbox 2086 1281 2140 1317; x_wconf 82' lang='lat' dir='ltr'>tui</span> 
     </span>
     <span class='ocr_line' id='line_1_73' title="bbox 1153 1335 2137 1389; baseline 0.005 -17"><span class='ocrx_word' id='word_1_570' title='bbox 1153 1335 1296 1386; x_wconf 84' lang='lat' dir='ltr'>signum</span> <span class='ocrx_word' id='word_1_571' title='bbox 1323 1343 1372 1373; x_wconf 74' lang='lat' dir='ltr'>est</span> <span class='ocrx_word' id='word_1_572' title='bbox 1388 1366 1400 1386; x_wconf 96' lang='lat'>,</span> <span class='ocrx_word' id='word_1_573' title='bbox 1427 1345 1460 1374; x_wconf 89' lang='lat' dir='ltr'>et</span> <span class='ocrx_word' id='word_1_574' title='bbox 1489 1336 1671 1374; x_wconf 81' lang='lat' dir='ltr'>ebrietatis</span> <span class='ocrx_word' id='word_1_575' title='bbox 1696 1337 1975 1389; x_wconf 85' lang='lat' dir='ltr'>insanabilisque</span> <span class='ocrx_word' id='word_1_576' title='bbox 2006 1339 2137 1377; x_wconf 84' lang='lat' dir='ltr'>morbi.</span> 
     </span>
     <span class='ocr_line' id='line_1_74' title="bbox 1153 1399 2142 1454; baseline 0.006 -19"><span class='ocrx_word' id='word_1_577' title='bbox 1153 1399 1246 1436; x_wconf 86' lang='lat' dir='ltr'>Nam</span> <span class='ocrx_word' id='word_1_578' title='bbox 1268 1408 1303 1436; x_wconf 89' lang='lat' dir='ltr'>et</span> <span class='ocrx_word' id='word_1_579' title='bbox 1321 1400 1463 1450; x_wconf 84' lang='lat' dir='ltr'>pueruli</span> <span class='ocrx_word' id='word_1_580' title='bbox 1487 1414 1569 1437; x_wconf 89' lang='lat' dir='ltr'>cum</span> <span class='ocrx_word' id='word_1_581' title='bbox 1591 1400 1716 1438; x_wconf 82' lang='lat' dir='ltr'>vident</span> <span class='ocrx_word' id='word_1_582' title='bbox 1745 1399 1924 1439; x_wconf 86' lang='lat' dir='ltr'>medicum</span> <span class='ocrx_word' id='word_1_583' title='bbox 1943 1402 2060 1454; x_wconf 89' lang='lat' dir='ltr'>ignem</span> <span class='ocrx_word' id='word_1_584' title='bbox 2081 1404 2142 1441; x_wconf 79' lang='lat' dir='ltr'>vel</span> 
     </span>
     <span class='ocr_line' id='line_1_75' title="bbox 1153 1458 2141 1516; baseline 0.006 -21"><span class='ocrx_word' id='word_1_585' title='bbox 1153 1458 1340 1496; x_wconf 86' lang='lat' dir='ltr'>sectionem</span> <span class='ocrx_word' id='word_1_586' title='bbox 1368 1459 1615 1510; x_wconf 80' lang='lat' dir='ltr'>inducentem,</span> <span class='ocrx_word' id='word_1_587' title='bbox 1635 1461 1778 1512; x_wconf 85' lang='lat' dir='ltr'>fugiunt</span> <span class='ocrx_word' id='word_1_588' title='bbox 1798 1471 1832 1499; x_wconf 83' lang='lat' dir='ltr'>et</span> <span class='ocrx_word' id='word_1_589' title='bbox 1858 1463 2042 1510; x_wconf 84' lang='lat' dir='ltr'>resiliunt,</span> <span class='ocrx_word' id='word_1_590' title='bbox 2065 1465 2141 1516; x_wconf 90' lang='lat' dir='ltr'>eju—</span> 
     </span>
     <span class='ocr_line' id='line_1_76' title="bbox 1153 1519 2142 1576; baseline 0.006 -20"><span class='ocrx_word' id='word_1_591' title='bbox 1153 1519 1265 1557; x_wconf 83' lang='lat' dir='ltr'>lantes</span> <span class='ocrx_word' id='word_1_592' title='bbox 1286 1529 1320 1558; x_wconf 84' lang='lat' dir='ltr'>et</span> <span class='ocrx_word' id='word_1_593' title='bbox 1348 1535 1421 1558; x_wconf 87' lang='lat' dir='ltr'>sese</span> <span class='ocrx_word' id='word_1_594' title='bbox 1445 1521 1652 1571; x_wconf 76' lang='lat' dir='ltr'>lacerantes,</span> <span class='ocrx_word' id='word_1_595' title='bbox 1679 1523 1889 1574; x_wconf 76' lang='lat' dir='ltr'>maluntque</span> <span class='ocrx_word' id='word_1_596' title='bbox 1913 1524 1949 1561; x_wconf 88' lang='lat' dir='ltr'>in</span> <span class='ocrx_word' id='word_1_597' title='bbox 1971 1533 2142 1576; x_wconf 84' lang='lat' dir='ltr'>perpetua</span> 
     </span>
     <span class='ocr_line' id='line_1_77' title="bbox 1155 1581 2142 1637; baseline 0.007 -20"><span class='ocrx_word' id='word_1_598' title='bbox 1155 1581 1314 1632; x_wconf 82' lang='lat' dir='ltr'>coipmis</span> <span class='ocrx_word' id='word_1_599' title='bbox 1344 1582 1550 1633; x_wconf 82' lang='lat' dir='ltr'>purulentia</span> <span class='ocrx_word' id='word_1_600' title='bbox 1577 1584 1714 1634; x_wconf 81' lang='lat' dir='ltr'>perile,</span> <span class='ocrx_word' id='word_1_601' title='bbox 1743 1599 1850 1634; x_wconf 84' lang='lat' dir='ltr'>quam</span> <span class='ocrx_word' id='word_1_602' title='bbox 1875 1594 2142 1637; x_wconf 82' lang='lat' dir='ltr'>temporaneum</span> 
     </span>
     <span class='ocr_line' id='line_1_78' title="bbox 1155 1641 2143 1697; baseline 0.007 -19"><span class='ocrx_word' id='word_1_603' title='bbox 1155 1641 1360 1679; x_wconf 82' lang='lat' dir='ltr'>sustinendo</span> <span class='ocrx_word' id='word_1_604' title='bbox 1379 1642 1553 1690; x_wconf 89' lang='lat' dir='ltr'>dolorem,</span> <span class='ocrx_word' id='word_1_605' title='bbox 1580 1644 1765 1682; x_wconf 82' lang='lat' dir='ltr'>sanitatem</span> <span class='ocrx_word' id='word_1_606' title='bbox 1785 1655 1904 1696; x_wconf 82' lang='lat' dir='ltr'>postea</span> <span class='ocrx_word' id='word_1_607' title='bbox 1925 1647 2075 1697; x_wconf 78' lang='lat' dir='ltr'>assequi</span> <span class='ocrx_word' id='word_1_608' title='bbox 2097 1650 2143 1685; x_wconf 86' lang='lat' dir='ltr'>At</span> 
     </span>
     <span class='ocr_line' id='line_1_79' title="bbox 1153 1701 2143 1758; baseline 0.008 -21"><span class='ocrx_word' id='word_1_609' title='bbox 1153 1701 1216 1752; x_wconf 89' lang='lat' dir='ltr'>qui</span> <span class='ocrx_word' id='word_1_610' title='bbox 1241 1711 1356 1739; x_wconf 86' lang='lat' dir='ltr'>mente</span> <span class='ocrx_word' id='word_1_611' title='bbox 1375 1703 1508 1752; x_wconf 79' lang='lat' dir='ltr'>valent,</span> <span class='ocrx_word' id='word_1_612' title='bbox 1536 1703 1653 1741; x_wconf 88' lang='lat' dir='ltr'>sciunt</span> <span class='ocrx_word' id='word_1_613' title='bbox 1681 1704 1825 1755; x_wconf 79' lang='lat' dir='ltr'>giavius</span> <span class='ocrx_word' id='word_1_614' title='bbox 1852 1720 1926 1743; x_wconf 88' lang='lat' dir='ltr'>esse</span> <span class='ocrx_word' id='word_1_615' title='bbox 1952 1716 2143 1758; x_wconf 37' lang='lat' dir='ltr'>aegmiotaiffi</span> 
     </span>
     <span class='ocr_line' id='line_1_80' title="bbox 1157 1763 2144 1816; baseline 0.006 -16"><span class='ocrx_word' id='word_1_616' title='bbox 1157 1777 1265 1813; x_wconf 88' lang='lat' dir='ltr'>quam</span> <span class='ocrx_word' id='word_1_617' title='bbox 1281 1763 1402 1814; x_wconf 86' lang='lat' dir='ltr'>aliqua</span> <span class='ocrx_word' id='word_1_618' title='bbox 1416 1764 1572 1803; x_wconf 86' lang='lat' dir='ltr'>sectione</span> <span class='ocrx_word' id='word_1_619' title='bbox 1592 1765 1699 1814; x_wconf 84' lang='lat' dir='ltr'>affici,</span> <span class='ocrx_word' id='word_1_620' title='bbox 1719 1766 2020 1816; x_wconf 83' lang='lat' dir='ltr'>quemadmodum</span> <span class='ocrx_word' id='word_1_621' title='bbox 2036 1768 2144 1806; x_wconf 83' lang='lat' dir='ltr'>etiam</span> 
     </span>
     <span class='ocr_line' id='line_1_81' title="bbox 1158 1823 2143 1878; baseline 0.006 -18"><span class='ocrx_word' id='word_1_622' title='bbox 1158 1823 1362 1875; x_wconf 85' lang='lat' dir='ltr'>improbum</span> <span class='ocrx_word' id='word_1_623' title='bbox 1379 1838 1452 1862; x_wconf 85' lang='lat' dir='ltr'>esse</span> <span class='ocrx_word' id='word_1_624' title='bbox 1464 1826 1568 1877; x_wconf 86' lang='lat' dir='ltr'>pejus</span> <span class='ocrx_word' id='word_1_625' title='bbox 1585 1834 1647 1873; x_wconf 81' lang='lat' dir='ltr'>est,</span> <span class='ocrx_word' id='word_1_626' title='bbox 1666 1840 1770 1875; x_wconf 83' lang='lat' dir='ltr'>quam</span> <span class='ocrx_word' id='word_1_627' title='bbox 1790 1826 1912 1878; x_wconf 89' lang='lat' dir='ltr'>puniri</span> <span class='ocrx_word' id='word_1_628' title='bbox 1934 1843 1942 1863; x_wconf 88' lang='lat'>:</span> <span class='ocrx_word' id='word_1_629' title='bbox 1965 1828 2032 1865; x_wconf 88' lang='lat' dir='ltr'>hoc</span> <span class='ocrx_word' id='word_1_630' title='bbox 2050 1829 2143 1867; x_wconf 89' lang='lat' dir='ltr'>enim</span> 
     </span>
     <span class='ocr_line' id='line_1_82' title="bbox 1098 1886 2143 1940; baseline 0.004 -18"><span class='ocrx_word' id='word_1_631' title='bbox 1098 1910 1145 1936; x_wconf 86' lang='lat'>517</span> <span class='ocrx_word' id='word_1_632' title='bbox 1159 1895 1209 1923; x_wconf 87' lang='lat' dir='ltr'>est</span> <span class='ocrx_word' id='word_1_633' title='bbox 1225 1886 1342 1923; x_wconf 78' lang='lat' dir='ltr'>curari</span> <span class='ocrx_word' id='word_1_634' title='bbox 1361 1894 1394 1923; x_wconf 88' lang='lat' dir='ltr'>et</span> <span class='ocrx_word' id='word_1_635' title='bbox 1409 1895 1529 1937; x_wconf 85' lang='lat' dir='ltr'>postea</span> <span class='ocrx_word' id='word_1_636' title='bbox 1548 1886 1637 1924; x_wconf 89' lang='lat' dir='ltr'>bene</span> <span class='ocrx_word' id='word_1_637' title='bbox 1655 1887 1788 1934; x_wconf 78' lang='lat' dir='ltr'>valere,</span> <span class='ocrx_word' id='word_1_638' title='bbox 1813 1887 1906 1925; x_wconf 87' lang='lat' dir='ltr'>illud</span> <span class='ocrx_word' id='word_1_639' title='bbox 1923 1902 2007 1926; x_wconf 74' lang='lat' dir='ltr'>vero</span> <span class='ocrx_word' id='word_1_640' title='bbox 2028 1889 2143 1940; x_wconf 88' lang='lat' dir='ltr'>perire</span> 
     </span>
     <span class='ocr_line' id='line_1_83' title="bbox 1108 1946 2144 1999; baseline 0.005 -16"><span class='ocrx_word' id='word_1_641' title='bbox 1108 1948 1134 1976; x_wconf 85' lang='lat' dir='ltr'>A</span> <span class='ocrx_word' id='word_1_642' title='bbox 1157 1955 1191 1984; x_wconf 86' lang='lat' dir='ltr'>et</span> <span class='ocrx_word' id='word_1_643' title='bbox 1219 1946 1255 1984; x_wconf 93' lang='lat' dir='ltr'>in</span> <span class='ocrx_word' id='word_1_644' title='bbox 1283 1956 1453 1998; x_wconf 86' lang='lat' dir='ltr'>perpetua</span> <span class='ocrx_word' id='word_1_645' title='bbox 1476 1947 1686 1999; x_wconf 77' lang='lat' dir='ltr'>aegritudine</span> <span class='ocrx_word' id='word_1_646' title='bbox 1717 1949 1862 1986; x_wconf 80' lang='lat' dir='ltr'>versari.</span> <span class='ocrx_word' id='word_1_647' title='bbox 1892 1949 2000 1995; x_wconf 89' lang='lat' dir='ltr'>Quod</span> <span class='ocrx_word' id='word_1_648' title='bbox 2024 1959 2144 1988; x_wconf 86' lang='lat' dir='ltr'>autem</span> 
     </span>
     <span class='ocr_line' id='line_1_84' title="bbox 1157 2006 2143 2060; baseline 0.004 -16"><span class='ocrx_word' id='word_1_649' title='bbox 1157 2007 1248 2044; x_wconf 84' lang='lat' dir='ltr'>bona</span> <span class='ocrx_word' id='word_1_650' title='bbox 1271 2006 1441 2045; x_wconf 77' lang='lat' dir='ltr'>valetudo</span> <span class='ocrx_word' id='word_1_651' title='bbox 1461 2007 1666 2058; x_wconf 79' lang='lat' dir='ltr'>aegritudini</span> <span class='ocrx_word' id='word_1_652' title='bbox 1693 2008 1738 2045; x_wconf 89' lang='lat' dir='ltr'>sit</span> <span class='ocrx_word' id='word_1_653' title='bbox 1761 2009 1991 2060; x_wconf 81' lang='lat' dir='ltr'>praeferenda,</span> <span class='ocrx_word' id='word_1_654' title='bbox 2009 2011 2143 2048; x_wconf 84' lang='lat' dir='ltr'>nemini</span> 
     </span>
     <span class='ocr_line' id='line_1_85' title="bbox 1157 2069 2143 2120; baseline 0.004 -15"><span class='ocrx_word' id='word_1_655' title='bbox 1157 2081 1227 2105; x_wconf 92' lang='lat' dir='ltr'>non</span> <span class='ocrx_word' id='word_1_656' title='bbox 1260 2077 1384 2106; x_wconf 89' lang='lat' dir='ltr'>notum</span> <span class='ocrx_word' id='word_1_657' title='bbox 1415 2077 1466 2106; x_wconf 85' lang='lat' dir='ltr'>est</span> <span class='ocrx_word' id='word_1_658' title='bbox 1502 2084 1509 2104; x_wconf 91' lang='lat'><strong>:</strong></span> <span class='ocrx_word' id='word_1_659' title='bbox 1541 2069 1831 2119; x_wconf 84' lang='lat' dir='ltr'>quandoquidem</span> <span class='ocrx_word' id='word_1_660' title='bbox 1863 2080 1895 2108; x_wconf 87' lang='lat' dir='ltr'>et</span> <span class='ocrx_word' id='word_1_661' title='bbox 1923 2071 2040 2120; x_wconf 83' lang='lat' dir='ltr'>fures,</span> <span class='ocrx_word' id='word_1_662' title='bbox 2072 2085 2143 2110; x_wconf 88' lang='lat' dir='ltr'>non</span> 
     </span>
     <span class='ocr_line' id='line_1_86' title="bbox 1158 2127 2143 2182; baseline 0.005 -18"><span class='ocrx_word' id='word_1_663' title='bbox 1158 2127 1298 2178; x_wconf 86' lang='lat' dir='ltr'>quando</span> <span class='ocrx_word' id='word_1_664' title='bbox 1318 2127 1477 2179; x_wconf 88' lang='lat' dir='ltr'>ipsorum</span> <span class='ocrx_word' id='word_1_665' title='bbox 1502 2128 1610 2166; x_wconf 82' lang='lat' dir='ltr'>latera</span> <span class='ocrx_word' id='word_1_666' title='bbox 1632 2129 1891 2181; x_wconf 85' lang='lat' dir='ltr'>perfodiuntur,</span> <span class='ocrx_word' id='word_1_667' title='bbox 1912 2131 1974 2168; x_wconf 90' lang='lat' dir='ltr'>sed</span> <span class='ocrx_word' id='word_1_668' title='bbox 2001 2132 2143 2182; x_wconf 89' lang='lat' dir='ltr'>quando</span> 
     </span>
     <span class='ocr_line' id='line_1_87' title="bbox 1162 2189 2144 2244; baseline 0.006 -19"><span class='ocrx_word' id='word_1_669' title='bbox 1162 2202 1281 2226; x_wconf 87' lang='lat' dir='ltr'>muros</span> <span class='ocrx_word' id='word_1_670' title='bbox 1296 2189 1499 2240; x_wconf 87' lang='lat' dir='ltr'>perfodiunt</span> <span class='ocrx_word' id='word_1_671' title='bbox 1512 2198 1545 2227; x_wconf 84' lang='lat' dir='ltr'>et</span> <span class='ocrx_word' id='word_1_672' title='bbox 1559 2190 1740 2239; x_wconf 85' lang='lat' dir='ltr'>occidunt,</span> <span class='ocrx_word' id='word_1_673' title='bbox 1755 2191 1925 2243; x_wconf 84' lang='lat' dir='ltr'>lacrymis</span> <span class='ocrx_word' id='word_1_674' title='bbox 1937 2192 2037 2244; x_wconf 80' lang='lat' dir='ltr'>digni</span> <span class='ocrx_word' id='word_1_675' title='bbox 2052 2204 2144 2231; x_wconf 88' lang='lat' dir='ltr'>sunt.</span> 
     </span>
     <span class='ocr_line' id='line_1_88' title="bbox 1160 2249 2146 2303; baseline 0.006 -16"><span class='ocrx_word' id='word_1_676' title='bbox 1160 2249 1198 2287; x_wconf 85' lang='lat' dir='ltr'>Si</span> <span class='ocrx_word' id='word_1_677' title='bbox 1214 2249 1306 2287; x_wconf 89' lang='lat' dir='ltr'>enim</span> <span class='ocrx_word' id='word_1_678' title='bbox 1323 2250 1450 2288; x_wconf 87' lang='lat' dir='ltr'>melior</span> <span class='ocrx_word' id='word_1_679' title='bbox 1464 2259 1515 2288; x_wconf 79' lang='lat' dir='ltr'>est</span> <span class='ocrx_word' id='word_1_680' title='bbox 1528 2250 1645 2288; x_wconf 81' lang='lat' dir='ltr'>anima</span> <span class='ocrx_word' id='word_1_681' title='bbox 1660 2265 1817 2303; x_wconf 83' lang='lat' dir='ltr'>corpore,</span> <span class='ocrx_word' id='word_1_682' title='bbox 1832 2261 1870 2290; x_wconf 88' lang='lat' dir='ltr'>ut</span> <span class='ocrx_word' id='word_1_683' title='bbox 1886 2267 2007 2292; x_wconf 85' lang='lat' dir='ltr'>revera</span> <span class='ocrx_word' id='word_1_684' title='bbox 2021 2255 2146 2293; x_wconf 87' lang='lat' dir='ltr'>melior</span> 
     </span>
     <span class='ocr_line' id='line_1_89' title="bbox 1159 2311 2146 2367; baseline 0.007 -19"><span class='ocrx_word' id='word_1_685' title='bbox 1159 2319 1234 2361; x_wconf 75' lang='lat' dir='ltr'>est,</span> <span class='ocrx_word' id='word_1_686' title='bbox 1267 2311 1329 2348; x_wconf 89' lang='lat' dir='ltr'>illa</span> <span class='ocrx_word' id='word_1_687' title='bbox 1351 2321 1491 2349; x_wconf 86' lang='lat' dir='ltr'>mortua</span> <span class='ocrx_word' id='word_1_688' title='bbox 1519 2312 1633 2363; x_wconf 79' lang='lat' dir='ltr'>magis</span> <span class='ocrx_word' id='word_1_689' title='bbox 1652 2313 1848 2364; x_wconf 84' lang='lat' dir='ltr'>lugendum</span> <span class='ocrx_word' id='word_1_690' title='bbox 1879 2324 1911 2352; x_wconf 88' lang='lat' dir='ltr'>et</span> <span class='ocrx_word' id='word_1_691' title='bbox 1932 2317 2146 2367; x_wconf 83' lang='lat' dir='ltr'>gemendum</span> 
     </span>
     <span class='ocr_line' id='line_1_90' title="bbox 1161 2371 2145 2428; baseline 0.006 -19"><span class='ocrx_word' id='word_1_692' title='bbox 1161 2380 1213 2409; x_wconf 85' lang='lat' dir='ltr'>est</span> <span class='ocrx_word' id='word_1_693' title='bbox 1234 2387 1241 2407; x_wconf 71' lang='grc' dir='ltr'>ε</span> <span class='ocrx_word' id='word_1_694' title='bbox 1261 2371 1358 2422; x_wconf 88' lang='lat' dir='ltr'>quod</span> <span class='ocrx_word' id='word_1_695' title='bbox 1381 2372 1409 2409; x_wconf 93' lang='lat' dir='ltr'>si</span> <span class='ocrx_word' id='word_1_696' title='bbox 1432 2372 1494 2410; x_wconf 75' lang='lat' dir='ltr'>illa</span> <span class='ocrx_word' id='word_1_697' title='bbox 1513 2372 1661 2410; x_wconf 88' lang='lat' dir='ltr'>minime</span> <span class='ocrx_word' id='word_1_698' title='bbox 1683 2374 1832 2425; x_wconf 83' lang='lat' dir='ltr'>sentiat,</span> <span class='ocrx_word' id='word_1_699' title='bbox 1854 2375 1933 2413; x_wconf 85' lang='lat' dir='ltr'>ideo</span> <span class='ocrx_word' id='word_1_700' title='bbox 1955 2378 2069 2428; x_wconf 87' lang='lat' dir='ltr'>magis</span> <span class='ocrx_word' id='word_1_701' title='bbox 2087 2379 2145 2415; x_wconf 88' lang='lat' dir='ltr'>lu-</span> 
     </span>
     <span class='ocr_line' id='line_1_91' title="bbox 1162 2432 2146 2489; baseline 0.006 -20"><span class='ocrx_word' id='word_1_702' title='bbox 1162 2432 1275 2485; x_wconf 86' lang='lat' dir='ltr'>genda</span> <span class='ocrx_word' id='word_1_703' title='bbox 1305 2442 1367 2471; x_wconf 86' lang='lat' dir='ltr'>est.</span> <span class='ocrx_word' id='word_1_704' title='bbox 1389 2434 1483 2470; x_wconf 80' lang='lat' dir='ltr'>Nam</span> <span class='ocrx_word' id='word_1_705' title='bbox 1500 2433 1561 2484; x_wconf 91' lang='lat' dir='ltr'>qui</span> <span class='ocrx_word' id='word_1_706' title='bbox 1578 2434 1720 2485; x_wconf 86' lang='lat' dir='ltr'>impuro</span> <span class='ocrx_word' id='word_1_707' title='bbox 1737 2449 1857 2473; x_wconf 87' lang='lat' dir='ltr'>amore</span> <span class='ocrx_word' id='word_1_708' title='bbox 1881 2446 2014 2487; x_wconf 86' lang='lat' dir='ltr'>amant,</span> <span class='ocrx_word' id='word_1_709' title='bbox 2033 2439 2146 2489; x_wconf 82' lang='lat' dir='ltr'>magis</span> 
     </span>
     <span class='ocr_line' id='line_1_92' title="bbox 1163 2493 2146 2548; baseline 0.006 -17"><span class='ocrx_word' id='word_1_710' title='bbox 1163 2503 1244 2531; x_wconf 89' lang='lat' dir='ltr'>sunt</span> <span class='ocrx_word' id='word_1_711' title='bbox 1259 2493 1492 2546; x_wconf 81' lang='lat' dir='ltr'>deplorandi,</span> <span class='ocrx_word' id='word_1_712' title='bbox 1510 2509 1617 2545; x_wconf 83' lang='lat' dir='ltr'>quam</span> <span class='ocrx_word' id='word_1_713' title='bbox 1631 2495 1656 2532; x_wconf 93' lang='lat' dir='ltr'>ii</span> <span class='ocrx_word' id='word_1_714' title='bbox 1672 2496 1732 2545; x_wconf 88' lang='lat' dir='ltr'>qui</span> <span class='ocrx_word' id='word_1_715' title='bbox 1751 2496 1841 2534; x_wconf 87' lang='lat' dir='ltr'>febri</span> <span class='ocrx_word' id='word_1_716' title='bbox 1855 2497 2028 2548; x_wconf 69' lang='lat' dir='ltr'>laborant,</span> <span class='ocrx_word' id='word_1_717' title='bbox 2045 2500 2146 2537; x_wconf 87' lang='lat' dir='ltr'>simi-</span> 
     </span>
     <span class='ocr_line' id='line_1_93' title="bbox 1160 2554 2146 2612; baseline 0.007 -21"><span class='ocrx_word' id='word_1_718' title='bbox 1160 2554 1312 2604; x_wconf 85' lang='lat' dir='ltr'>literque</span> <span class='ocrx_word' id='word_1_719' title='bbox 1330 2554 1462 2592; x_wconf 87' lang='lat' dir='ltr'>ebriosi</span> <span class='ocrx_word' id='word_1_720' title='bbox 1480 2555 1607 2606; x_wconf 86' lang='lat' dir='ltr'>magis,</span> <span class='ocrx_word' id='word_1_721' title='bbox 1629 2569 1736 2605; x_wconf 88' lang='lat' dir='ltr'>quam</span> <span class='ocrx_word' id='word_1_722' title='bbox 1758 2556 1783 2593; x_wconf 88' lang='lat' dir='ltr'>ii</span> <span class='ocrx_word' id='word_1_723' title='bbox 1804 2557 1865 2607; x_wconf 91' lang='lat' dir='ltr'>qui</span> <span class='ocrx_word' id='word_1_724' title='bbox 1878 2560 2061 2598; x_wconf 87' lang='lat' dir='ltr'>tormentis</span> <span class='ocrx_word' id='word_1_725' title='bbox 2080 2575 2146 2612; x_wconf 81' lang='lat' dir='ltr'>ap-</span> 
     </span>
     <span class='ocr_line' id='line_1_94' title="bbox 1161 2612 2144 2668; baseline 0.006 -19"><span class='ocrx_word' id='word_1_726' title='bbox 1161 2612 1352 2664; x_wconf 81' lang='lat' dir='ltr'>plicantur.</span> <span class='ocrx_word' id='word_1_727' title='bbox 1373 2615 1420 2650; x_wconf 86' lang='lat' dir='ltr'>At</span> <span class='ocrx_word' id='word_1_728' title='bbox 1437 2613 1465 2650; x_wconf 89' lang='lat' dir='ltr'>si</span> <span class='ocrx_word' id='word_1_729' title='bbox 1485 2613 1547 2650; x_wconf 83' lang='lat' dir='ltr'>illa</span> <span class='ocrx_word' id='word_1_730' title='bbox 1570 2613 1748 2663; x_wconf 83' lang='lat' dir='ltr'>graviora,</span> <span class='ocrx_word' id='word_1_731' title='bbox 1773 2613 1923 2664; x_wconf 84' lang='lat' dir='ltr'>inquies,</span> <span class='ocrx_word' id='word_1_732' title='bbox 1944 2630 2008 2653; x_wconf 89' lang='lat' dir='ltr'>cur</span> <span class='ocrx_word' id='word_1_733' title='bbox 2024 2618 2144 2668; x_wconf 89' lang='lat' dir='ltr'>potius</span> 
     </span>
     <span class='ocr_line' id='line_1_95' title="bbox 1161 2674 2144 2726; baseline 0.007 -16"><span class='ocrx_word' id='word_1_734' title='bbox 1161 2675 1224 2711; x_wconf 90' lang='lat' dir='ltr'>illa</span> <span class='ocrx_word' id='word_1_735' title='bbox 1250 2674 1443 2725; x_wconf 76' lang='lat' dir='ltr'>eligimus?</span> <span class='ocrx_word' id='word_1_736' title='bbox 1466 2675 1559 2723; x_wconf 84' lang='lat' dir='ltr'>Quia</span> <span class='ocrx_word' id='word_1_737' title='bbox 1586 2674 1765 2726; x_wconf 87' lang='lat' dir='ltr'>plerisque</span> <span class='ocrx_word' id='word_1_738' title='bbox 1789 2676 1993 2715; x_wconf 89' lang='lat' dir='ltr'>hominibus</span> <span class='ocrx_word' id='word_1_739' title='bbox 2021 2693 2144 2717; x_wconf 88' lang='lat' dir='ltr'>secun-</span> 
     </span>
     <span class='ocr_line' id='line_1_96' title="bbox 1161 2734 2141 2790; baseline 0.006 -19"><span class='ocrx_word' id='word_1_740' title='bbox 1161 2734 1251 2772; x_wconf 89' lang='lat' dir='ltr'>dum</span> <span class='ocrx_word' id='word_1_741' title='bbox 1270 2734 1501 2786; x_wconf 87' lang='lat' dir='ltr'>proverbium</span> <span class='ocrx_word' id='word_1_742' title='bbox 1521 2735 1639 2786; x_wconf 82' lang='lat' dir='ltr'>pejora</span> <span class='ocrx_word' id='word_1_743' title='bbox 1654 2735 1805 2786; x_wconf 81' lang='lat' dir='ltr'>placent,</span> <span class='ocrx_word' id='word_1_744' title='bbox 1822 2737 1955 2788; x_wconf 84' lang='lat' dir='ltr'>illaque</span> <span class='ocrx_word' id='word_1_745' title='bbox 1969 2738 2141 2790; x_wconf 88' lang='lat' dir='ltr'>diligunt,</span> 
     </span>
     <span class='ocr_line' id='line_1_97' title="bbox 1162 2794 2144 2846; baseline 0.005 -14"><span class='ocrx_word' id='word_1_746' title='bbox 1162 2795 1307 2832; x_wconf 87' lang='lat' dir='ltr'>meliora</span> <span class='ocrx_word' id='word_1_747' title='bbox 1334 2794 1649 2846; x_wconf 66' lang='lat' dir='ltr'>praetermittentes.</span> <span class='ocrx_word' id='word_1_748' title='bbox 1673 2795 1715 2832; x_wconf 84' lang='lat' dir='ltr'>Id</span> <span class='ocrx_word' id='word_1_749' title='bbox 1733 2795 1829 2846; x_wconf 87' lang='lat' dir='ltr'>quod</span> <span class='ocrx_word' id='word_1_750' title='bbox 1854 2797 1960 2835; x_wconf 83' lang='lat' dir='ltr'>etiam</span> <span class='ocrx_word' id='word_1_751' title='bbox 1997 2799 2033 2836; x_wconf 92' lang='lat' dir='ltr'>in</span> <span class='ocrx_word' id='word_1_752' title='bbox 2055 2800 2144 2837; x_wconf 88' lang='lat' dir='ltr'>cibis</span> 
     </span>
     <span class='ocr_line' id='line_1_98' title="bbox 1164 2854 2141 2907; baseline 0.005 -14"><span class='ocrx_word' id='word_1_753' title='bbox 1164 2855 1283 2894; x_wconf 84' lang='lat' dir='ltr'>videre</span> <span class='ocrx_word' id='word_1_754' title='bbox 1301 2863 1366 2904; x_wconf 89' lang='lat' dir='ltr'>est,</span> <span class='ocrx_word' id='word_1_755' title='bbox 1384 2863 1488 2904; x_wconf 87' lang='lat' dir='ltr'>atque</span> <span class='ocrx_word' id='word_1_756' title='bbox 1500 2854 1535 2892; x_wconf 90' lang='lat' dir='ltr'>in</span> <span class='ocrx_word' id='word_1_757' title='bbox 1555 2855 1638 2893; x_wconf 84' lang='lat' dir='ltr'>vitae</span> <span class='ocrx_word' id='word_1_758' title='bbox 1654 2855 1838 2907; x_wconf 78' lang='lat' dir='ltr'>institutis,</span> <span class='ocrx_word' id='word_1_759' title='bbox 1854 2857 1890 2895; x_wconf 92' lang='lat' dir='ltr'>in</span> <span class='ocrx_word' id='word_1_760' title='bbox 1905 2860 2141 2905; x_wconf 79' lang='lat' dir='ltr'>aemulatione,</span> 
     </span>
     <span class='ocr_line' id='line_1_99' title="bbox 1162 2918 2143 2973; baseline 0.007 -18"><span class='ocrx_word' id='word_1_761' title='bbox 1162 2927 1195 2955; x_wconf 89' lang='lat' dir='ltr'>et</span> <span class='ocrx_word' id='word_1_762' title='bbox 1213 2918 1248 2955; x_wconf 92' lang='lat' dir='ltr'>in</span> <span class='ocrx_word' id='word_1_763' title='bbox 1269 2918 1524 2969; x_wconf 84' lang='lat' dir='ltr'>voluptatibus,</span> <span class='ocrx_word' id='word_1_764' title='bbox 1543 2918 1579 2955; x_wconf 93' lang='lat' dir='ltr'>in</span> <span class='ocrx_word' id='word_1_765' title='bbox 1600 2919 1825 2970; x_wconf 87' lang='lat' dir='ltr'>mulieribus,</span> <span class='ocrx_word' id='word_1_766' title='bbox 1853 2921 1889 2958; x_wconf 90' lang='lat' dir='ltr'>in</span> <span class='ocrx_word' id='word_1_767' title='bbox 1906 2921 2086 2973; x_wconf 87' lang='lat' dir='ltr'>domibus,</span> <span class='ocrx_word' id='word_1_768' title='bbox 2107 2925 2143 2961; x_wconf 95' lang='lat' dir='ltr'>in</span> 
     </span>
     <span class='ocr_line' id='line_1_100' title="bbox 1164 2979 2143 3031; baseline 0.006 -15"><span class='ocrx_word' id='word_1_769' title='bbox 1164 2979 1366 3031; x_wconf 83' lang='lat' dir='ltr'>mancipiis,</span> <span class='ocrx_word' id='word_1_770' title='bbox 1389 2980 1425 3016; x_wconf 92' lang='lat' dir='ltr'>in</span> <span class='ocrx_word' id='word_1_771' title='bbox 1445 2980 1554 3031; x_wconf 84' lang='lat' dir='ltr'>agris,</span> <span class='ocrx_word' id='word_1_772' title='bbox 1580 2980 1614 3017; x_wconf 91' lang='lat' dir='ltr'>in</span> <span class='ocrx_word' id='word_1_773' title='bbox 1635 2980 1782 3031; x_wconf 81' lang='lat' dir='ltr'>aliisque</span> <span class='ocrx_word' id='word_1_774' title='bbox 1809 2982 1984 3021; x_wconf 86' lang='lat' dir='ltr'>omnibus.</span> <span class='ocrx_word' id='word_1_775' title='bbox 2011 2986 2143 3023; x_wconf 85' lang='lat' dir='ltr'>Utrum</span> 
     </span>
     <span class='ocr_line' id='line_1_101' title="bbox 1162 3040 2144 3091; baseline 0.004 -12"><span class='ocrx_word' id='word_1_776' title='bbox 1162 3041 1257 3079; x_wconf 86' lang='lat' dir='ltr'>enim</span> <span class='ocrx_word' id='word_1_777' title='bbox 1289 3040 1452 3089; x_wconf 87' lang='lat' dir='ltr'>dulcius,</span> <span class='ocrx_word' id='word_1_778' title='bbox 1477 3054 1594 3091; x_wconf 75' lang='lat' dir='ltr'>quaeso</span> <span class='ocrx_word' id='word_1_779' title='bbox 1628 3050 1680 3088; x_wconf 89' lang='lat' dir='ltr'>te,</span> <span class='ocrx_word' id='word_1_780' title='bbox 1712 3055 1791 3078; x_wconf 85' lang='lat' dir='ltr'>cum</span> <span class='ocrx_word' id='word_1_781' title='bbox 1824 3043 1963 3081; x_wconf 86' lang='lat' dir='ltr'>feminis</span> <span class='ocrx_word' id='word_1_782' title='bbox 1990 3059 2034 3082; x_wconf 81' lang='lat' dir='ltr'>an</span> <span class='ocrx_word' id='word_1_783' title='bbox 2063 3060 2144 3083; x_wconf 88' lang='lat' dir='ltr'>cum</span> 
     </span>
     <span class='ocr_line' id='line_1_102' title="bbox 1164 3101 2144 3154; baseline 0.005 -14"><span class='ocrx_word' id='word_1_784' title='bbox 1164 3102 1330 3141; x_wconf 82' lang='lat' dir='ltr'>masculis</span> <span class='ocrx_word' id='word_1_785' title='bbox 1344 3102 1527 3154; x_wconf 85' lang='lat' dir='ltr'>congredi,</span> <span class='ocrx_word' id='word_1_786' title='bbox 1541 3116 1622 3140; x_wconf 85' lang='lat' dir='ltr'>cum</span> <span class='ocrx_word' id='word_1_787' title='bbox 1635 3101 1774 3140; x_wconf 85' lang='lat' dir='ltr'>feminis</span> <span class='ocrx_word' id='word_1_788' title='bbox 1791 3117 1835 3141; x_wconf 87' lang='lat' dir='ltr'>an</span> <span class='ocrx_word' id='word_1_789' title='bbox 1851 3117 1933 3142; x_wconf 90' lang='lat' dir='ltr'>cum</span> <span class='ocrx_word' id='word_1_790' title='bbox 1949 3106 2114 3145; x_wconf 84' lang='lat' dir='ltr'>mulabus</span> <span class='ocrx_word' id='word_1_791' title='bbox 2126 3107 2144 3144; x_wconf 75' lang='lat'>.⁰</span> 
     </span>
    </p>
   </div>
   <div class='ocr_carea' id='block_1_10' title="bbox 1103 1155 1128 1185">
    <p class='ocr_par' dir='ltr' id='par_1_10' title="bbox 1103 1155 1128 1185">
     <span class='ocr_line' id='line_1_103' title="bbox 1103 1155 1128 1185; baseline 0 0"><span class='ocrx_word' id='word_1_792' title='bbox 1103 1155 1128 1185; x_wconf 89' lang='lat' dir='ltr'>E</span> 
     </span>
    </p>
   </div>
   <div class='ocr_carea' id='block_1_11' title="bbox 1141 3235 1724 3329">
    <p class='ocr_par' dir='ltr' id='par_1_11' title="bbox 1141 3235 1724 3329">
     <span class='ocr_line' id='line_1_104' title="bbox 1141 3235 1325 3276; baseline -0.005 -9"><span class='ocrx_word' id='word_1_793' title='bbox 1141 3235 1190 3268; x_wconf 88' lang='lat' dir='ltr'>vel</span> <span class='ocrx_word' id='word_1_794' title='bbox 1209 3236 1325 3276; x_wconf 57' lang='grc' dir='ltr'>κακον]</span> 
     </span>
     <span class='ocr_line' id='line_1_105' title="bbox 1183 3286 1724 3329; baseline -0.006 -8"><span class='ocrx_word' id='word_1_795' title='bbox 1183 3287 1198 3304; x_wconf 79' lang='lat'>&#39;⁴‘</span> <span class='ocrx_word' id='word_1_796' title='bbox 1223 3288 1355 3328; x_wconf 64' lang='grc' dir='ltr'>[δίκαιον</span> <span class='ocrx_word' id='word_1_797' title='bbox 1373 3286 1409 3317; x_wconf 86' lang='grc' dir='ltr'>Α,</span> <span class='ocrx_word' id='word_1_798' title='bbox 1430 3293 1461 3318; x_wconf 87' lang='lat' dir='ltr'>et</span> <span class='ocrx_word' id='word_1_799' title='bbox 1481 3297 1585 3329; x_wconf 76' lang='lat' dir='ltr'>marg.</span> <span class='ocrx_word' id='word_1_800' title='bbox 1604 3286 1724 3326; x_wconf 78' lang='lat' dir='ltr'>Savil.]</span> 
     </span>
    </p>
   </div>
   <div class='ocr_carea' id='block_1_12' title="bbox 1937 3403 1988 3438">
    <p class='ocr_par' dir='ltr' id='par_1_12' title="bbox 1937 3403 1988 3438">
     <span class='ocr_line' id='line_1_106' title="bbox 1937 3403 1988 3438; baseline 0 0"><span class='ocrx_word' id='word_1_801' title='bbox 1937 3403 1988 3438; x_wconf 73' lang='lat'>40</span> 
     </span>
    </p>
   </div>
   <div class='ocr_carea' id='block_1_13' title="bbox 1578 554 2255 606">
    <p class='ocr_par' dir='ltr' id='par_1_13' title="bbox 1578 554 2255 606">
     <span class='ocr_line' id='line_1_107' title="bbox 1578 554 2255 606; baseline -0.005 -17"><span class='ocrx_word' id='word_1_802' title='bbox 1578 570 1586 589; x_wconf 91' lang='lat'><strong>:</strong></span> <span class='ocrx_word' id='word_1_803' title='bbox 1614 555 1742 589; x_wconf 75' lang='lat' dir='ltr'>etenim</span> <span class='ocrx_word' id='word_1_804' title='bbox 1769 554 1894 590; x_wconf 76' lang='lat' dir='ltr'>Solem</span> <span class='ocrx_word' id='word_1_805' title='bbox 1918 556 2010 590; x_wconf 76' lang='lat' dir='ltr'>oriri</span> <span class='ocrx_word' id='word_1_806' title='bbox 2021 555 2114 606; x_wconf 78' lang='lat' dir='ltr'>saci</span> <span class='ocrx_word' id='word_1_807' title='bbox 2117 562 2128 590; x_wconf 82' lang='lat' dir='ltr'>t</span> <span class='ocrx_word' id='word_1_808' title='bbox 2145 561 2255 589; x_wconf 68' lang='lat' dir='ltr'>Mam</span> 
     </span>
    </p>
   </div>
  </div>
 </body>
</html>
