2466 3805
696 238 739 267 IN
777 238 891 268 ACTA
928 237 1249 268 APOSTOLORUM
1258 256 1267 266 .

87 317 215 367 σχολῆς
234 316 296 353 οὐκ
314 316 409 359 ὄντος
433 321 493 355 τοῦ
509 319 639 369 ἀγῶνος
663 318 890 370 διελέχθημεν
912 318 997 371 πρὸς
1024 321 1100 356 ἑαυ-

84 376 163 419 τούς
180 392 215 413 τι
237 378 305 413 τῶν
331 377 528 429 χρησίμων.
557 379 646 417 Τότε
668 383 761 430 ἡμᾶς
781 379 837 418 ε’πὶ
862 385 921 419 τοῦ
948 381 1100 432 ἅρματος

83 441 96 456 ³
110 439 262 480 ἑστῶτας
281 438 348 475 ἴδοι
373 454 425 482 τις
450 439 503 486 ἂν,
535 439 590 477 ὅτε
611 443 629 477 ὁ
650 439 741 491 ἀγὼν
757 441 1011 492 παραγένηται.
1035 440 1100 478 Ami

83 512 136 534 τοι
159 502 260 535 τοῦτο
287 499 540 551 καταγέλαστοί
557 502 673 551 ἐσμεν.
694 503 771 539 Οὐκ
796 496 889 540 εἷπον
914 502 1100 550 πολλάκις,

82 557 335 609 γυμναζώμεθα
354 561 438 613 πρὸς
464 561 542 604 τοὺς
561 562 703 605 οἰκείους
721 562 789 615 πρὸ
807 566 865 600 τοῦ
886 567 1099 614 πειρασμοῦ,

82 619 177 670 Πρὸς
196 620 274 664 τοὺς
293 623 418 666 παῖδας
441 623 498 660 ἐπὶ
517 627 578 670 τῆς
597 623 707 668 οἰκίας
725 624 893 667 πολλάκις
915 624 1101 676 παροξυνό-

85 684 173 730 μεθα
186 696 193 703 ·
213 681 419 733 κατέχωμεν
442 686 512 722 ἐκεῖ
531 685 586 723 τὸν
607 685 711 735 θυμὸν
724 715 734 732 ,
753 683 808 722 ἵνα
837 684 983 727 εὐκόλως
1009 686 1101 736 αὐτῷ

84 742 227 780 ἐπὶτῶν
254 744 359 794 φίλων
389 745 598 797 κεχρημένοι
627 745 843 798 φαινώμεθα.
867 744 937 782 Καὶ
956 745 1012 782 ἐπὶ
1032 747 1100 782 τῶν

84 801 196 840 ἄλλων
218 805 380 842 ἁπάντων
400 808 428 843 εἰ
447 806 720 857 ἐγυμναζόμεθα,
738 808 800 843 οὐκ
820 805 860 842 διν
876 806 910 841 ἐν
925 809 995 847 τοῖς
1011 805 1101 853 ἀγῶ-

83 878 136 900 σιν
156 857 245 914 ἦμεν
262 866 528 917 καταγέλαστοι.
551 868 622 904 Νῦν
647 866 684 904 δὲ
703 865 795 904 ὅπλα
816 864 876 914 μὲν
896 866 964 901 τῶν
985 864 1100 901 ἄλλων

82 924 141 961 καὶ
165 926 341 976 γυμνάσια
362 927 420 964 καὶ
447 926 588 977 μελέται
611 926 694 971 εἶσὶ,
715 925 774 962 καὶ
792 926 923 976 τεχνῶν
948 923 1008 961 καὶ
1029 939 1100 961 ποια

80 987 284 1036 λαισμάτων
299 1003 307 1011 ·
332 990 457 1040 ἀρετῆς
482 988 517 1025 δὲ
545 989 707 1038 οὐδαμοῦ.
737 988 814 1024 Οὔκ
833 985 872 1022 ἂν
894 984 1098 1034 τολμήσειεν

81 1050 99 1084 ὃ
117 1048 266 1099 γεωργὸς
288 1048 444 1098 ἀμπέλου
461 1048 626 1099 ἅψασθαι,
647 1046 695 1096 μὴ
717 1046 883 1098 πρότερον
908 1046 1024 1087 καλῶς
1040 1061 1100 1096 γυ-

82 1108 244 1157 μνασθεὶς
269 1108 313 1146 τὰ
340 1107 536 1160 γεωργικά·
565 1106 642 1145 οὐδὲ
664 1110 681 1144 ὃ
704 1106 916 1158 κυὸερνήτης
945 1105 1002 1144 ἐπὶ
1031 1109 1100 1144 τῶν

80 1168 206 1205 οἰάκων
221 1168 374 1216 καθίσαι,
392 1168 439 1218 μὴ
457 1168 624 1220 πρότερον
645 1167 950 1219 ἐγγυμνασάμενος
965 1168 1080 1210 καλῶς
1092 1184 1100 1191 ·

79 1231 180 1279 ἡμεῖς
199 1229 234 1267 δὲ
249 1230 458 1281 ἀμελέτητοι
472 1229 585 1281 πάντῃ
600 1229 842 1281 τυγχάνοντες,
857 1227 901 1266 τὰ
917 1228 933 1248 b
944 1234 1101 1280 πρωτεῖα

79 1288 171 1341 ἔχειν
193 1290 397 1341 βουλόμεθα.
417 1290 550 1343 Ἐχρῆν
571 1297 690 1342 σιγᾷν,
706 1293 812 1342 ἐχρῆν
833 1289 956 1340 μηδενὶ
978 1305 1099 1328 κοινω-

79 1356 148 1388 νεῖν
166 1351 381 1403 πραγμάτων
412 1351 499 1403 μηδὲ
527 1351 711 1403 ῥημάτων,
731 1350 796 1394 ἕως
818 1351 857 1388 ἂν
878 1350 1098 1402 ἠδυνήθημεν

78 1412 116 1450 τὸ
139 1412 255 1464 θηρίον
274 1416 456 1466 ἡμερῶσαι
474 1413 513 1451 τὸ
534 1416 567 1451 ἐν
583 1417 679 1463 ἡμῖν.
701 1412 751 1451 *H
771 1412 847 1465 οὐχὶ
873 1411 991 1465 θηρίου
1011 1429 1098 1451 παν-

78 1471 135 1515 τὸς
153 1471 397 1525 χαλεπώτερον
417 1471 703 1523 ἐπιστρατεύεται
722 1474 806 1522 ἡμῖν
832 1470 891 1508 καὶ
910 1470 1014 1521 θυμὸς
1038 1471 1097 1509 καὶ

77 1532 260 1583 ἐπιθυμία,
280 1532 342 1579 Μὴ
368 1533 525 1585 ἐμὸάλῃς
542 1535 588 1575 εἷς
614 1531 742 1584 ἀγορὰν
773 1532 862 1583 μετὰ
880 1532 1010 1571 τούτων
1029 1535 1096 1570 τῶν

78 1593 203 1647 θηρίων
218 1624 227 1642 ,
251 1593 314 1638 ἕως
333 1595 373 1632 ἂν
401 1596 513 1637 αὐτοῖς
532 1596 675 1646 περιθῇς
706 1595 821 1637 καλῶς
847 1593 904 1631 τὸν
936 1594 1095 1645 χαλινᾲν,

78 1654 143 1699 ἕως
166 1655 205 1693 ἂν
226 1655 316 1694 αὐτὰ
334 1654 581 1705 τιθασσεύσῃς,
601 1655 660 1692 καὶ
686 1654 852 1706 χειροήθη
881 1655 1098 1693 κατασκευά-

78 1732 153 1767 σῃς.
168 1719 249 1769 Οὐχ
262 1719 344 1770 ὁρᾷς
361 1716 498 1758 τούτους
517 1715 595 1759 τοὺς
607 1715 836 1767 περιάγοντας
855 1715 934 1759 τοὺς
949 1716 1099 1768 ἡμέρους

2062 221 2151 268 255

1126 323 1150 352 D
1172 332 1254 355 mur
1272 332 1355 355 cum
1372 317 1574 356 domesticis
1594 325 1674 355 ante
1696 316 1949 355 tentationem?
1975 316 2153 355 Adversus

1172 392 1299 430 pueros
1318 392 1407 430 saepe
1426 378 1523 416 domi
1542 392 1794 430 exasperamur
1811 393 1818 413 ε
1839 377 1913 414 illic
1939 376 2030 414 iram
2049 377 2152 415 sede-

1171 453 1264 489 mus,
1284 448 1323 476 ut
1344 439 1407 476 illa
1437 439 1534 491 apud
1555 439 1686 477 amicos
1708 438 1876 476 facilitate
1904 438 1961 475 usi
1984 452 2154 490 apparea-

1170 513 1260 537 mus.
1276 501 1318 537 In
1337 499 1416 537 aliis
1429 514 1568 550 quoque
1583 499 1747 537 omnibus
1765 499 1793 536 si
1811 513 2065 548 exerceremur,
2081 512 2152 537 non

1171 561 1294 611 utique
1320 561 1356 599 in
1388 562 1638 599 certaminibus
1675 561 1818 598 ridiculi
1855 575 2020 600 essemus.
2048 562 2154 599 Nunc

1308 237 1470 266 11051112.
1509 237 1638 267 XXIX.

1171 631 1287 659 autem
1306 636 1403 659 arma
1424 622 1570 672 quidem
1595 631 1697 670 sunt,
1717 622 1884 660 exercitia
1902 631 1935 660 et
1969 622 2086 660 studia
2114 622 2152 660 in

1171 682 1308 720 artibus
1337 692 1371 720 et
1390 684 1661 733 certaminibus,
1684 683 1720 720 in
1739 684 1871 721 virtute
1891 683 2050 721 minime.
2073 685 2153 722 Non

1171 743 1317 780 auderet
1334 743 1488 793 agricola
1509 743 1648 780 vineam
1671 742 1832 793 aggredi,
1854 744 1921 781 nisi
1941 743 2042 796 prius
2061 754 2154 782 recte

1170 801 1207 838 in
1237 803 1376 839 cultura
1423 804 1637 840 exercitatus
1657 818 1667 851 3
1699 816 1810 853 neque
1852 805 2066 854 gubernator
2106 806 2154 844 ad

1172 861 1411 911 gubernacula
1433 862 1572 911 sedere,
1595 876 1665 900 non
1692 872 1772 900 ante
1789 864 1900 914 probe
1913 865 2124 904 exercitatus
2141 882 2150 904 z

1172 934 1235 958 nos
1250 935 1335 960 vero
1350 922 1526 974 inexperti
1541 936 1622 960 eum
1636 923 1759 972 simus,
1776 923 1909 974 primas
1924 932 2039 962 tenere
2052 927 2153 963 volu-

1124 985 1147 1015 Ε
1171 995 1262 1020 mus.
1277 983 1464 1035 Oporteret
1482 992 1608 1033 tacere,
1632 993 1808 1035 oporteret
1828 998 1908 1021 cum
1930 985 2028 1022 nullo
2059 999 2154 1023 com-

1170 1043 1351 1081 municare
1362 1044 1421 1082 vel
1436 1044 1575 1095 negotio
1590 1045 1649 1083 vel
1662 1058 1833 1092 sermone,
1848 1044 1960 1082 donec
1972 1060 2154 1097 possemus

1170 1103 1292 1153 feram,
1312 1119 1391 1155 quae
1413 1105 1449 1142 in
1476 1105 1577 1142 nobis
1606 1114 1681 1154 est,
1716 1105 1884 1143 cicurare.
1921 1107 2045 1143 Annon
2079 1107 2154 1145 sera

1171 1166 1267 1203 omni
1286 1166 1434 1204 ferocior
1454 1166 1643 1205 adversum
1666 1181 1729 1204 nos
1755 1176 1917 1219 pugnant
1938 1176 1970 1204 et
1987 1167 2087 1205 furor
2120 1178 2154 1206 et

1171 1229 1483 1281 concupiscentia?
1505 1231 1557 1267 Ne
1587 1230 1623 1267 in
1647 1230 1765 1267 forum
1790 1243 1914 1281 pergas
1951 1243 2032 1267 cum
2059 1230 2156 1268 hisce

1167 1291 1262 1341 feris,
1282 1291 1392 1330 donec
1416 1292 1488 1329 illis
1506 1292 1646 1329 frenum
1664 1301 1744 1344 apte
1764 1291 1964 1340 immiseris,
1984 1292 2095 1330 donec
2112 1292 2156 1330 il-

1168 1352 1220 1390 las
1235 1352 1457 1391 cicuraveris.
1475 1354 1553 1391 Non
1565 1352 1664 1391 vides
1680 1353 1765 1391 istos
1781 1353 1955 1402 homines,
1976 1353 2037 1403 qui
2056 1368 2154 1391 man-

1169 1422 1284 1451 suetos
1299 1412 1415 1451 leones
1434 1428 1496 1466 per
1512 1414 1630 1451 forum
1652 1413 1923 1451 circumducunt
1940 1444 1948 1461 ,
1979 1423 2152 1464 quantum
2185 1451 2293 1476 circum
2297 1451 2337 1478 du

2242 1366 2354 1396 Leones

2207 1418 2306 1436 mansu
2314 1411 2353 1437 eti

1166 1473 1348 1511 lucrentur
1363 1474 1442 1512 etin
1461 1474 1696 1512 admiratione
1716 1475 1800 1524 sint,
1819 1475 1903 1525 quia
1915 1474 2152 1514 irrationabili
2163 1491 2315 1519 cebaniur.

1167 1535 1249 1572 ferae
1267 1544 1399 1573 tantam
1413 1535 1720 1574 mansuetudinem
1740 1535 1928 1573 indidere?
1948 1536 1978 1573 si
1999 1551 2082 1574 vero
2098 1551 2152 1575 re-

1168 1605 1270 1648 pente
1284 1597 1429 1635 ferociat
1446 1598 1515 1644 leo,
1544 1612 1664 1635 omnes
1680 1598 1742 1649 qui
1769 1598 1805 1635 in
1826 1598 1902 1635 foro
1929 1607 2010 1635 sunt
2028 1598 2153 1650 abigit,

1168 1665 1201 1694 et
1218 1656 1345 1695 ductor
1363 1659 1438 1710 ejus
1457 1658 1695 1710 periclitatur,
1717 1658 1867 1709 aliisque
1883 1659 2052 1710 perniciei
2070 1674 2154 1697 cau—

1166 1733 1204 1757 sa
1227 1729 1289 1757 est.
1308 1719 1354 1756 Et
1382 1729 1421 1757 tu
1454 1734 1536 1771 ergo
1558 1720 1695 1758 leonem
1713 1721 1814 1772 prius
1834 1720 1952 1758 cicura
1969 1751 1978 1769 ,
1998 1729 2154 1772 tuncque

77 1777 217 1821 λέοντας
246 1778 302 1816 ἐπὶ
334 1781 397 1825 τῆς
432 1779 574 1829 ἀγορᾶς,
600 1779 673 1820 πῶς
706 1777 765 1815 καὶ
797 1777 1013 1828 κερδαίνουσι
1039 1778 1097 1816 καὶ
1111 1803 1158 1826 233
1169 1779 1371 1817 circumduc
1404 1780 1530 1830 illum,
1550 1795 1619 1818 non
1638 1790 1678 1818 ut
1697 1781 1885 1833 pecuniam
1903 1781 2070 1832 accipias,
2091 1781 2153 1820 sed

78 1838 331 1889 θαυμάζονται,
352 1839 403 1876 ὅτι
423 1840 457 1876 ἐν
478 1841 527 1891 τῷ
558 1838 672 1890 ἀλόγῳ
694 1837 801 1892 θηρίῳ
820 1838 984 1886 τοιαύτην
1005 1842 1096 1890 ἡμε-

80 1900 208 1952 ρότητα
223 1899 477 1952 κατώρθωσαν,
501 1900 539 1937 ἂν
557 1899 592 1938 δὲ
613 1899 771 1952 ἐξαίφνης
789 1903 942 1953 ἀγριωθῇ
959 1903 1096 1949 ἐκεῖνος,

77 1963 211 2006 πάντας
240 1962 335 2000 coest
356 1961 433 2005 τοὺς
461 1962 517 2001 ἐπὶ
543 1964 606 2007 τῆς
636 1965 780 2015 ἀγορᾶς,
798 1962 857 1999 καὶ
884 1962 1097 2001 ἐκινδύνευσε

76 2024 196 2062 λοιπὸν
212 2027 229 2062 ὃ
247 2024 423 2076 περιάγων
442 2023 542 2061 αὐτὸν
562 2023 753 2076 ἅνθρωπος,
772 2024 831 2062 καὶ
858 2027 919 2071 τῆς
938 2027 1006 2062 τῶν
1036 2025 1097 2062 ἅλ-

75 2085 144 2122 λων
163 2085 338 2127 ἀπωλείας
352 2084 488 2135 γέγονεν
502 2084 619 2128 αἴτιος.
636 2085 705 2123 Καὶ
723 2084 763 2123 σὺ
775 2084 888 2123 τοίνυν
899 2085 956 2123 τὸν
974 2084 1096 2123 λέοντα

75 2147 241 2199 πρότερον
260 2145 456 2196 ἡμέρωσον,
482 2146 541 2183 καὶ
565 2145 643 2183 τότε
661 2145 818 2198 περίαγε,
839 2147 904 2198 οὐχ
924 2145 1016 2183 ὥστε
1037 2147 1097 2196 ἀρ-

74 2208 190 2260 γύριον
207 2207 345 2253 λαὲεῖν,
365 2209 441 2245 ἀλλ’
461 2207 550 2245 ὥστε
575 2208 739 2260 κερδᾶναι
762 2207 901 2259 κέρδος,
927 2201 965 2244 οῦ
987 2206 1094 2257 μηδέν

74 2272 166 2307 ἐστιν
184 2270 267 2308 ἴσον.
292 2268 401 2307 Οὐδὲν
421 2267 486 2318 γὰρ
506 2268 577 2307 ἴσον
598 2267 802 2314 ἐπιεικείας,
819 2268 841 2314 ἣ
862 2267 920 2305 καὶ
939 2273 1010 2310 τοῖς
1033 2282 1094 2305 κε-

74 2331 275 2381 κτημένοις,
294 2330 352 2368 καὶ
370 2336 439 2373 τοῖς
458 2328 650 2383 χρωμένοις
667 2328 799 2381 σφόδρα
824 2327 897 2366 ἐστὶ
917 2344 941 2380 χ
946 2328 1091 2381 ρησίμη.

74 2390 216 2437 Ταύτην
233 2385 291 2429 οῦν
306 2391 498 2442 διώκωμεν,
516 2389 573 2428 ἵνα
592 2392 791 2441 δυνηθῶμεν
811 2393 873 2436 τ’ἧς
888 2392 1014 2442 ἀρετῆς
1031 2389 1094 2437 τὴν

74 2451 150 2489 ὁδὸν
174 2451 262 2502 μετὰ
283 2452 461 2504 ἀκριὸείας
481 2450 722 2499 διανύσαντες,
742 2453 810 2488 τῶν
831 2450 976 2489 αἰωνίων
1005 2453 1093 2502 ἄγα-

77 2514 144 2550 θῶν
163 2515 359 2565 ἐπιτυχεῖν,
385 2512 504 2564 χάριτι
528 2511 587 2549 καὶ
609 2511 852 2565 φιλανθρωπίᾳ
876 2516 936 2549 τοῦ
964 2511 1094 2563 Κυρίου

75 2575 177 2622 ἡμῶν
192 2573 308 2618 Ἰησοῦ
329 2574 494 2625 Χριστοῦ,
511 2573 585 2622 μεθ’
602 2566 640 2610 οἷ
654 2575 704 2624 τῷ
717 2571 833 2624 Πατρὶ
849 2571 924 2622 ἅμα
943 2574 993 2624 τῷ
1008 2571 1096 2624 ἁγίῳ

77 2633 260 2683 Πνεύματι
286 2633 385 2680 δόξα,
407 2633 549 2687 κράτος,
569 2633 675 2683 τιμὴ,
697 2638 754 2672 νῦν
773 2633 832 2672 καὶ
863 2632 938 2679 ἀεὶ,
958 2633 1016 2672 καὶ
1051 2636 1097 2677 εἷς

76 2693 152 2738 τοὺς
177 2696 303 2737 αἰῶνας
317 2697 384 2732 τῶν
402 2693 549 2731 αἰώνων.
570 2693 694 2744 Ἀμήν.

118 2826 132 2841 ³
156 2820 286 2854 ἑστῶτας
299 2816 334 2847 in
351 2826 416 2847 uno
432 2814 536 2847 deest.

120 2870 136 2894 b
160 2870 252 2902 Unus
274 2868 360 2902 Cod.
383 2877 517 2914 πρωτεῖα
544 2874 689 2912 κατέχειν.
707 2866 806 2910 [Mox
818 2867 856 2899 A.
874 2868 909 2900 B.
931 2869 968 2901 C.
989 2883 1077 2903 κατε-

1121 1841 1147 1869 Α
1167 1850 1206 1878 ut
1224 1841 1364 1878 lucrum
1384 1842 1524 1891 referas,
1545 1843 1602 1879 cui
1616 1856 1681 1894 par
1697 1842 1835 1879 nulJum
1858 1851 1919 1879 est.
1940 1842 2040 1880 Nihil
2056 1842 2151 1881 enim

1164 1917 1231 1954 par
1265 1912 1317 1941 est
1353 1903 1640 1952 mansuetudini,
1664 1917 1740 1953 quae
1763 1912 1795 1940 et
1825 1903 2086 1955 possidentibus
2116 1914 2150 1942 et

1165 1965 1346 2003 utentibus
1364 1964 1556 2003 admodum
1579 1965 1679 2003 utilis
1700 1973 1765 2003 est.
1788 1965 1888 2002 Hanc
1905 1964 2015 2016 igitur
2033 1975 2148 2004 secte—

1165 2040 1258 2074 mur,
1281 2036 1319 2063 ut
1346 2026 1522 2078 possimus
1539 2025 1684 2064 virtutis
1703 2026 1797 2064 viam
1822 2035 1984 2063 accurate
1999 2027 2144 2073 emensi,

1163 2095 1291 2123 aeterna
1303 2086 1467 2137 consequi
1479 2087 1585 2136 bona,
1599 2086 1713 2137 gratia
1725 2095 1757 2123 et
1766 2085 1984 2137 benignitate
2003 2086 2148 2124 Domini

1164 2147 1274 2184 nostri
1287 2149 1371 2186 Jesu
1391 2147 1539 2194 Christi,
1562 2147 1706 2197 quicum
1724 2147 1821 2184 Patri
1841 2161 1979 2198 unaque
1997 2148 2147 2200 Spiritui

1163 2217 1282 2245 sancto
1307 2208 1434 2259 gloria,
1457 2208 1661 2260 imperium,
1681 2208 1809 2259 bonor,
1828 2222 1922 2246 nunc
1937 2217 1969 2246 et
1997 2222 2147 2261 semper,

1117 2277 1140 2306 Β
1162 2278 1196 2307 ct
1213 2269 1250 2308 in
1269 2270 1395 2309 saecula
1413 2270 1634 2308 saeculorum.
1658 2271 1782 2308 Amen.

1142 2818 1243 2858 πᾴῧειν
1257 2824 1319 2857 pro
1335 2815 1518 2860 ἡμερῶσαι.]
