2502 3810
715 278 758 307 IN
801 278 941 308 EPIST.

65 364 169 409 ἐστιν,
187 360 264 399 οὐδὲ
279 365 301 407 ἡ
320 363 353 399 ἐν
369 362 418 412 τῷ
435 362 591 412 φανερῷ,
609 363 642 399 ἓν
659 361 784 412 σαρκὶ,
801 360 985 413 περιτομή.
1002 361 1082 398 Ἐν-

67 425 174 459 ταῦθα
207 421 325 465 αὐτοὺς
356 421 524 467 πλήττει,
555 423 601 464 ὡς
628 421 712 472 πρὸς
747 421 908 465 ἐπίδειξιν
945 421 1082 459 ἅπαντα

65 482 291 533 πράττοντας.
321 481 411 519 Ἀλλ’
433 485 451 519 ὁ
473 483 507 519 ἐν
537 483 586 533 τῷ
625 484 767 533 κρυπτῷ
802 482 985 529 Ἰουδαῖος,
1025 481 1082 519 καὶ

67 543 236 595 περιτομὴ
253 542 396 595 καρδίας
416 545 449 581 ἐν
469 542 643 592 πνεύματι
663 572 672 590 ,
693 544 730 581 οὗ
752 542 949 595 γράμματι.

123 848 235 886 Τοῦτο
255 846 290 884 δὲ
319 845 437 893 εἰπὼν,
468 846 608 890 ἐξέὅαλε
641 846 685 884 τὰ
716 844 901 895 σωματικὰ
928 844 1081 881 ἅπαντα.

72 909 140 947 Καὶ
156 908 222 961 γὰρ
241 911 262 953 ἡ
282 907 453 959 περηομ-λΙ
471 910 504 945 ἐν
520 910 569 959 τῷ
586 909 720 958 φανερῷ
733 936 743 953 ,
765 905 823 942 καὶ
850 904 894 942 τὰ
923 904 1086 942 <affigam

983 277 1041 306 AD
1078 272 1186 304 Rom.

1227 276 1386 305 uomit„
1427 277 1490 306 vi.
2046 261 2132 308 521

1159 359 1336 410 putiatum
1344 375 1354 408 3
1369 359 1429 398 sed
1444 359 1550 398 etiam
1562 359 1780 411 superiorem
1792 373 1864 397 esse
1878 360 2140 412 praeputiatum,

1158 419 1187 455 si
1210 419 1278 456 sibi
1297 420 1466 468 attendat,
1485 420 1722 470 eumdemque
1743 433 1826 458 vere
1847 434 1920 458 esse
1940 420 2107 460 Judaeum
2126 438 2136 459 :

1158 479 1236 517 ideo
1245 480 1294 518 ait
1311 496 1318 517 :
1338 479 1400 518 98.
1415 483 1506 518 ZVon
1519 483 1620 518 enim
1631 482 1700 532 qui
1717 483 1758 517 in
1770 482 1952 533 manifest
1960 495 1993 530 ο,
2008 483 2039 520 J
2038 483 2138 519 udae-

1161 553 1204 577 us
1225 549 1292 588 est,
1310 554 1377 578 nec
1396 555 1481 591 quae
1496 541 1704 591 manifesto
1715 543 1757 577 in
1770 554 1898 588 carne,
1909 549 1964 578 est
1979 544 2138 579 circum«

1160 602 1266 638 cisio.
1284 600 1351 637 Hic
1369 600 1448 638 illos
1466 600 1684 652 perstringit,
1713 610 1831 652 utpote
1845 601 1908 652 qui
1923 602 1971 640 ad
1989 611 2142 640 ostenta-

1162 659 1292 697 tionem
1310 660 1429 698 omnia
1444 661 1608 698 facerent.
1626 661 1688 698 Q9.
1708 662 1782 699 Sed
1794 664 1863 712 qui
1879 665 1920 699 in
1936 665 2142 701 abscondi-

1164 729 1213 770 to,
1228 723 1259 759 J
1258 723 1388 761 udoeus
1406 731 1462 761 est
1472 741 1487 769 ,·
1504 731 1541 760 et
1551 725 1790 760 circumcisio
1805 723 1931 761 cordis
1943 727 1984 761 in
1991 728 2139 776 spiritu,

1164 795 1242 818 non
1261 783 1386 819 litera.

1214 842 1250 878 4.
1272 841 1337 878 His
1352 841 1513 879 excludit
1529 842 1726 893 corporalia
1742 842 1972 880 omnia.Nam
1992 844 2143 882 circum-

1161 901 1246 938 cisio
1265 900 1301 937 in
1315 901 1499 939 manifesto
1518 910 1607 950 erat,
1629 915 1764 939 necnon
1780 902 1941 951 sabbata,
1956 905 2143 953 sacrificia,

72 969 130 1006 καὶ
156 972 189 1006 αἱ
218 968 331 1006 θυσίαι
361 967 419 1006 καὶ
446 970 476 1005 οἱ
497 966 724 1018 καθαρισμοί·
758 966 846 1017 ἅπερ
872 965 1010 1002 ἅπαντα
1039 965 1082 1000 δι’
1099 996 1146 1022 477
1162 960 1407 1011 pllrgatione83
1424 975 1503 1011 quae
1521 961 1640 998 omnia
1659 975 1729 999 uno
1748 963 1859 1001 verbo
1874 963 2115 1001 subindicavit
2133 980 2141 1000 t

71 1029 141 1071 ἑνὸς
161 1028 299 1079 ᾐνίξατο
317 1028 468 1079 ῥήματος
487 1026 606 1073 εἰπὼν,
630 1029 683 1064 Οὐ
700 1025 766 1077 γὰρ
787 1029 804 1063 ὃ
824 1028 858 1063 ἓν
881 1027 930 1076 τῷ
949 1027 1085 1076 φανερῷ
1110 1032 1134 1060 Α
1162 1021 1252 1057 Non
1269 1023 1372 1057 enim
1392 1023 1459 1072 qui
1485 1024 1525 1057 in
1556 1023 1779 1074 manifesto,
1805 1024 1965 1061 Judaeas
1981 1032 2048 1061 est.
2073 1024 2146 1061 Ve-

70 1088 235 1130 Ἰουδαῖός
252 1090 354 1125 ε’στιν.
373 1088 464 1125 Ἀλλ’
486 1086 604 1132 ἐπειδὴ
625 1088 687 1131 τῆς
705 1089 897 1136 περιτομῆς
918 1084 1024 1128 πολὺς
1042 1079 1084 1131 ἦν

68 1152 86 1185 ὁ
108 1147 218 1198 λόγος,
246 1146 330 1184 ὅπου
350 1162 388 1197 γε
411 1145 470 1183 καὶ
490 1146 530 1183 τὸ
549 1145 722 1184 σοίὸἒατον
750 1148 836 1197 αὐτῇ
864 1144 1084 1197 παρεχώρει,

69 1208 208 1250 εἰκότως
229 1206 271 1244 τὰ
292 1206 435 1244 πλείονα
456 1206 541 1258 πρὸς
568 1205 673 1253 αὐτὴν
704 1205 936 1244 ἀποτείνεται.
963 1204 1084 1243 Εἰπὼν

69 1269 123 1315 δὲ,
145 1268 204 1306 Ἐν
219 1266 414 1318 πνεύματι,
429 1267 647 1319 προοδοποιεῖ
661 1266 781 1305 λοιπὸν
796 1268 839 1317 τῇ
855 1268 917 1311 τῆς
931 1265 1085 1311 Ἐκκλη-

70 1328 146 1372 σίας
162 1326 338 1378 πολιτείᾳ,
354 1326 413 1365 καὶ
439 1327 501 1374 τὴν
523 1326 639 1365 πίστιν
660 1327 811 1378 εἰσάγει·
831 1326 890 1364 καὶ
909 1326 976 1379 γὰρ
997 1326 1084 1373 αὕτη

70 1391 104 1427 ἐν
130 1388 256 1441 καρδίᾳ
285 1388 344 1426 καὶ
373 1387 546 1439 πνεύματι
570 1387 628 1426 τὸν
654 1387 793 1426 ἔπαινον
822 1388 892 1426 ἀπὸ
911 1391 971 1426 τοῦ
994 1389 1086 1426 Θεοῦ

69 1449 153 1502 ἔχει.
179 1448 248 1486 Καὶ
270 1447 328 1486 διὰ
345 1447 380 1485 τί
401 1448 449 1498 μὴ
469 1446 608 1495 ἔδειξεν,
639 1446 692 1485 ὅτι
712 1451 729 1486 ὃ
748 1451 924 1500 κατορθῶν
950 1448 1087 1495 “Ελλην

70 1508 238 1548 Ἰουδαίου
268 1512 513 1559 κατορθοῦντος
539 1511 601 1546 οὐκ
623 1507 715 1546 ἔστιν
736 1508 907 1546 ἐλάττων·
935 1511 1012 1547 ἀλλ’
1036 1508 1087 1546 ὅτι

70 1573 248 1621 κατορθῶν
273 1569 409 1614 “EM-qv
431 1568 599 1607 Ἰουδαίου
625 1568 899 1620 παραὸαίνοντος
922 1569 1088 1621 κρείττων

73 1630 186 1678 ἐστίν;
204 1629 269 1668 Ἵν’
302 1628 537 1681 ἀναμφίὸολον
569 1628 699 1680 ποιήσῃ
727 1628 789 1676 τὴν
815 1629 925 1676 νίκην.
955 1629 1087 1668 Τούτου

70 1690 139 1742 γὰρ
155 1689 422 1741 ὁμολογηθέντος
434 1717 443 1733 ,
463 1688 496 1733 ἐξ
513 1689 665 1741 ἀνάγκης
680 1693 702 1736 ἡ
722 1689 892 1741 περιτομὴ
914 1693 975 1736 τῆς
1002 1706 1089 1742 σαρ-

72 1753 131 1794 κὸς
160 1751 387 1796 ἓκὸοίλλεται,
417 1749 477 1787 καὶ
507 1749 695 1798 δείκνυται,
723 1749 774 1787 δ’τι
803 1753 984 1802 πανταχοῦ
1013 1750 1088 1801 βίου

71 1811 189 1865 χρεία.
212 1811 322 1849 υΟταν
341 1811 407 1863 γὰρ
425 1813 442 1848 ὃ
462 1810 524 1860 μὲν
539 1809 676 1857 <Έλλην
700 1810 807 1863 χωρὶς
827 1811 957 1848 τούτων
977 1811 1089 1858 σώζη-

72 1890 151 1921 ται,
171 1877 188 1911 ὁ
205 1873 240 1912 δὲ
256 1873 420 1916 Ἰουδαῖος
445 1871 534 1923 μετὰ
551 1872 682 1909 τούτων
711 1872 922 1919 κολάζηται,
943 1871 1088 1918 ἕστηκεν

74 1935 188 1987 ἀργῶν
211 1936 228 1970 ὁ
249 1932 458 1983 ἰουδαϊσμός.
476 1931 638 1979 ἽΞλληνα
664 1931 699 1970 δὲ
729 1932 834 1970 πάλιν
855 1935 892 1970 οὗ
910 1932 967 1970 τὸν
992 1934 1089 1970 εἰδω-

73 1994 259 2046 λολάτρην,
287 1993 377 2031 ἀλλὰ
406 1993 462 2031 τὸν
489 1993 632 2039 θεοσεὲἦ
658 1993 717 2031 καὶ
745 1993 903 2045 ἐνάρετον
933 1993 992 2031 καὶ
1019 1996 1088 2031 τῶν

74 2058 225 2105 νομικῶν
244 2053 519 2107 παρατηρήσεων
545 2054 812 2105 ἀπηλλαγμένον
840 2055 935 2106 φησί.
964 2053 1012 2093 Τί
1030 2048 1087 2092 οῦν

71 2116 112 2154 τὸ
130 2115 293 2166 περισσὸν
319 2119 378 2152 τοῦ
400 2114 585 2162 Ἰουδαίους
606 2114 751 2161 Ἐπειδὴ
786 2114 902 2153 πάντα
927 2115 1087 2164 ἐξέὸαλε,

75 2176 137 2222 τὴν
151 2176 329 2228 ἀκρόασιν,
342 2174 404 2222 τὴν
422 2173 706 2222 διδασκαλίαν,τὸ
718 2175 826 2225 ὄνομα
840 2180 900 2214 τοῦ
909 2175 1087 2224 Ἰουδαίου,

74 2236 138 2282 τὴν
157 2235 364 2287 περιτομὴν,
389 2235 433 2273 τὰ
460 2235 550 2272 ἄλλα
567 2234 698 2282 πάντα,
721 2234 776 2272 διὰ
795 2240 855 2274 τοῦ
880 2235 1005 2287 λέγειν,
1036 2236 1088 2274 ὅτι

73 2297 117 2335 ‘O
135 2299 168 2334 ἐν
187 2299 236 2348 τῷ
258 2298 395 2348 φανερῷ
422 2296 587 2338 Ἰουδαῖος
615 2297 677 2333 οὐκ
706 2295 812 2342 ἔστιν,
840 2297 917 2334 ἀλλ’
936 2301 954 2334 ὁ
972 2298 1006 2334 ἐν
1039 2300 1088 2350 τῷ

71 2359 235 2408 κρυπτῷ,
266 2359 329 2408 ὁρᾷ
359 2356 478 2394 λοιπὸν
517 2355 686 2394 ἀντίθεσιν
716 2355 999 2396 ἀνακύπτουσαν·
1029 2359 1089 2396 καὶ

72 2418 157 2470 πρὸς
183 2417 288 2464 αὐτὴν
313 2416 465 2455 ἵσταται.
493 2416 584 2461 εὶΤίς
610 2416 647 2454 δέ
666 2419 757 2455 ἐστιν
779 2420 798 2463 ἡ
825 2418 1015 2468 ἀντίθεσις;
1060 2423 1089 2460 ἐἰ

73 2478 195 2528 μηδὲν,
214 2478 329 2530 φησὶν,
345 2479 470 2530 ὠφελεῖ
488 2481 617 2526 ταῦτα,
632 2477 723 2522 τίνος
741 2477 854 2517 ἕνεκεν
878 2481 938 2518 καὶ
959 2482 1088 2528 ἐκλήθη

74 2539 113 2575 τὸ
128 2538 218 2582 ἔθνος
232 2568 241 2585 ,
257 2538 316 2576 καὶ
333 2537 504 2590 περιτομὴ
521 2538 639 2586 ἐδόθη,
655 2539 702 2577 Τί
721 2534 777 2578 οῦν
803 2547 916 2589 ποιεῖ,
937 2542 996 2581 καὶ
1015 2546 1090 2587 πῶς

76 2598 182 2645 αὐτὴν
209 2598 306 2644 λύει;
334 2600 388 2636 Δι’
409 2592 455 2636 ὧν
481 2599 581 2637 ἔλυσε
605 2599 665 2638 καὶ
689 2599 734 2637 τὰ
759 2601 931 2655 ἀνωτέρω.
952 2603 1090 2658 εΏσπερ

75 2659 141 2711 γὰρ
166 2660 235 2697 ἐκεῖ
250 2660 287 2697 οὗ
302 2658 346 2696 τὰ
365 2658 522 2710 ἐγκώμια
542 2661 655 2698 αὐτῶν
679 2653 785 2708 εἶπεν,
802 2662 893 2700 ἀλλὰ
911 2667 970 2701 τοῦ
996 2666 1089 2703 Θεοῦ

74 2719 135 2762 τὰς
151 2720 344 2772 εὐεργεσίας
358 2750 367 2767 ,
395 2722 433 2757 οὗ
459 2719 504 2757 τὰ
531 2722 642 2758 αὐτῶν
673 2722 946 2773 κοτορθώματα·
965 2724 1005 2763 τὸ
1022 2725 1089 2778 γὰρ

73 2780 238 2819 Ἰουδαῖον
255 2780 502 2830 ὀνομάζεσθαι,
521 2780 581 2818 καὶ
599 2780 781 2832 γινώσκειν
799 2783 838 2821 τὸ
858 2783 1014 2834 θέλημα,
1031 2786 1089 2824 καὶ

76 2840 270 2890 δοκιμάζειν
287 2840 332 2878 τὰ
351 2839 573 2893 διαφέροντα,
590 2842 651 2879 οὐκ
668 2843 778 2879 αὐτῶν
799 2836 840 2889 ἦν
858 2843 1066 2895 κατόρθωμα
1078 2875 1087 2891 ,

75 2899 166 2938 ἀλλὰ
177 2904 237 2946 τῆς
251 2905 310 2938 τοῦ
326 2903 417 2939 Θεοῦ
436 2901 579 2953 χάριτος
591 2917 598 2924 ·
614 2901 699 2955 ὅπερ
715 2902 773 2940 καὶ
790 2903 961 2948 ὀνειδίζων
975 2907 1090 2948 αὐτοῖς

76 2963 94 2998 ὁ
107 2960 284 3012 προφήτης
313 2962 444 3012 ἔλεγεν·
463 2963 540 3000 Οὐκ
566 2962 726 3009 ἐποίησεν
746 2962 835 3001 οὕτω
859 2965 964 3003 παντὶ
980 2965 1090 3013 ἔθνει,

76 3021 136 3058 καὶ
163 3022 205 3059 τὰ
225 3022 377 3073 κρίματα
398 3025 499 3061 αὐτοῦ
530 3024 591 3060 οὐκ
618 3023 791 3070 ἐδήλωσεν
820 3027 953 3070 αὐτοῖς·
987 3027 1047 3065 καὶ
1075 3030 1092 3064 ὁ

78 3081 230 3125 Μωῡσῆς
250 3081 366 3129 πάλιν,
379 3082 604 3133 Ἐρωτήσατε
616 3111 626 3129 ,
647 3085 675 3122 εἷ
690 3083 810 3135 γέγονε
829 3086 919 3124 κατὰ
936 3086 974 3124 τὸ
996 3090 1091 3139 ῥῆμα

21 3159 27 3164 ·
77 3143 199 3187 τοῦτο,
224 3141 339 3192 φησὶν,
368 3143 397 3179 εἷ
421 3141 566 3187 ἤκουσεν
597 3143 690 3188 ἔθνος
713 3144 830 3196 φωνὴν
849 3148 941 3185 Θεοῦ
969 3149 1094 3191 ζῶντος

80 3202 119 3238 ἐκ
137 3201 241 3250 μέσου
261 3204 318 3239 τοῦ
338 3201 460 3253 πυρὸς,
476 3203 535 3240 καὶ
550 3203 668 3250 ἔζησε·
688 3209 787 3244 τοῦτο
807 3206 847 3253 δὴ
870 3207 930 3245 καὶ
948 3209 1094 3247 ἐνταῦθα

80 3267 184 3299 ποιεῖ.
206 3261 342 3313 υΩσπερ
362 3261 449 3312 γὰρ,
475 3262 532 3301 ὅτε
561 3262 656 3315 ἔλεγε
683 3265 762 3318 περὶ
791 3269 852 3313 τῆς
882 3271 1094 3320 περιτομῆς,

124 3386 137 3399 ι
160 3375 516 3416 [Α.τι’,-εὶ;ἦ-,ἡὰντ.]

1161 1093 1242 1116 rum
1264 1080 1347 1130 quia
1366 1080 1643 1119 circumcisionis
1662 1095 1790 1132 magna
1812 1081 1902 1119 ratio
1926 1091 2014 1132 erat,
2035 1097 2148 1133 quan-

1160 1138 1354 1190 doquidem
1383 1140 1452 1192 ipsi
1484 1141 1672 1179 sabbatum
1694 1141 1853 1192 cedebat,
1875 1143 1957 1195 jure
1983 1143 2148 1195 pluribus

1160 1200 1254 1238 circa
1272 1201 1372 1239 illam
1403 1202 1618 1240 extenditur.
1638 1203 1730 1241 Cum
1747 1203 1835 1241 dicit
1854 1212 1985 1253 autem,
2001 1206 2050 1241 In
2071 1207 2150 1256 spi-

1161 1265 1254 1310 ritu,
1271 1262 1370 1302 viam
1389 1273 1562 1315 praeparat
1577 1263 1742 1316 deinceps
1759 1264 1805 1302 ad
1822 1264 1992 1302 Ecclesiae
2007 1265 2152 1303 institu-

1162 1333 1252 1370 tum,
1269 1333 1304 1363 et
1317 1323 1426 1362 fidem
1445 1324 1582 1362 inducit
1605 1341 1613 1361 ε
1630 1325 1834 1363 etenimilla
1850 1325 1885 1363 in
1903 1325 2009 1363 corde
2025 1335 2057 1364 et
2072 1327 2148 1378 spi-

1163 1385 1234 1422 ritu
1257 1385 1399 1423 laudem
1418 1400 1438 1423 a
1457 1387 1532 1423 Deo
1545 1386 1664 1424 habet.
1684 1386 1732 1424 Et
1746 1400 1810 1424 eur
1827 1400 1896 1424 non
1908 1386 2073 1437 ostendit,
2091 1388 2151 1425 be-

1162 1459 1206 1483 ne
1224 1455 1386 1497 agentem
1403 1447 1570 1498 gentilem
1585 1447 1673 1485 bene
1696 1456 1823 1499 agente
1843 1449 1863 1486 J
1868 1446 1967 1485 udaeo
1982 1462 2051 1485 non
2077 1462 2151 1485 esse

1164 1506 1366 1545 inferiorem
1375 1522 1386 1557 3
1407 1506 1470 1545 sed
1487 1507 1577 1545 bene
1593 1517 1754 1559 agentem
1770 1508 1938 1559 gentilem
1957 1517 2153 1560 transgres-

1164 1582 1242 1606 sore
1259 1568 1386 1608 Judaeo
1402 1583 1476 1607 esse
1491 1569 1673 1607 meliorem
1683 1569 1700 1606 Ρ
1710 1571 1760 1608 Ut
1778 1569 2014 1607 indubitatam
2025 1569 2150 1607 redde-

1164 1638 1217 1671 ret
1224 1629 1425 1667 victoriam.
1439 1630 1513 1667 Hoc
1521 1629 1614 1667 enim
1623 1644 1704 1667 cum
1717 1630 1753 1668 in
1765 1631 1922 1668 confesso
1931 1639 1992 1679 est,
2003 1631 2151 1668 circum-

1164 1690 1251 1728 cisio
1286 1690 1402 1728 carnis
1431 1692 1626 1729 necessario
1649 1691 1870 1741 excluditur,
1892 1701 1926 1729 et
1955 1690 2152 1730 ostenditur

1165 1751 1298 1801 ubique
1315 1765 1389 1789 esse
1400 1751 1493 1789 bona
1511 1751 1693 1803 vitaopus.
1709 1752 1800 1789 Cum
1813 1752 1906 1789 enim
1919 1752 2059 1803 gentilis
2078 1752 2152 1790 sine

1163 1811 1220 1850 his
1240 1811 1361 1849 salvus
1381 1811 1438 1859 sit,
1455 1821 1489 1849 et
1499 1811 1645 1851 Judaeus
1663 1826 1744 1849 cum
1762 1812 1820 1850 his
1837 1812 2020 1864 puniatur,
2042 1822 2152 1851 cessat

1163 1871 1385 1911 Judaismus.
1408 1872 1587 1911 Gentilem
1606 1886 1691 1911 vero
1702 1872 1791 1910 dicit
1819 1886 1889 1910 non
1911 1873 2150 1921 idololatram,

1163 1932 1223 1971 sed
1242 1933 1344 1985 pium
1353 1941 1387 1970 et
1403 1933 1536 1971 virtute
1559 1932 1763 1985 praeditum,
1782 1947 1803 1970 a
1834 1934 2009 1985 legalibus
2027 1934 2148 1972 obser-

1162 1993 1366 2032 vationibus
1385 1993 1555 2032 liberum.
1591 1996 1606 2031 1
1618 2025 1626 2034 .
1654 1995 1757 2045 Quid
1774 2008 1862 2046 ergo
1882 1996 2050 2047 amplius
2078 1996 2148 2033 Ju-
2165 2014 2238 2042 cst
2257 2022 2308 2042 m,

1162 2055 1245 2092 doeo
1264 2058 1343 2093 est?
1365 2055 1458 2101 Quia
1474 2054 1593 2092 omnia
1617 2055 1781 2104 exclusit,
1801 2055 1997 2106 conciones,
2017 2055 2150 2094 doctri-

1162 2128 1391 2164 nam,nomen
1399 2115 1880 2165 Judaei‚circumcisi0nemet
1888 2125 2011 2154 caetera
2019 2117 2149 2163 omnia,

1162 2191 1244 2215 cum
1275 2177 1386 2228 dixit,
1423 2179 1498 2228 Qui
1535 2180 1578 2215 in
1607 2179 1816 2229 manifesto
1830 2208 1840 2226 ,
1874 2180 2039 2217 Judaeus
2075 2194 2152 2218 non

1163 2245 1233 2283 est,
1251 2239 1320 2275 sed
1334 2240 1401 2289 qui
1419 2240 1461 2275 in
1478 2238 1705 2276 abscondito
1715 2254 1730 2283 ;
1750 2237 1849 2276 videt
1872 2238 2149 2291 deinceps-obje-

1164 2298 1314 2336 ctionem
1325 2307 1587 2350 exsurgentem,
1605 2308 1638 2337 et
1654 2299 1825 2339 adversus
1840 2299 1939 2337 illam
1950 2309 2028 2339 stat.
2043 2301 2148 2348 Quae—

1163 2372 1245 2397 nam
1260 2359 1321 2397 illa
1337 2360 1516 2412 objectio?
1536 2359 1576 2399 Si
1590 2360 1666 2398 haec
1693 2361 1786 2398 nihil
1802 2361 1948 2413 juvant,
1964 2376 2027 2400 cur
2042 2377 2148 2401 voca-

1164 2429 1199 2457 ta
1218 2434 1301 2471 gens
1311 2420 1395 2471 fuit,
1414 2435 1479 2458 cur
1500 2421 1721 2459 circumcisio
1745 2421 1856 2459 data?
1879 2422 1979 2468 Quid
1996 2437 2080 2475 ergo
2099 2425 2148 2462 fa-

1164 2480 1238 2519 cit?
1258 2490 1291 2518 et
1305 2480 1484 2531 quomodo
1497 2481 1598 2518 illam
1611 2481 1742 2520 solvit?
1761 2482 1811 2519 Ut
1829 2482 2009 2534 superiora
2026 2484 2146 2522 solvit.

1163 2541 1264 2580 Sicut
1282 2541 1377 2579 enim
1395 2541 1470 2578 illic
1496 2555 1566 2578 non
1596 2541 1742 2579 illorum
1769 2541 1895 2580 laudes
1924 2543 2148 2594 praedicavit,

1165 2602 1225 2640 sed
1245 2602 1311 2640 Dei
1337 2602 1523 2652 beneficia,
1544 2615 1614 2639 non
1641 2602 1786 2639 illorum
1805 2611 1898 2640 recte
1922 2604 2032 2652 facta,
2066 2618 2149 2641 nam

1163 2661 1262 2714 quod
1295 2661 1412 2701 Judaei
1444 2670 1668 2710 vocarentur,
1703 2660 1801 2711 quod
1832 2662 2052 2700 voluntatem
2082 2664 2149 2701 Dei

1163 2731 1317 2771 nossent,
1347 2720 1445 2772 quod
1466 2720 1710 2758 examinarent
1739 2720 1856 2768 utilia,
1891 2734 1960 2759 non
1989 2722 2148 2770 illorum,

1165 2784 1226 2822 sed
1245 2783 1311 2821 Dei
1337 2782 1458 2834 gratiae
1487 2795 1576 2833 opus
1597 2790 1672 2819 erat
1689 2796 1696 2817 :
1716 2781 1816 2832 quod
1841 2781 1914 2820 illis
1931 2783 2150 2835 exprobrans

1165 2845 1338 2898 propheta
1352 2842 1514 2881 dicebat:
1536 2843 1625 2879 Non
1628 2843 1733 2894 fecit
1745 2842 1880 2879 taliter
1899 2847 2004 2881 omni
2024 2848 2148 2882 natio·
2164 2865 2251 2892 Psal.
2280 2862 2346 2903 ¹47·

1166 2908 1216 2955 ni,
1233 2914 1269 2943 et
1277 2905 1431 2957 judicia
1450 2916 1521 2941 sua
1537 2916 1614 2940 non
1624 2902 1893 2954 manifestavit
1908 2906 1963 2942 eis
1972 2920 1987 2949 ,-
1998 2913 2031 2942 et
2041 2906 2147 2957 Moy·
2161 2913 2192 2943 9-

1165 2980 1219 3004 ses
1237 2978 1382 3003 rursum
1397 2993 1409 3014 ,
1432 2966 1686 3015 Interrogate,
1712 2962 1841 3013 inquit,
1859 2965 1988 3016 sifait
2014 2979 2148 3003 secun·
2165 2979 2348 3012 Deuc.5.26.

1165 3029 1257 3065 dum
1277 3028 1438 3064 verbum
1452 3026 1536 3072 Ῐιοσ,
1553 3027 1587 3062 si
1608 3025 1761 3061 audivit
1777 3038 1872 3075 gens
1904 3039 2040 3063 vocem
2073 3029 2151 3064 Dei

1165 3090 1334 3126 viventis
1353 3101 1400 3124 ex
1420 3087 1543 3124 medio
1563 3087 1672 3137 ignis,
1706 3093 1743 3122 et
1769 3088 1871 3122 vixit
1897 3101 1907 3121 .-
1927 3086 1996 3124 hoc
2033 3087 2151 3138 ipsum

1165 3149 1226 3187 hic
1244 3161 1383 3199 quoque
1392 3147 1486 3184 facit.
1500 3146 1600 3185 Sicut
1615 3145 1710 3183 enim
1727 3159 1808 3183 cum
1828 3146 1872 3184 de
1886 3146 2153 3187 circumcisione

1166 3209 1383 3259 loqueretur,
1399 3220 1467 3244 non
1489 3205 1595 3254 dixit,
1615 3205 1699 3242 Haec
1719 3205 1943 3244 circumcisio
1972 3207 2046 3245 sine
2061 3208 2153 3246 bona

1168 3268 1240 3308 vita
1260 3267 1352 3306 nihil
1373 3266 1515 3319 prodest
1522 3281 1535 3320 3
1553 3265 1629 3313 sed,
1649 3265 1882 3304 Circumcisio
1896 3280 1978 3305 cum
1994 3267 2087 3307 hona
2097 3269 2154 3308 vi-

1904 3433 1967 3470 57.
