<?xml version="1.0" encoding="UTF-8"?>
<!DOCTYPE html PUBLIC "-//W3C//DTD XHTML 1.0 Transitional//EN"
    "http://www.w3.org/TR/xhtml1/DTD/xhtml1-transitional.dtd">
<html xmlns="http://www.w3.org/1999/xhtml" xml:lang="en" lang="en">
 <head>
  <title>
</title>
<meta http-equiv="Content-Type" content="text/html;charset=utf-8" />
  <meta name='ocr-system' content='tesseract 3.04.00' />
  <meta name='ocr-capabilities' content='ocr_page ocr_carea ocr_par ocr_line ocrx_word'/>
</head>
<body>
  <div class='ocr_page' id='page_1' title='image "./operaomniaquaeex09johnuoft_0038.png"; bbox 0 0 2466 3805; ppageno 0'>
   <div class='ocr_carea' id='block_1_1' title="bbox 80 836 269 1210">
    <p class='ocr_par' dir='ltr' id='par_1_1' title="bbox 84 836 269 907">
     <span class='ocr_line' id='line_1_1' title="bbox 86 836 269 866; baseline 0.005 -2"><span class='ocrx_word' id='word_1_1' title='bbox 86 838 175 865; x_wconf 73' lang='lat' dir='ltr'>Joan.</span> <span class='ocrx_word' id='word_1_2' title='bbox 223 836 269 866; x_wconf 85' lang='lat'>13.</span> 
     </span>
     <span class='ocr_line' id='line_1_2' title="bbox 84 877 136 907; baseline -0.019 0"><span class='ocrx_word' id='word_1_3' title='bbox 84 877 136 907; x_wconf 82' lang='lat'>36.</span> 
     </span>
    </p>

    <p class='ocr_par' dir='ltr' id='par_1_2' title="bbox 80 1132 252 1210">
     <span class='ocr_line' id='line_1_3' title="bbox 83 1132 252 1163; baseline 0.012 -4"><span class='ocrx_word' id='word_1_4' title='bbox 83 1132 180 1161; x_wconf 66' lang='lat' dir='ltr'>blare.</span> <span class='ocrx_word' id='word_1_5' title='bbox 208 1134 252 1163; x_wconf 83' lang='lat'>13.</span> 
     </span>
     <span class='ocr_line' id='line_1_4' title="bbox 80 1184 109 1210; baseline 0 -8"><span class='ocrx_word' id='word_1_6' title='bbox 80 1184 109 1210; x_wconf 88' lang='lat'>7.</span> 
     </span>
    </p>
   </div>
   <div class='ocr_carea' id='block_1_2' title="bbox 298 210 353 238">
    <p class='ocr_par' dir='ltr' id='par_1_3' title="bbox 298 210 353 238">
     <span class='ocr_line' id='line_1_5' title="bbox 298 210 353 238; baseline 0 0"><span class='ocrx_word' id='word_1_7' title='bbox 298 210 353 238; x_wconf 84' lang='lat'>22</span> 
     </span>
    </p>
   </div>
   <div class='ocr_carea' id='block_1_3' title="bbox 737 208 1911 240">
    <p class='ocr_par' dir='ltr' id='par_1_4' title="bbox 737 208 1911 240">
     <span class='ocr_line' id='line_1_6' title="bbox 737 208 1911 240; baseline 0.001 -1"><span class='ocrx_word' id='word_1_8' title='bbox 737 210 775 239; x_wconf 84' lang='lat' dir='ltr'>S.</span> <span class='ocrx_word' id='word_1_9' title='bbox 811 209 993 239; x_wconf 72' lang='lat' dir='ltr'>JOANNIS</span> <span class='ocrx_word' id='word_1_10' title='bbox 1028 208 1271 238; x_wconf 76' lang='lat' dir='ltr'>CHRYSOST.</span> <span class='ocrx_word' id='word_1_11' title='bbox 1311 209 1516 238; x_wconf 73' lang='lat' dir='ltr'>ARCIHEP.</span> <span class='ocrx_word' id='word_1_12' title='bbox 1554 208 1911 240; x_wconf 80' lang='lat' dir='ltr'>CONSTANTlNOP.</span> 
     </span>
    </p>
   </div>
   <div class='ocr_carea' id='block_1_4' title="bbox 290 285 2356 341">
    <p class='ocr_par' dir='ltr' id='par_1_5' title="bbox 290 285 2356 341">
     <span class='ocr_line' id='line_1_7' title="bbox 290 285 2356 341; baseline 0.001 -15"><span class='ocrx_word' id='word_1_13' title='bbox 290 292 431 326; x_wconf 85' lang='lat' dir='ltr'>cientes</span> <span class='ocrx_word' id='word_1_14' title='bbox 463 292 505 326; x_wconf 87' lang='lat' dir='ltr'>in</span> <span class='ocrx_word' id='word_1_15' title='bbox 533 288 700 326; x_wconf 82' lang='lat' dir='ltr'>ccelum?</span> <span class='ocrx_word' id='word_1_16' title='bbox 728 289 843 326; x_wconf 87' lang='lat' dir='ltr'>Simul</span> <span class='ocrx_word' id='word_1_17' title='bbox 874 287 1133 325; x_wconf 84' lang='lat' dir='ltr'>blandientium</span> <span class='ocrx_word' id='word_1_18' title='bbox 1160 286 1266 325; x_wconf 77' lang='lat' dir='ltr'>verba</span> <span class='ocrx_word' id='word_1_19' title='bbox 1293 291 1318 320; x_wconf 90' lang='lat' dir='ltr'>D</span> <span class='ocrx_word' id='word_1_20' title='bbox 1340 303 1460 331; x_wconf 88' lang='grc' dir='ltr'>ποντες</span> <span class='ocrx_word' id='word_1_21' title='bbox 1483 289 1529 331; x_wconf 85' lang='grc' dir='ltr'>εἷς</span> <span class='ocrx_word' id='word_1_22' title='bbox 1548 289 1606 326; x_wconf 83' lang='grc' dir='ltr'>τὸν</span> <span class='ocrx_word' id='word_1_23' title='bbox 1629 289 1789 341; x_wconf 82' lang='grc' dir='ltr'>οὖρανόν;</span> <span class='ocrx_word' id='word_1_24' title='bbox 1812 290 1908 340; x_wconf 83' lang='grc' dir='ltr'>Ἅμα</span> <span class='ocrx_word' id='word_1_25' title='bbox 1927 290 2206 329; x_wconf 55' lang='grc' dir='ltr'>ἅκολακευόντων</span> <span class='ocrx_word' id='word_1_26' title='bbox 2238 285 2280 336; x_wconf 73' lang='grc' dir='ltr'>ἦν</span> <span class='ocrx_word' id='word_1_27' title='bbox 2310 290 2356 329; x_wconf 80' lang='grc' dir='ltr'>τὰ</span> 
     </span>
    </p>
   </div>
   <div class='ocr_carea' id='block_1_5' title="bbox 274 348 1267 1603">
    <p class='ocr_par' dir='ltr' id='par_1_6' title="bbox 274 348 1267 1603">
     <span class='ocr_line' id='line_1_8' title="bbox 291 348 1267 398; baseline -0.004 -11"><span class='ocrx_word' id='word_1_28' title='bbox 291 358 401 397; x_wconf 86' lang='lat' dir='ltr'>erant,</span> <span class='ocrx_word' id='word_1_29' title='bbox 419 358 452 387; x_wconf 90' lang='lat' dir='ltr'>et</span> <span class='ocrx_word' id='word_1_30' title='bbox 472 363 541 387; x_wconf 89' lang='lat' dir='ltr'>non</span> <span class='ocrx_word' id='word_1_31' title='bbox 562 357 678 386; x_wconf 89' lang='lat' dir='ltr'>tamen</span> <span class='ocrx_word' id='word_1_32' title='bbox 699 349 889 386; x_wconf 86' lang='lat' dir='ltr'>sinentium</span> <span class='ocrx_word' id='word_1_33' title='bbox 904 348 973 384; x_wconf 86' lang='lat' dir='ltr'>cito</span> <span class='ocrx_word' id='word_1_34' title='bbox 991 355 1194 398; x_wconf 82' lang='lat' dir='ltr'>exspectare</span> <span class='ocrx_word' id='word_1_35' title='bbox 1212 360 1267 383; x_wconf 89' lang='lat' dir='ltr'>re-</span> 
     </span>
     <span class='ocr_line' id='line_1_9' title="bbox 289 405 1266 462; baseline -0.004 -15"><span class='ocrx_word' id='word_1_36' title='bbox 289 409 406 447; x_wconf 89' lang='lat' dir='ltr'>ditum</span> <span class='ocrx_word' id='word_1_37' title='bbox 425 411 514 462; x_wconf 85' lang='lat' dir='ltr'>ejus.</span> <span class='ocrx_word' id='word_1_38' title='bbox 537 410 584 446; x_wconf 92' lang='lat' dir='ltr'>Hi</span> <span class='ocrx_word' id='word_1_39' title='bbox 604 408 698 459; x_wconf 87' lang='lat' dir='ltr'>quod</span> <span class='ocrx_word' id='word_1_40' title='bbox 715 409 828 459; x_wconf 88' lang='lat' dir='ltr'>majus</span> <span class='ocrx_word' id='word_1_41' title='bbox 841 416 891 444; x_wconf 89' lang='lat' dir='ltr'>est</span> <span class='ocrx_word' id='word_1_42' title='bbox 909 406 1046 455; x_wconf 88' lang='lat' dir='ltr'>dicunt,</span> <span class='ocrx_word' id='word_1_43' title='bbox 1066 405 1163 456; x_wconf 91' lang='lat' dir='ltr'>quod</span> <span class='ocrx_word' id='word_1_44' title='bbox 1182 419 1266 444; x_wconf 74' lang='lat' dir='ltr'>vero</span> 
     </span>
     <span class='ocr_line' id='line_1_10' title="bbox 289 465 1265 519; baseline -0.006 -12"><span class='ocrx_word' id='word_1_45' title='bbox 289 470 407 507; x_wconf 91' lang='lat' dir='ltr'>minus</span> <span class='ocrx_word' id='word_1_46' title='bbox 426 484 494 507; x_wconf 93' lang='lat' dir='ltr'>non</span> <span class='ocrx_word' id='word_1_47' title='bbox 517 469 613 506; x_wconf 90' lang='lat' dir='ltr'>item.</span> <span class='ocrx_word' id='word_1_48' title='bbox 636 469 757 519; x_wconf 86' lang='lat' dir='ltr'>Ipsum</span> <span class='ocrx_word' id='word_1_49' title='bbox 773 467 823 504; x_wconf 92' lang='lat' dir='ltr'>sic</span> <span class='ocrx_word' id='word_1_50' title='bbox 838 475 1046 513; x_wconf 83' lang='lat' dir='ltr'>venturum,</span> <span class='ocrx_word' id='word_1_51' title='bbox 1067 474 1100 502; x_wconf 90' lang='lat' dir='ltr'>et</span> <span class='ocrx_word' id='word_1_52' title='bbox 1118 478 1163 502; x_wconf 71' lang='lat' dir='ltr'>ex</span> <span class='ocrx_word' id='word_1_53' title='bbox 1180 465 1265 502; x_wconf 87' lang='lat' dir='ltr'>caelo</span> 
     </span>
     <span class='ocr_line' id='line_1_11' title="bbox 288 524 1266 581; baseline -0.004 -15"><span class='ocrx_word' id='word_1_54' title='bbox 288 528 563 581; x_wconf 79' lang='lat' dir='ltr'>exspectandum</span> <span class='ocrx_word' id='word_1_55' title='bbox 592 540 664 564; x_wconf 88' lang='lat' dir='ltr'>esse</span> <span class='ocrx_word' id='word_1_56' title='bbox 688 526 833 575; x_wconf 83' lang='lat' dir='ltr'>dicunt;</span> <span class='ocrx_word' id='word_1_57' title='bbox 858 524 1084 575; x_wconf 82' lang='lat' dir='ltr'>quandonam</span> <span class='ocrx_word' id='word_1_58' title='bbox 1109 538 1207 572; x_wconf 79' lang='lat' dir='ltr'>vero,</span> <span class='ocrx_word' id='word_1_59' title='bbox 1228 524 1266 562; x_wconf 90' lang='lat' dir='ltr'>id</span> 
     </span>
     <span class='ocr_line' id='line_1_12' title="bbox 288 584 1265 638; baseline -0.004 -11"><span class='ocrx_word' id='word_1_60' title='bbox 288 598 413 627; x_wconf 86' lang='lat' dir='ltr'>tacent.</span> <span class='ocrx_word' id='word_1_61' title='bbox 439 589 493 626; x_wconf 80' lang='lat' dir='ltr'>Ab</span> <span class='ocrx_word' id='word_1_62' title='bbox 518 588 580 625; x_wconf 87' lang='lat' dir='ltr'>illo</span> <span class='ocrx_word' id='word_1_63' title='bbox 606 596 724 624; x_wconf 89' lang='lat' dir='ltr'>autem</span> <span class='ocrx_word' id='word_1_64' title='bbox 744 586 942 638; x_wconf 85' lang='lat' dir='ltr'>spectaculo</span> <span class='ocrx_word' id='word_1_65' title='bbox 969 594 1144 633; x_wconf 85' lang='lat' dir='ltr'>evocatos,</span> <span class='ocrx_word' id='word_1_66' title='bbox 1159 584 1265 623; x_wconf 81' lang='lat' dir='ltr'>dictis</span> 
     </span>
     <span class='ocr_line' id='line_1_13' title="bbox 286 645 1265 696; baseline -0.002 -10"><span class='ocrx_word' id='word_1_67' title='bbox 286 649 359 686; x_wconf 91' lang='lat' dir='ltr'>suis</span> <span class='ocrx_word' id='word_1_68' title='bbox 383 657 532 686; x_wconf 86' lang='lat' dir='ltr'>attentos</span> <span class='ocrx_word' id='word_1_69' title='bbox 556 646 723 695; x_wconf 89' lang='lat' dir='ltr'>reddunt,</span> <span class='ocrx_word' id='word_1_70' title='bbox 745 655 784 683; x_wconf 91' lang='lat' dir='ltr'>ut</span> <span class='ocrx_word' id='word_1_71' title='bbox 807 659 850 683; x_wconf 89' lang='lat' dir='ltr'>ne</span> <span class='ocrx_word' id='word_1_72' title='bbox 876 646 1045 696; x_wconf 85' lang='lat' dir='ltr'>quoniam</span> <span class='ocrx_word' id='word_1_73' title='bbox 1070 645 1265 684; x_wconf 90' lang='lat' dir='ltr'>Dominum</span> 
     </span>
     <span class='ocr_line' id='line_1_14' title="bbox 280 705 1263 759; baseline -0.001 -15"><span class='ocrx_word' id='word_1_74' title='bbox 280 709 356 759; x_wconf 85' lang='lat' dir='ltr'>jam</span> <span class='ocrx_word' id='word_1_75' title='bbox 389 707 508 746; x_wconf 89' lang='lat' dir='ltr'>videre</span> <span class='ocrx_word' id='word_1_76' title='bbox 540 720 609 744; x_wconf 91' lang='lat' dir='ltr'>non</span> <span class='ocrx_word' id='word_1_77' title='bbox 646 715 819 758; x_wconf 80' lang='lat' dir='ltr'>poterant,</span> <span class='ocrx_word' id='word_1_78' title='bbox 855 715 1020 758; x_wconf 87' lang='lat' dir='ltr'>putarent</span> <span class='ocrx_word' id='word_1_79' title='bbox 1048 705 1167 757; x_wconf 87' lang='lat' dir='ltr'>ipsum</span> <span class='ocrx_word' id='word_1_80' title='bbox 1194 720 1263 743; x_wconf 89' lang='lat' dir='ltr'>non</span> 
     </span>
     <span class='ocr_line' id='line_1_15' title="bbox 284 767 1265 819; baseline -0.001 -13"><span class='ocrx_word' id='word_1_81' title='bbox 284 768 498 819; x_wconf 75' lang='lat' dir='ltr'>ascendjsse3</span> <span class='ocrx_word' id='word_1_82' title='bbox 519 777 626 819; x_wconf 88' lang='lat' dir='ltr'>utque</span> <span class='ocrx_word' id='word_1_83' title='bbox 653 768 745 805; x_wconf 86' lang='lat' dir='ltr'>hanc</span> <span class='ocrx_word' id='word_1_84' title='bbox 770 767 1017 818; x_wconf 81' lang='lat' dir='ltr'>cogitationem</span> <span class='ocrx_word' id='word_1_85' title='bbox 1049 767 1164 805; x_wconf 76' lang='lat' dir='ltr'>verbis</span> <span class='ocrx_word' id='word_1_86' title='bbox 1191 768 1265 806; x_wconf 85' lang='lat' dir='ltr'>suis</span> 
     </span>
     <span class='ocr_line' id='line_1_16' title="bbox 283 827 1265 881; baseline 0.001 -15"><span class='ocrx_word' id='word_1_87' title='bbox 283 829 529 881; x_wconf 74' lang='lat' dir='ltr'>praevenirent.</span> <span class='ocrx_word' id='word_1_88' title='bbox 549 831 642 867; x_wconf 90' lang='lat' dir='ltr'>Nam</span> <span class='ocrx_word' id='word_1_89' title='bbox 659 828 689 866; x_wconf 88' lang='lat' dir='ltr'>si</span> <span class='ocrx_word' id='word_1_90' title='bbox 704 827 802 880; x_wconf 89' lang='lat' dir='ltr'>prius</span> <span class='ocrx_word' id='word_1_91' title='bbox 821 828 998 878; x_wconf 79' lang='lat' dir='ltr'>dicebant,</span> <span class='ocrx_word' id='word_1_92' title='bbox 1023 830 1106 879; x_wconf 79' lang='lat' dir='ltr'>Quo</span> <span class='ocrx_word' id='word_1_93' title='bbox 1123 830 1265 867; x_wconf 78' lang='lat' dir='ltr'>vadis?</span> 
     </span>
     <span class='ocr_line' id='line_1_17' title="bbox 284 888 1265 941; baseline 0.002 -16"><span class='ocrx_word' id='word_1_94' title='bbox 284 889 397 927; x_wconf 90' lang='lat' dir='ltr'>multo</span> <span class='ocrx_word' id='word_1_95' title='bbox 424 889 536 940; x_wconf 83' lang='lat' dir='ltr'>magis</span> <span class='ocrx_word' id='word_1_96' title='bbox 561 903 655 926; x_wconf 86' lang='lat' dir='ltr'>nunc</span> <span class='ocrx_word' id='word_1_97' title='bbox 683 888 869 935; x_wconf 77' lang='lat' dir='ltr'>dixissent,</span> <span class='ocrx_word' id='word_1_98' title='bbox 891 890 995 927; x_wconf 83' lang='lat' dir='ltr'>Num</span> <span class='ocrx_word' id='word_1_99' title='bbox 1027 891 1069 926; x_wconf 87' lang='lat' dir='ltr'>in</span> <span class='ocrx_word' id='word_1_100' title='bbox 1097 897 1265 941; x_wconf 85' lang='lat' dir='ltr'>tempore</span> 
     </span>
     <span class='ocr_line' id='line_1_18' title="bbox 283 948 1261 1001; baseline 0 -15"><span class='ocrx_word' id='word_1_101' title='bbox 283 949 355 986; x_wconf 78' lang='lat' dir='ltr'>hoc</span> <span class='ocrx_word' id='word_1_102' title='bbox 375 952 550 987; x_wconf 77' lang='lat' dir='ltr'>restitues</span> <span class='ocrx_word' id='word_1_103' title='bbox 563 963 721 1001; x_wconf 83' lang='lat' dir='ltr'>regnum</span> <span class='ocrx_word' id='word_1_104' title='bbox 737 950 863 986; x_wconf 82' lang='lat' dir='ltr'>Israel</span> <span class='ocrx_word' id='word_1_105' title='bbox 875 953 891 985; x_wconf 73' lang='grc' dir='ltr'><em>Ρ</em></span> <span class='ocrx_word' id='word_1_106' title='bbox 909 950 963 986; x_wconf 89' lang='lat' dir='ltr'>Ita</span> <span class='ocrx_word' id='word_1_107' title='bbox 984 948 1081 986; x_wconf 84' lang='lat' dir='ltr'>illius</span> <span class='ocrx_word' id='word_1_108' title='bbox 1097 963 1261 986; x_wconf 87' lang='lat' dir='ltr'>mansue-</span> 
     </span>
     <span class='ocr_line' id='line_1_19' title="bbox 281 1008 1265 1060; baseline 0 -14"><span class='ocrx_word' id='word_1_109' title='bbox 281 1009 440 1047; x_wconf 88' lang='lat' dir='ltr'>tudinem</span> <span class='ocrx_word' id='word_1_110' title='bbox 454 1019 634 1058; x_wconf 81' lang='lat' dir='ltr'>noverant,</span> <span class='ocrx_word' id='word_1_111' title='bbox 651 1018 689 1046; x_wconf 92' lang='lat' dir='ltr'>ut</span> <span class='ocrx_word' id='word_1_112' title='bbox 702 1018 782 1060; x_wconf 87' lang='lat' dir='ltr'>post</span> <span class='ocrx_word' id='word_1_113' title='bbox 796 1008 993 1060; x_wconf 78' lang='lat' dir='ltr'>passionem</span> <span class='ocrx_word' id='word_1_114' title='bbox 1010 1009 1265 1060; x_wconf 82' lang='lat' dir='ltr'>interrogarent</span> 
     </span>
     <span class='ocr_line' id='line_1_20' title="bbox 279 1069 1261 1121; baseline -0.002 -14"><span class='ocrx_word' id='word_1_115' title='bbox 279 1070 397 1115; x_wconf 88' lang='lat' dir='ltr'>illum,</span> <span class='ocrx_word' id='word_1_116' title='bbox 421 1073 524 1108; x_wconf 80' lang='lat' dir='ltr'>Num</span> <span class='ocrx_word' id='word_1_117' title='bbox 550 1073 748 1109; x_wconf 77' lang='lat' dir='ltr'>restitues?</span> <span class='ocrx_word' id='word_1_118' title='bbox 769 1069 876 1120; x_wconf 72' lang='lat' dir='ltr'>Atqui</span> <span class='ocrx_word' id='word_1_119' title='bbox 896 1070 996 1121; x_wconf 85' lang='lat' dir='ltr'>prius</span> <span class='ocrx_word' id='word_1_120' title='bbox 1015 1069 1156 1106; x_wconf 79' lang='lat' dir='ltr'>dixerat</span> <span class='ocrx_word' id='word_1_121' title='bbox 1175 1069 1261 1117; x_wconf 87' lang='lat' dir='ltr'>illis,</span> 
     </span>
     <span class='ocr_line' id='line_1_21' title="bbox 280 1130 1265 1180; baseline -0.002 -12"><span class='ocrx_word' id='word_1_122' title='bbox 280 1130 322 1167; x_wconf 84' lang='lat' dir='ltr'><em>A</em></span> <span class='ocrx_word' id='word_1_123' title='bbox 325 1132 470 1168; x_wconf 80' lang='lat' dir='ltr'>uclituri</span> <span class='ocrx_word' id='word_1_124' title='bbox 481 1133 570 1168; x_wconf 80' lang='lat' dir='ltr'>estis</span> <span class='ocrx_word' id='word_1_125' title='bbox 585 1131 688 1168; x_wconf 81' lang='lat' dir='ltr'>bella</span> <span class='ocrx_word' id='word_1_126' title='bbox 702 1138 738 1167; x_wconf 88' lang='lat' dir='ltr'>et</span> <span class='ocrx_word' id='word_1_127' title='bbox 757 1132 953 1180; x_wconf 81' lang='lat' dir='ltr'>opiniones</span> <span class='ocrx_word' id='word_1_128' title='bbox 973 1130 1159 1167; x_wconf 84' lang='lat' dir='ltr'>bellorum</span> <span class='ocrx_word' id='word_1_129' title='bbox 1170 1144 1181 1164; x_wconf 87' lang='grc'>.-</span> <span class='ocrx_word' id='word_1_130' title='bbox 1195 1131 1265 1167; x_wconf 87' lang='lat' dir='ltr'>sed</span> 
     </span>
     <span class='ocr_line' id='line_1_22' title="bbox 281 1189 1260 1243; baseline 0 -15"><span class='ocrx_word' id='word_1_131' title='bbox 281 1193 451 1229; x_wconf 87' lang='lat' dir='ltr'>nondum</span> <span class='ocrx_word' id='word_1_132' title='bbox 463 1192 579 1243; x_wconf 84' lang='lat' dir='ltr'>finis,</span> <span class='ocrx_word' id='word_1_133' title='bbox 609 1204 721 1240; x_wconf 87' lang='lat' dir='ltr'>neque</span> <span class='ocrx_word' id='word_1_134' title='bbox 741 1190 962 1242; x_wconf 74' lang='lat' dir='ltr'>Jerosolyma</span> <span class='ocrx_word' id='word_1_135' title='bbox 982 1199 1066 1227; x_wconf 89' lang='lat' dir='ltr'>tunc</span> <span class='ocrx_word' id='word_1_136' title='bbox 1089 1189 1260 1241; x_wconf 83' lang='lat' dir='ltr'>capietur.</span> 
     </span>
     <span class='ocr_line' id='line_1_23' title="bbox 277 1250 1260 1303; baseline -0.001 -14"><span class='ocrx_word' id='word_1_137' title='bbox 277 1252 380 1289; x_wconf 89' lang='lat' dir='ltr'>Nunc</span> <span class='ocrx_word' id='word_1_138' title='bbox 397 1261 514 1289; x_wconf 89' lang='lat' dir='ltr'>autem</span> <span class='ocrx_word' id='word_1_139' title='bbox 529 1252 573 1289; x_wconf 92' lang='lat' dir='ltr'>de</span> <span class='ocrx_word' id='word_1_140' title='bbox 585 1265 692 1303; x_wconf 83' lang='lat' dir='ltr'>regno</span> <span class='ocrx_word' id='word_1_141' title='bbox 703 1251 931 1302; x_wconf 81' lang='lat' dir='ltr'>interrogant,</span> <span class='ocrx_word' id='word_1_142' title='bbox 948 1264 1017 1288; x_wconf 92' lang='lat' dir='ltr'>non</span> <span class='ocrx_word' id='word_1_143' title='bbox 1033 1250 1077 1288; x_wconf 87' lang='lat' dir='ltr'>de</span> <span class='ocrx_word' id='word_1_144' title='bbox 1097 1265 1260 1288; x_wconf 85' lang='lat' dir='ltr'>consum-</span> 
     </span>
     <span class='ocr_line' id='line_1_24' title="bbox 276 1312 1259 1363; baseline -0.001 -13"><span class='ocrx_word' id='word_1_145' title='bbox 276 1312 439 1350; x_wconf 85' lang='lat' dir='ltr'>matione.</span> <span class='ocrx_word' id='word_1_146' title='bbox 463 1312 631 1362; x_wconf 73' lang='lat' dir='ltr'>Alioquin</span> <span class='ocrx_word' id='word_1_147' title='bbox 657 1325 740 1350; x_wconf 89' lang='lat' dir='ltr'>vero</span> <span class='ocrx_word' id='word_1_148' title='bbox 759 1320 837 1363; x_wconf 88' lang='lat' dir='ltr'>post</span> <span class='ocrx_word' id='word_1_149' title='bbox 872 1312 1163 1349; x_wconf 85' lang='lat' dir='ltr'>resurrectionem</span> <span class='ocrx_word' id='word_1_150' title='bbox 1189 1325 1259 1349; x_wconf 94' lang='lat' dir='ltr'>non</span> 
     </span>
     <span class='ocr_line' id='line_1_25' title="bbox 275 1371 1260 1424; baseline -0.001 -15"><span class='ocrx_word' id='word_1_151' title='bbox 275 1372 397 1424; x_wconf 82' lang='lat' dir='ltr'>longos</span> <span class='ocrx_word' id='word_1_152' title='bbox 426 1373 596 1410; x_wconf 89' lang='lat' dir='ltr'>cumillis</span> <span class='ocrx_word' id='word_1_153' title='bbox 615 1386 790 1410; x_wconf 84' lang='lat' dir='ltr'>sermones</span> <span class='ocrx_word' id='word_1_154' title='bbox 809 1372 928 1409; x_wconf 88' lang='lat' dir='ltr'>habet.</span> <span class='ocrx_word' id='word_1_155' title='bbox 950 1372 1065 1423; x_wconf 85' lang='lat' dir='ltr'>Igitur</span> <span class='ocrx_word' id='word_1_156' title='bbox 1083 1371 1137 1409; x_wconf 88' lang='lat' dir='ltr'>illi</span> <span class='ocrx_word' id='word_1_157' title='bbox 1162 1372 1260 1411; x_wconf 77' lang='lat' dir='ltr'>velut</span> 
     </span>
     <span class='ocr_line' id='line_1_26' title="bbox 274 1433 1258 1485; baseline 0 -15"><span class='ocrx_word' id='word_1_158' title='bbox 274 1433 343 1485; x_wconf 85' lang='lat' dir='ltr'>ipsi</span> <span class='ocrx_word' id='word_1_159' title='bbox 360 1448 498 1485; x_wconf 87' lang='lat' dir='ltr'>quoque</span> <span class='ocrx_word' id='word_1_160' title='bbox 515 1434 668 1472; x_wconf 86' lang='lat' dir='ltr'>celebres</span> <span class='ocrx_word' id='word_1_161' title='bbox 684 1434 809 1482; x_wconf 87' lang='lat' dir='ltr'>futuri,</span> <span class='ocrx_word' id='word_1_162' title='bbox 825 1433 854 1471; x_wconf 87' lang='lat' dir='ltr'>si</span> <span class='ocrx_word' id='word_1_163' title='bbox 874 1433 911 1470; x_wconf 90' lang='lat' dir='ltr'>id</span> <span class='ocrx_word' id='word_1_164' title='bbox 930 1433 1097 1482; x_wconf 76' lang='lat' dir='ltr'>evenerit,</span> <span class='ocrx_word' id='word_1_165' title='bbox 1113 1447 1258 1484; x_wconf 87' lang='lat' dir='ltr'>percon-</span> 
     </span>
     <span class='ocr_line' id='line_1_27' title="bbox 274 1494 1257 1547; baseline 0 -15"><span class='ocrx_word' id='word_1_166' title='bbox 274 1503 403 1532; x_wconf 80' lang='lat' dir='ltr'>tantur.</span> <span class='ocrx_word' id='word_1_167' title='bbox 423 1496 504 1547; x_wconf 89' lang='lat' dir='ltr'>Ipse</span> <span class='ocrx_word' id='word_1_168' title='bbox 529 1509 610 1534; x_wconf 79' lang='lat' dir='ltr'>vero</span> <span class='ocrx_word' id='word_1_169' title='bbox 637 1508 707 1532; x_wconf 91' lang='lat' dir='ltr'>non</span> <span class='ocrx_word' id='word_1_170' title='bbox 737 1494 892 1531; x_wconf 75' lang='lat' dir='ltr'>declarat</span> <span class='ocrx_word' id='word_1_171' title='bbox 922 1507 966 1531; x_wconf 87' lang='lat' dir='ltr'>an</span> <span class='ocrx_word' id='word_1_172' title='bbox 993 1494 1180 1532; x_wconf 84' lang='lat' dir='ltr'>restiturus</span> <span class='ocrx_word' id='word_1_173' title='bbox 1212 1495 1257 1532; x_wconf 92' lang='lat' dir='ltr'>sit</span> 
     </span>
     <span class='ocr_line' id='line_1_28' title="bbox 274 1554 1254 1603; baseline 0.001 -11"><span class='ocrx_word' id='word_1_174' title='bbox 274 1569 391 1593; x_wconf 91' lang='lat' dir='ltr'>necne.</span> <span class='ocrx_word' id='word_1_175' title='bbox 409 1557 498 1602; x_wconf 78' lang='lat' dir='ltr'>Quae</span> <span class='ocrx_word' id='word_1_176' title='bbox 517 1556 701 1594; x_wconf 82' lang='lat' dir='ltr'>necessitas</span> <span class='ocrx_word' id='word_1_177' title='bbox 717 1555 824 1603; x_wconf 85' lang='lat' dir='ltr'>enim,</span> <span class='ocrx_word' id='word_1_178' title='bbox 841 1564 880 1592; x_wconf 89' lang='lat' dir='ltr'>ut</span> <span class='ocrx_word' id='word_1_179' title='bbox 895 1555 950 1592; x_wconf 89' lang='lat' dir='ltr'>illi</span> <span class='ocrx_word' id='word_1_180' title='bbox 969 1555 1037 1592; x_wconf 92' lang='lat' dir='ltr'>hoc</span> <span class='ocrx_word' id='word_1_181' title='bbox 1051 1554 1254 1593; x_wconf 73' lang='lat' dir='ltr'>discerent?</span> 
     </span>
    </p>
   </div>
   <div class='ocr_carea' id='block_1_6' title="bbox 76 1615 1255 1666">
    <p class='ocr_par' dir='ltr' id='par_1_7' title="bbox 76 1615 1255 1666">
     <span class='ocr_line' id='line_1_29' title="bbox 76 1615 1255 1666; baseline 0.004 -18"><span class='ocrx_word' id='word_1_182' title='bbox 76 1623 188 1650; x_wconf 66' lang='lat' dir='ltr'>nauh.</span> <span class='ocrx_word' id='word_1_183' title='bbox 208 1620 257 1661; x_wconf 70' lang='lat'>24.</span> <span class='ocrx_word' id='word_1_184' title='bbox 270 1615 353 1654; x_wconf 87' lang='lat' dir='ltr'>Ideo</span> <span class='ocrx_word' id='word_1_185' title='bbox 365 1617 431 1655; x_wconf 88' lang='lat' dir='ltr'>hoc</span> <span class='ocrx_word' id='word_1_186' title='bbox 445 1626 638 1655; x_wconf 88' lang='lat' dir='ltr'>metuentes</span> <span class='ocrx_word' id='word_1_187' title='bbox 653 1616 791 1654; x_wconf 87' lang='lat' dir='ltr'>illinon</span> <span class='ocrx_word' id='word_1_188' title='bbox 806 1616 900 1653; x_wconf 85' lang='lat' dir='ltr'>ultra</span> <span class='ocrx_word' id='word_1_189' title='bbox 915 1615 1062 1653; x_wconf 87' lang='lat' dir='ltr'>dicunt:</span> <span class='ocrx_word' id='word_1_190' title='bbox 1081 1617 1194 1666; x_wconf 84' lang='lat' dir='ltr'>Quod</span> <span class='ocrx_word' id='word_1_191' title='bbox 1206 1618 1255 1653; x_wconf 86' lang='lat' dir='ltr'>si-</span> 
     </span>
    </p>
   </div>
   <div class='ocr_carea' id='block_1_7' title="bbox 74 1663 103 1691">
    <p class='ocr_par' dir='ltr' id='par_1_8' title="bbox 74 1663 103 1691">
     <span class='ocr_line' id='line_1_30' title="bbox 74 1663 103 1691; baseline -0.069 0"><span class='ocrx_word' id='word_1_192' title='bbox 74 1663 103 1691; x_wconf 85' lang='lat'>3.</span> 
     </span>
    </p>
   </div>
   <div class='ocr_carea' id='block_1_8' title="bbox 268 1676 1255 2393">
    <p class='ocr_par' dir='ltr' id='par_1_9' title="bbox 268 1676 1255 2393">
     <span class='ocr_line' id='line_1_31' title="bbox 269 1676 1255 1728; baseline -0.001 -14"><span class='ocrx_word' id='word_1_193' title='bbox 269 1691 386 1728; x_wconf 84' lang='lat' dir='ltr'>gnum</span> <span class='ocrx_word' id='word_1_194' title='bbox 402 1679 590 1715; x_wconf 77' lang='lat' dir='ltr'>adventus</span> <span class='ocrx_word' id='word_1_195' title='bbox 603 1680 670 1724; x_wconf 83' lang='lat' dir='ltr'>tui,</span> <span class='ocrx_word' id='word_1_196' title='bbox 685 1685 721 1714; x_wconf 86' lang='lat' dir='ltr'>et</span> <span class='ocrx_word' id='word_1_197' title='bbox 735 1678 1076 1714; x_wconf 77' lang='lat' dir='ltr'>consummationis</span> <span class='ocrx_word' id='word_1_198' title='bbox 1089 1676 1224 1713; x_wconf 79' lang='lat' dir='ltr'>saeculi</span> <span class='ocrx_word' id='word_1_199' title='bbox 1239 1681 1255 1713; x_wconf 74' lang='grc' dir='ltr'><em>Ρ</em></span> 
     </span>
     <span class='ocr_line' id='line_1_32' title="bbox 271 1736 1255 1789; baseline 0 -15"><span class='ocrx_word' id='word_1_200' title='bbox 271 1737 346 1788; x_wconf 90' lang='lat' dir='ltr'>sed,</span> <span class='ocrx_word' id='word_1_201' title='bbox 380 1740 483 1776; x_wconf 75' lang='lat' dir='ltr'>Num</span> <span class='ocrx_word' id='word_1_202' title='bbox 511 1741 686 1776; x_wconf 83' lang='lat' dir='ltr'>restitues</span> <span class='ocrx_word' id='word_1_203' title='bbox 717 1751 850 1789; x_wconf 83' lang='lat' dir='ltr'>regum</span> <span class='ocrx_word' id='word_1_204' title='bbox 881 1737 1030 1775; x_wconf 80' lang='lat' dir='ltr'>Israel?</span> <span class='ocrx_word' id='word_1_205' title='bbox 1060 1736 1255 1774; x_wconf 71' lang='lat' dir='ltr'>Existima-</span> 
     </span>
     <span class='ocr_line' id='line_1_33' title="bbox 270 1797 1255 1850; baseline 0.001 -16"><span class='ocrx_word' id='word_1_206' title='bbox 270 1797 355 1836; x_wconf 88' lang='lat' dir='ltr'>bant</span> <span class='ocrx_word' id='word_1_207' title='bbox 374 1799 467 1836; x_wconf 88' lang='lat' dir='ltr'>enim</span> <span class='ocrx_word' id='word_1_208' title='bbox 498 1798 535 1836; x_wconf 89' lang='lat' dir='ltr'>id</span> <span class='ocrx_word' id='word_1_209' title='bbox 550 1799 625 1850; x_wconf 85' lang='lat' dir='ltr'>jam</span> <span class='ocrx_word' id='word_1_210' title='bbox 650 1798 781 1836; x_wconf 84' lang='lat' dir='ltr'>adesse.</span> <span class='ocrx_word' id='word_1_211' title='bbox 803 1799 882 1849; x_wconf 85' lang='lat' dir='ltr'>Ipse</span> <span class='ocrx_word' id='word_1_212' title='bbox 911 1811 996 1836; x_wconf 81' lang='lat' dir='ltr'>vero</span> <span class='ocrx_word' id='word_1_213' title='bbox 1021 1797 1057 1834; x_wconf 91' lang='lat' dir='ltr'>in</span> <span class='ocrx_word' id='word_1_214' title='bbox 1077 1797 1255 1848; x_wconf 89' lang='lat' dir='ltr'>parabolis</span> 
     </span>
     <span class='ocr_line' id='line_1_34' title="bbox 269 1856 1254 1910; baseline -0.002 -13"><span class='ocrx_word' id='word_1_215' title='bbox 269 1858 467 1897; x_wconf 89' lang='lat' dir='ltr'>ostenderat</span> <span class='ocrx_word' id='word_1_216' title='bbox 481 1857 519 1895; x_wconf 90' lang='lat' dir='ltr'>id</span> <span class='ocrx_word' id='word_1_217' title='bbox 541 1872 610 1896; x_wconf 92' lang='lat' dir='ltr'>non</span> <span class='ocrx_word' id='word_1_218' title='bbox 638 1871 747 1910; x_wconf 86' lang='lat' dir='ltr'>prope</span> <span class='ocrx_word' id='word_1_219' title='bbox 775 1871 848 1894; x_wconf 89' lang='lat' dir='ltr'>esse</span> <span class='ocrx_word' id='word_1_220' title='bbox 862 1865 912 1894; x_wconf 90' lang='lat' dir='ltr'>:et</span> <span class='ocrx_word' id='word_1_221' title='bbox 926 1857 1003 1908; x_wconf 87' lang='lat' dir='ltr'>jam</span> <span class='ocrx_word' id='word_1_222' title='bbox 1022 1856 1084 1893; x_wconf 89' lang='lat' dir='ltr'>ubi</span> <span class='ocrx_word' id='word_1_223' title='bbox 1104 1857 1254 1895; x_wconf 88' lang='lat' dir='ltr'>interro-</span> 
     </span>
     <span class='ocr_line' id='line_1_35' title="bbox 269 1917 1252 1969; baseline -0.001 -14"><span class='ocrx_word' id='word_1_224' title='bbox 269 1927 417 1969; x_wconf 85' lang='lat' dir='ltr'>garunt,</span> <span class='ocrx_word' id='word_1_225' title='bbox 452 1917 652 1969; x_wconf 83' lang='lat' dir='ltr'>respondet,</span> <span class='ocrx_word' id='word_1_226' title='bbox 672 1917 884 1968; x_wconf 81' lang='lat' dir='ltr'>Accipietis</span> <span class='ocrx_word' id='word_1_227' title='bbox 911 1918 1096 1953; x_wconf 85' lang='lat' dir='ltr'>virtutem</span> <span class='ocrx_word' id='word_1_228' title='bbox 1123 1930 1252 1968; x_wconf 83' lang='lat' dir='ltr'>super-</span> 
     </span>
     <span class='ocr_line' id='line_1_36' title="bbox 268 1976 1253 2029; baseline 0 -13"><span class='ocrx_word' id='word_1_229' title='bbox 268 1981 461 2016; x_wconf 75' lang='lat' dir='ltr'>venientis</span> <span class='ocrx_word' id='word_1_230' title='bbox 488 1978 650 2029; x_wconf 77' lang='lat' dir='ltr'>Spiritus</span> <span class='ocrx_word' id='word_1_231' title='bbox 670 1980 797 2015; x_wconf 84' lang='lat' dir='ltr'>saneti</span> <span class='ocrx_word' id='word_1_232' title='bbox 821 1979 863 2014; x_wconf 91' lang='lat' dir='ltr'>in</span> <span class='ocrx_word' id='word_1_233' title='bbox 890 1990 975 2015; x_wconf 86' lang='lat' dir='ltr'>vos.</span> <span class='ocrx_word' id='word_1_234' title='bbox 997 1976 1253 2016; x_wconf 83' lang='lat' dir='ltr'>Animadverte</span> 
     </span>
     <span class='ocr_line' id='line_1_37' title="bbox 269 2038 1252 2090; baseline 0 -14"><span class='ocrx_word' id='word_1_235' title='bbox 269 2039 364 2090; x_wconf 91' lang='lat' dir='ltr'>quod</span> <span class='ocrx_word' id='word_1_236' title='bbox 383 2039 529 2087; x_wconf 79' lang='lat' dir='ltr'>dixerit,</span> <span class='ocrx_word' id='word_1_237' title='bbox 551 2040 873 2090; x_wconf 72' lang='lat' dir='ltr'>Supervenientis,</span> <span class='ocrx_word' id='word_1_238' title='bbox 889 2052 973 2086; x_wconf 91' lang='lat' dir='ltr'>non,</span> <span class='ocrx_word' id='word_1_239' title='bbox 990 2038 1110 2087; x_wconf 81' lang='lat' dir='ltr'>Missi3</span> <span class='ocrx_word' id='word_1_240' title='bbox 1130 2047 1170 2076; x_wconf 89' lang='lat' dir='ltr'>ut</span> <span class='ocrx_word' id='word_1_241' title='bbox 1188 2053 1252 2090; x_wconf 89' lang='lat' dir='ltr'>pa-</span> 
     </span>
     <span class='ocr_line' id='line_1_38' title="bbox 268 2100 1252 2152; baseline -0.002 -13"><span class='ocrx_word' id='word_1_242' title='bbox 268 2115 343 2139; x_wconf 87' lang='lat' dir='ltr'>rem</span> <span class='ocrx_word' id='word_1_243' title='bbox 357 2101 525 2138; x_wconf 85' lang='lat' dir='ltr'>honorem</span> <span class='ocrx_word' id='word_1_244' title='bbox 544 2100 750 2138; x_wconf 86' lang='lat' dir='ltr'>ostenderet.</span> <span class='ocrx_word' id='word_1_245' title='bbox 774 2100 962 2145; x_wconf 86' lang='lat' dir='ltr'>Quomodo</span> <span class='ocrx_word' id='word_1_246' title='bbox 980 2113 1075 2150; x_wconf 84' lang='lat' dir='ltr'>ergo,</span> <span class='ocrx_word' id='word_1_247' title='bbox 1093 2101 1252 2152; x_wconf 84' lang='lat' dir='ltr'>Spiritus</span> 
     </span>
     <span class='ocr_line' id='line_1_39' title="bbox 269 2159 1250 2210; baseline 0 -11"><span class='ocrx_word' id='word_1_248' title='bbox 269 2161 381 2199; x_wconf 81' lang='lat' dir='ltr'>sancti</span> <span class='ocrx_word' id='word_1_249' title='bbox 400 2160 552 2210; x_wconf 88' lang='lat' dir='ltr'>inimice,</span> <span class='ocrx_word' id='word_1_250' title='bbox 569 2159 675 2197; x_wconf 88' lang='lat' dir='ltr'>audes</span> <span class='ocrx_word' id='word_1_251' title='bbox 694 2161 799 2197; x_wconf 90' lang='lat' dir='ltr'>illum</span> <span class='ocrx_word' id='word_1_252' title='bbox 825 2159 941 2197; x_wconf 88' lang='lat' dir='ltr'>dicere</span> <span class='ocrx_word' id='word_1_253' title='bbox 957 2161 1182 2198; x_wconf 75' lang='lat' dir='ltr'>creaturam?</span> <span class='ocrx_word' id='word_1_254' title='bbox 1197 2163 1250 2199; x_wconf 88' lang='lat' dir='ltr'>Et</span> 
     </span>
     <span class='ocr_line' id='line_1_40' title="bbox 269 2219 1248 2260; baseline -0.002 -1"><span class='ocrx_word' id='word_1_255' title='bbox 269 2225 374 2260; x_wconf 84' lang='lat' dir='ltr'>eritis</span> <span class='ocrx_word' id='word_1_256' title='bbox 408 2223 503 2259; x_wconf 82' lang='lat' dir='ltr'>milii</span> <span class='ocrx_word' id='word_1_257' title='bbox 531 2229 654 2258; x_wconf 83' lang='lat' dir='ltr'>testes.</span> <span class='ocrx_word' id='word_1_258' title='bbox 692 2219 955 2257; x_wconf 81' lang='lat' dir='ltr'>Assumtionem</span> <span class='ocrx_word' id='word_1_259' title='bbox 984 2220 1248 2259; x_wconf 88' lang='lat' dir='ltr'>subindicavit:</span> 
     </span>
     <span class='ocr_line' id='line_1_41' title="bbox 269 2280 1249 2335; baseline 0 -16"><span class='ocrx_word' id='word_1_260' title='bbox 269 2283 341 2321; x_wconf 87' lang='lat' dir='ltr'>imo</span> <span class='ocrx_word' id='word_1_261' title='bbox 371 2283 490 2335; x_wconf 88' lang='lat' dir='ltr'>potius</span> <span class='ocrx_word' id='word_1_262' title='bbox 510 2281 566 2330; x_wconf 88' lang='lat' dir='ltr'>id,</span> <span class='ocrx_word' id='word_1_263' title='bbox 587 2280 683 2331; x_wconf 85' lang='lat' dir='ltr'>quod</span> <span class='ocrx_word' id='word_1_264' title='bbox 706 2282 782 2332; x_wconf 85' lang='lat' dir='ltr'>jam</span> <span class='ocrx_word' id='word_1_265' title='bbox 807 2280 1009 2329; x_wconf 85' lang='lat' dir='ltr'>audierant,</span> <span class='ocrx_word' id='word_1_266' title='bbox 1030 2280 1066 2318; x_wconf 90' lang='lat' dir='ltr'>in</span> <span class='ocrx_word' id='word_1_267' title='bbox 1097 2291 1249 2319; x_wconf 85' lang='lat' dir='ltr'>mentem</span> 
     </span>
     <span class='ocr_line' id='line_1_42' title="bbox 269 2341 1250 2393; baseline -0.002 -11"><span class='ocrx_word' id='word_1_268' title='bbox 269 2352 420 2382; x_wconf 79' lang='lat' dir='ltr'>revocat.</span> <span class='ocrx_word' id='word_1_269' title='bbox 441 2345 521 2382; x_wconf 88' lang='lat' dir='ltr'>Jam</span> <span class='ocrx_word' id='word_1_270' title='bbox 539 2351 717 2379; x_wconf 86' lang='lat' dir='ltr'>ostensum</span> <span class='ocrx_word' id='word_1_271' title='bbox 743 2350 792 2378; x_wconf 90' lang='lat' dir='ltr'>est</span> <span class='ocrx_word' id='word_1_272' title='bbox 812 2341 930 2393; x_wconf 80' lang='lat' dir='ltr'>ipsum</span> <span class='ocrx_word' id='word_1_273' title='bbox 947 2341 983 2379; x_wconf 87' lang='lat' dir='ltr'>in</span> <span class='ocrx_word' id='word_1_274' title='bbox 1003 2342 1106 2379; x_wconf 78' lang='lat' dir='ltr'>caelos</span> <span class='ocrx_word' id='word_1_275' title='bbox 1130 2356 1250 2380; x_wconf 89' lang='lat' dir='ltr'>ascen-</span> 
     </span>
    </p>
   </div>
   <div class='ocr_carea' id='block_1_9' title="bbox 68 2404 1249 2456">
    <p class='ocr_par' dir='ltr' id='par_1_10' title="bbox 68 2404 1249 2456">
     <span class='ocr_line' id='line_1_43' title="bbox 68 2404 1249 2456; baseline 0.001 -15"><span class='ocrx_word' id='word_1_276' title='bbox 68 2415 156 2443; x_wconf 73' lang='lat' dir='ltr'>Psal.</span> <span class='ocrx_word' id='word_1_277' title='bbox 167 2417 253 2454; x_wconf 57' lang='lat'>9512.</span> <span class='ocrx_word' id='word_1_278' title='bbox 269 2405 374 2443; x_wconf 90' lang='lat' dir='ltr'>disse.</span> <span class='ocrx_word' id='word_1_279' title='bbox 396 2407 526 2443; x_wconf 82' lang='lat' dir='ltr'>Nubes</span> <span class='ocrx_word' id='word_1_280' title='bbox 545 2412 582 2441; x_wconf 83' lang='lat' dir='ltr'>et</span> <span class='ocrx_word' id='word_1_281' title='bbox 599 2404 725 2454; x_wconf 80' lang='lat' dir='ltr'>caligo</span> <span class='ocrx_word' id='word_1_282' title='bbox 741 2405 810 2440; x_wconf 84' lang='lat' dir='ltr'>sub</span> <span class='ocrx_word' id='word_1_283' title='bbox 831 2404 990 2454; x_wconf 83' lang='lat' dir='ltr'>pedibus</span> <span class='ocrx_word' id='word_1_284' title='bbox 1005 2406 1100 2456; x_wconf 82' lang='lat' dir='ltr'>ejus,</span> <span class='ocrx_word' id='word_1_285' title='bbox 1119 2404 1249 2455; x_wconf 80' lang='lat' dir='ltr'>inquit,</span> 
     </span>
    </p>
   </div>
   <div class='ocr_carea' id='block_1_10' title="bbox 66 2706 228 2774">
    <p class='ocr_par' dir='ltr' id='par_1_11' title="bbox 66 2706 228 2774">
     <span class='ocr_line' id='line_1_44' title="bbox 66 2706 228 2743; baseline 0.019 -11"><span class='ocrx_word' id='word_1_286' title='bbox 66 2707 95 2741; x_wconf 74' lang='grc'>4.</span> <span class='ocrx_word' id='word_1_287' title='bbox 114 2706 228 2743; x_wconf 69' lang='lat' dir='ltr'>[teg-2.</span> 
     </span>
     <span class='ocr_line' id='line_1_45' title="bbox 69 2755 114 2774; baseline 0 0"><span class='ocrx_word' id='word_1_288' title='bbox 69 2755 114 2774; x_wconf 86' lang='lat'>12.</span> 
     </span>
    </p>
   </div>
   <div class='ocr_carea' id='block_1_11' title="bbox 263 2464 1250 2879">
    <p class='ocr_par' dir='ltr' id='par_1_12' title="bbox 263 2464 1250 2879">
     <span class='ocr_line' id='line_1_46' title="bbox 267 2464 1250 2517; baseline -0.001 -13"><span class='ocrx_word' id='word_1_289' title='bbox 267 2480 336 2517; x_wconf 88' lang='lat' dir='ltr'>quo</span> <span class='ocrx_word' id='word_1_290' title='bbox 350 2466 570 2517; x_wconf 85' lang='lat' dir='ltr'>significatur</span> <span class='ocrx_word' id='word_1_291' title='bbox 589 2464 838 2502; x_wconf 78' lang='lat' dir='ltr'>illudzNubes</span> <span class='ocrx_word' id='word_1_292' title='bbox 857 2467 1020 2515; x_wconf 82' lang='lat' dir='ltr'>suscepit</span> <span class='ocrx_word' id='word_1_293' title='bbox 1035 2479 1134 2511; x_wconf 84' lang='lat' dir='ltr'>eum,</span> <span class='ocrx_word' id='word_1_294' title='bbox 1154 2480 1250 2503; x_wconf 87' lang='lat' dir='ltr'>nem-</span> 
     </span>
     <span class='ocr_line' id='line_1_47' title="bbox 266 2524 1249 2578; baseline -0.001 -13"><span class='ocrx_word' id='word_1_295' title='bbox 266 2541 310 2578; x_wconf 90' lang='lat' dir='ltr'>pe</span> <span class='ocrx_word' id='word_1_296' title='bbox 333 2527 500 2565; x_wconf 84' lang='lat' dir='ltr'>caelorum</span> <span class='ocrx_word' id='word_1_297' title='bbox 521 2525 726 2563; x_wconf 83' lang='lat' dir='ltr'>Dominum.</span> <span class='ocrx_word' id='word_1_298' title='bbox 748 2524 1064 2570; x_wconf 85' lang='lat' dir='ltr'>Quemadmodum</span> <span class='ocrx_word' id='word_1_299' title='bbox 1082 2526 1176 2563; x_wconf 90' lang='lat' dir='ltr'>enim</span> <span class='ocrx_word' id='word_1_300' title='bbox 1195 2541 1249 2564; x_wconf 89' lang='lat' dir='ltr'>rc-</span> 
     </span>
     <span class='ocr_line' id='line_1_48' title="bbox 266 2586 1248 2638; baseline 0 -12"><span class='ocrx_word' id='word_1_301' title='bbox 266 2601 346 2638; x_wconf 82' lang='lat' dir='ltr'>gem</span> <span class='ocrx_word' id='word_1_302' title='bbox 376 2588 532 2626; x_wconf 86' lang='lat' dir='ltr'>declarat</span> <span class='ocrx_word' id='word_1_303' title='bbox 562 2601 687 2624; x_wconf 88' lang='lat' dir='ltr'>currus</span> <span class='ocrx_word' id='word_1_304' title='bbox 716 2586 864 2637; x_wconf 81' lang='lat' dir='ltr'>regalis:</span> <span class='ocrx_word' id='word_1_305' title='bbox 886 2586 937 2624; x_wconf 91' lang='lat' dir='ltr'>sic</span> <span class='ocrx_word' id='word_1_306' title='bbox 966 2587 1021 2623; x_wconf 90' lang='lat' dir='ltr'>illi</span> <span class='ocrx_word' id='word_1_307' title='bbox 1050 2587 1177 2625; x_wconf 89' lang='lat' dir='ltr'>missus</span> <span class='ocrx_word' id='word_1_308' title='bbox 1197 2598 1248 2626; x_wconf 86' lang='lat' dir='ltr'>est</span> 
     </span>
     <span class='ocr_line' id='line_1_49' title="bbox 266 2647 1246 2701; baseline 0.001 -15"><span class='ocrx_word' id='word_1_309' title='bbox 266 2663 391 2687; x_wconf 88' lang='lat' dir='ltr'>currus</span> <span class='ocrx_word' id='word_1_310' title='bbox 409 2649 555 2701; x_wconf 81' lang='lat' dir='ltr'>regalis,</span> <span class='ocrx_word' id='word_1_311' title='bbox 575 2658 614 2685; x_wconf 93' lang='lat' dir='ltr'>ut</span> <span class='ocrx_word' id='word_1_312' title='bbox 642 2661 685 2685; x_wconf 89' lang='lat' dir='ltr'>ne</span> <span class='ocrx_word' id='word_1_313' title='bbox 702 2647 790 2698; x_wconf 86' lang='lat' dir='ltr'>quid</span> <span class='ocrx_word' id='word_1_314' title='bbox 809 2648 908 2685; x_wconf 87' lang='lat' dir='ltr'>triste</span> <span class='ocrx_word' id='word_1_315' title='bbox 922 2648 1134 2698; x_wconf 85' lang='lat' dir='ltr'>loqueretur,</span> <span class='ocrx_word' id='word_1_316' title='bbox 1160 2663 1246 2687; x_wconf 72' lang='lat' dir='ltr'>neve</span> 
     </span>
     <span class='ocr_line' id='line_1_50' title="bbox 266 2705 1248 2756; baseline 0.001 -11"><span class='ocrx_word' id='word_1_317' title='bbox 266 2707 303 2744; x_wconf 91' lang='lat' dir='ltr'>id</span> <span class='ocrx_word' id='word_1_318' title='bbox 338 2708 411 2745; x_wconf 89' lang='lat' dir='ltr'>illis</span> <span class='ocrx_word' id='word_1_319' title='bbox 449 2706 635 2755; x_wconf 87' lang='lat' dir='ltr'>accideret,</span> <span class='ocrx_word' id='word_1_320' title='bbox 672 2705 768 2756; x_wconf 84' lang='lat' dir='ltr'>quod</span> <span class='ocrx_word' id='word_1_321' title='bbox 806 2705 954 2753; x_wconf 75' lang='lat' dir='ltr'>Elisaeo,</span> <span class='ocrx_word' id='word_1_322' title='bbox 991 2707 1052 2756; x_wconf 88' lang='lat' dir='ltr'>qui</span> <span class='ocrx_word' id='word_1_323' title='bbox 1091 2718 1248 2747; x_wconf 85' lang='lat' dir='ltr'>assumto</span> 
     </span>
     <span class='ocr_line' id='line_1_51' title="bbox 265 2766 1247 2820; baseline -0.001 -13"><span class='ocrx_word' id='word_1_324' title='bbox 265 2769 446 2820; x_wconf 84' lang='lat' dir='ltr'>magistro,</span> <span class='ocrx_word' id='word_1_325' title='bbox 466 2767 623 2806; x_wconf 84' lang='lat' dir='ltr'>tunicam</span> <span class='ocrx_word' id='word_1_326' title='bbox 641 2766 798 2805; x_wconf 85' lang='lat' dir='ltr'>discidit.</span> <span class='ocrx_word' id='word_1_327' title='bbox 823 2766 923 2812; x_wconf 87' lang='lat' dir='ltr'>Quid</span> <span class='ocrx_word' id='word_1_328' title='bbox 940 2781 1024 2805; x_wconf 69' lang='lat' dir='ltr'>vero</span> <span class='ocrx_word' id='word_1_329' title='bbox 1043 2767 1166 2806; x_wconf 86' lang='lat' dir='ltr'>dicunt</span> <span class='ocrx_word' id='word_1_330' title='bbox 1186 2783 1247 2806; x_wconf 89' lang='lat' dir='ltr'>an-</span> 
     </span>
     <span class='ocr_line' id='line_1_52' title="bbox 263 2830 1248 2879; baseline 0 -13"><span class='ocrx_word' id='word_1_331' title='bbox 263 2830 360 2879; x_wconf 72' lang='lat' dir='ltr'>geli?</span> <span class='ocrx_word' id='word_1_332' title='bbox 381 2831 458 2867; x_wconf 86' lang='lat' dir='ltr'>Hic</span> <span class='ocrx_word' id='word_1_333' title='bbox 486 2830 612 2874; x_wconf 88' lang='lat' dir='ltr'>Jesus,</span> <span class='ocrx_word' id='word_1_334' title='bbox 635 2831 702 2879; x_wconf 86' lang='lat' dir='ltr'>qui</span> <span class='ocrx_word' id='word_1_335' title='bbox 722 2836 914 2864; x_wconf 80' lang='lat' dir='ltr'>assumtus</span> <span class='ocrx_word' id='word_1_336' title='bbox 937 2837 991 2865; x_wconf 87' lang='lat' dir='ltr'>est</span> <span class='ocrx_word' id='word_1_337' title='bbox 1019 2843 1044 2865; x_wconf 81' lang='grc' dir='ltr'>ιι</span> <span class='ocrx_word' id='word_1_338' title='bbox 1067 2831 1178 2866; x_wconf 80' lang='lat' dir='ltr'>vobis</span> <span class='ocrx_word' id='word_1_339' title='bbox 1207 2833 1248 2866; x_wconf 87' lang='lat' dir='ltr'>in</span> 
     </span>
    </p>
   </div>
   <div class='ocr_carea' id='block_1_12' title="bbox 1335 346 2357 884">
    <p class='ocr_par' dir='ltr' id='par_1_13' title="bbox 1335 346 2357 884">
     <span class='ocr_line' id='line_1_53' title="bbox 1341 346 2356 402; baseline 0.005 -18"><span class='ocrx_word' id='word_1_340' title='bbox 1341 346 1481 398; x_wconf 78' lang='grc' dir='ltr'>ῥήματα</span> <span class='ocrx_word' id='word_1_341' title='bbox 1493 377 1502 394; x_wconf 84' lang='grc'>,</span> <span class='ocrx_word' id='word_1_342' title='bbox 1520 347 1579 385; x_wconf 77' lang='grc' dir='ltr'>καὶ</span> <span class='ocrx_word' id='word_1_343' title='bbox 1598 350 1658 386; x_wconf 77' lang='grc' dir='ltr'>οὐκ</span> <span class='ocrx_word' id='word_1_344' title='bbox 1675 347 1808 387; x_wconf 82' lang='grc' dir='ltr'>ἐώντων</span> <span class='ocrx_word' id='word_1_345' title='bbox 1825 349 1944 393; x_wconf 73' lang='grc' dir='ltr'>αὐτοὺς</span> <span class='ocrx_word' id='word_1_346' title='bbox 1957 352 2151 402; x_wconf 75' lang='grc' dir='ltr'>προσδοκᾷν</span> <span class='ocrx_word' id='word_1_347' title='bbox 2171 351 2271 389; x_wconf 82' lang='grc' dir='ltr'>αὐτὸν</span> <span class='ocrx_word' id='word_1_348' title='bbox 2290 351 2356 389; x_wconf 90' lang='grc' dir='ltr'>πά-</span> 
     </span>
     <span class='ocr_line' id='line_1_54' title="bbox 1338 402 2356 461; baseline 0.007 -19"><span class='ocrx_word' id='word_1_349' title='bbox 1338 407 1391 443; x_wconf 87' lang='grc' dir='ltr'>λιν</span> <span class='ocrx_word' id='word_1_350' title='bbox 1412 407 1546 451; x_wconf 81' lang='grc' dir='ltr'>εὐθέως.</span> <span class='ocrx_word' id='word_1_351' title='bbox 1567 402 1676 446; x_wconf 74' lang='grc' dir='ltr'>Οῧτοι</span> <span class='ocrx_word' id='word_1_352' title='bbox 1695 410 1733 447; x_wconf 84' lang='grc' dir='ltr'>τὸ</span> <span class='ocrx_word' id='word_1_353' title='bbox 1755 409 1815 460; x_wconf 79' lang='grc' dir='ltr'>μὲν</span> <span class='ocrx_word' id='word_1_354' title='bbox 1837 412 1951 459; x_wconf 89' lang='grc' dir='ltr'>μεῖζον</span> <span class='ocrx_word' id='word_1_355' title='bbox 1970 410 2128 461; x_wconf 83' lang='grc' dir='ltr'>λέγουσι,</span> <span class='ocrx_word' id='word_1_356' title='bbox 2147 410 2238 448; x_wconf 79' lang='grc' dir='ltr'>τὸδὲ</span> <span class='ocrx_word' id='word_1_357' title='bbox 2254 410 2356 449; x_wconf 80' lang='grc' dir='ltr'>ἔλατ-</span> 
     </span>
     <span class='ocr_line' id='line_1_55' title="bbox 1339 468 2357 522; baseline 0.005 -18"><span class='ocrx_word' id='word_1_358' title='bbox 1339 482 1395 504; x_wconf 92' lang='grc' dir='ltr'>τον</span> <span class='ocrx_word' id='word_1_359' title='bbox 1417 468 1543 506; x_wconf 80' lang='grc' dir='ltr'>οὐκέτι.</span> <span class='ocrx_word' id='word_1_360' title='bbox 1561 468 1645 506; x_wconf 71' lang='grc' dir='ltr'>ἱὈτι</span> <span class='ocrx_word' id='word_1_361' title='bbox 1661 469 1722 519; x_wconf 82' lang='grc' dir='ltr'>μὲν</span> <span class='ocrx_word' id='word_1_362' title='bbox 1741 469 1807 522; x_wconf 83' lang='grc' dir='ltr'>γὰρ</span> <span class='ocrx_word' id='word_1_363' title='bbox 1827 470 1934 513; x_wconf 79' lang='grc' dir='ltr'>οὕτως</span> <span class='ocrx_word' id='word_1_364' title='bbox 1961 471 2156 519; x_wconf 79' lang='grc' dir='ltr'>ἐλεύσεται,</span> <span class='ocrx_word' id='word_1_365' title='bbox 2178 472 2236 509; x_wconf 80' lang='grc' dir='ltr'>καὶ</span> <span class='ocrx_word' id='word_1_366' title='bbox 2256 475 2302 515; x_wconf 81' lang='grc' dir='ltr'>ὡς</span> <span class='ocrx_word' id='word_1_367' title='bbox 2321 471 2357 515; x_wconf 80' lang='grc' dir='ltr'>ἐξ</span> 
     </span>
     <span class='ocr_line' id='line_1_56' title="bbox 1339 528 2356 582; baseline 0.005 -17"><span class='ocrx_word' id='word_1_368' title='bbox 1339 529 1480 579; x_wconf 78' lang='grc' dir='ltr'>οὐρανοῦ</span> <span class='ocrx_word' id='word_1_369' title='bbox 1500 529 1600 567; x_wconf 76' lang='grc' dir='ltr'>αὐτὸν</span> <span class='ocrx_word' id='word_1_370' title='bbox 1618 528 1688 581; x_wconf 77' lang='grc' dir='ltr'>χρὴ</span> <span class='ocrx_word' id='word_1_371' title='bbox 1709 529 1980 581; x_wconf 81' lang='grc' dir='ltr'>προσδέξασθαι,</span> <span class='ocrx_word' id='word_1_372' title='bbox 1997 530 2099 582; x_wconf 76' lang='grc' dir='ltr'>φασί·</span> <span class='ocrx_word' id='word_1_373' title='bbox 2121 531 2161 569; x_wconf 81' lang='grc' dir='ltr'>τὸ</span> <span class='ocrx_word' id='word_1_374' title='bbox 2189 531 2225 570; x_wconf 80' lang='grc' dir='ltr'>δὲ</span> <span class='ocrx_word' id='word_1_375' title='bbox 2251 531 2356 579; x_wconf 87' lang='grc' dir='ltr'>πότε,</span> 
     </span>
     <span class='ocr_line' id='line_1_57' title="bbox 1339 589 2357 643; baseline 0.004 -18"><span class='ocrx_word' id='word_1_376' title='bbox 1339 591 1474 639; x_wconf 73' lang='grc' dir='ltr'>σιγῶσι.</span> <span class='ocrx_word' id='word_1_377' title='bbox 1494 589 1624 628; x_wconf 72' lang='grc' dir='ltr'>Λοιπὸν</span> <span class='ocrx_word' id='word_1_378' title='bbox 1645 590 1714 628; x_wconf 79' lang='grc' dir='ltr'>ἀπὸ</span> <span class='ocrx_word' id='word_1_379' title='bbox 1732 593 1794 636; x_wconf 68' lang='grc' dir='ltr'>τῆς</span> <span class='ocrx_word' id='word_1_380' title='bbox 1813 590 1890 632; x_wconf 81' lang='grc' dir='ltr'>θέας</span> <span class='ocrx_word' id='word_1_381' title='bbox 1911 590 2042 637; x_wconf 80' lang='grc' dir='ltr'>ἐκείνης</span> <span class='ocrx_word' id='word_1_382' title='bbox 2063 591 2276 643; x_wconf 78' lang='grc' dir='ltr'>ἐπέστρεψαν</span> <span class='ocrx_word' id='word_1_383' title='bbox 2298 594 2357 629; x_wconf 78' lang='grc' dir='ltr'>αὖ·</span> 
     </span>
     <span class='ocr_line' id='line_1_58' title="bbox 1336 649 2351 702; baseline 0.005 -16"><span class='ocrx_word' id='word_1_384' title='bbox 1336 649 1414 692; x_wconf 76' lang='grc' dir='ltr'>τοὺς</span> <span class='ocrx_word' id='word_1_385' title='bbox 1432 650 1516 701; x_wconf 82' lang='grc' dir='ltr'>πρὸς</span> <span class='ocrx_word' id='word_1_386' title='bbox 1536 651 1592 688; x_wconf 75' lang='grc' dir='ltr'>τὸν</span> <span class='ocrx_word' id='word_1_387' title='bbox 1623 652 1734 688; x_wconf 75' lang='grc' dir='ltr'>αὐτῶν</span> <span class='ocrx_word' id='word_1_388' title='bbox 1753 650 1876 701; x_wconf 82' lang='grc' dir='ltr'>λόγον·</span> <span class='ocrx_word' id='word_1_389' title='bbox 1895 650 1951 687; x_wconf 77' lang='grc' dir='ltr'>ἵνα</span> <span class='ocrx_word' id='word_1_390' title='bbox 1985 651 2033 701; x_wconf 80' lang='grc' dir='ltr'>μὴ</span> <span class='ocrx_word' id='word_1_391' title='bbox 2066 651 2122 689; x_wconf 79' lang='grc' dir='ltr'>διὰ</span> <span class='ocrx_word' id='word_1_392' title='bbox 2149 653 2188 690; x_wconf 83' lang='grc' dir='ltr'>τὸ</span> <span class='ocrx_word' id='word_1_393' title='bbox 2219 651 2266 702; x_wconf 87' lang='grc' dir='ltr'>μὴ</span> <span class='ocrx_word' id='word_1_394' title='bbox 2291 652 2351 691; x_wconf 76' lang='grc' dir='ltr'>δύ-</span> 
     </span>
     <span class='ocr_line' id='line_1_59' title="bbox 1336 710 2352 762; baseline 0.002 -15"><span class='ocrx_word' id='word_1_395' title='bbox 1336 713 1460 748; x_wconf 84' lang='grc' dir='ltr'>νασθαι</span> <span class='ocrx_word' id='word_1_396' title='bbox 1480 714 1631 762; x_wconf 77' lang='grc' dir='ltr'>θεωρεῖν,</span> <span class='ocrx_word' id='word_1_397' title='bbox 1650 711 1839 762; x_wconf 83' lang='grc' dir='ltr'>νομίσωσιν</span> <span class='ocrx_word' id='word_1_398' title='bbox 1872 711 1971 749; x_wconf 76' lang='grc' dir='ltr'>αὐτὸν</span> <span class='ocrx_word' id='word_1_399' title='bbox 2003 710 2051 761; x_wconf 82' lang='grc' dir='ltr'>μὴ</span> <span class='ocrx_word' id='word_1_400' title='bbox 2091 712 2352 760; x_wconf 76' lang='grc' dir='ltr'>ἀνεληλυθέναι,</span> 
     </span>
     <span class='ocr_line' id='line_1_60' title="bbox 1337 766 2354 824; baseline 0.004 -17"><span class='ocrx_word' id='word_1_401' title='bbox 1337 772 1414 808; x_wconf 90' lang='grc' dir='ltr'>ἀλλ’</span> <span class='ocrx_word' id='word_1_402' title='bbox 1434 774 1468 810; x_wconf 82' lang='grc' dir='ltr'>ἐν</span> <span class='ocrx_word' id='word_1_403' title='bbox 1488 766 1516 824; x_wconf 69' lang='grc' dir='ltr'>ᾧ</span> <span class='ocrx_word' id='word_1_404' title='bbox 1541 772 1756 824; x_wconf 77' lang='grc' dir='ltr'>διαλέγονται</span> <span class='ocrx_word' id='word_1_405' title='bbox 1774 777 1788 792; x_wconf 76' lang='lat'>‘³</span> <span class='ocrx_word' id='word_1_406' title='bbox 1803 772 1959 824; x_wconf 78' lang='grc' dir='ltr'>φθάσειν.</span> <span class='ocrx_word' id='word_1_407' title='bbox 1980 774 2025 810; x_wconf 83' lang='grc' dir='ltr'>Εἰ</span> <span class='ocrx_word' id='word_1_408' title='bbox 2043 771 2111 823; x_wconf 82' lang='grc' dir='ltr'>γὰρ</span> <span class='ocrx_word' id='word_1_409' title='bbox 2137 773 2206 824; x_wconf 78' lang='grc' dir='ltr'>πρὸ</span> <span class='ocrx_word' id='word_1_410' title='bbox 2233 772 2354 811; x_wconf 81' lang='grc' dir='ltr'>τούτου</span> 
     </span>
     <span class='ocr_line' id='line_1_61' title="bbox 1335 828 2353 884; baseline 0.001 -14"><span class='ocrx_word' id='word_1_411' title='bbox 1335 832 1451 884; x_wconf 83' lang='grc' dir='ltr'>ἔλεγον</span> <span class='ocrx_word' id='word_1_412' title='bbox 1465 863 1474 880; x_wconf 96' lang='grc'>,</span> <span class='ocrx_word' id='word_1_413' title='bbox 1492 835 1565 871; x_wconf 75' lang='grc' dir='ltr'>Ποῦ</span> <span class='ocrx_word' id='word_1_414' title='bbox 1584 833 1746 884; x_wconf 74' lang='grc' dir='ltr'>ὑπάγεις,</span> <span class='ocrx_word' id='word_1_415' title='bbox 1763 835 1882 884; x_wconf 80' lang='grc' dir='ltr'>πολλῷ</span> <span class='ocrx_word' id='word_1_416' title='bbox 1915 835 2045 884; x_wconf 78' lang='grc' dir='ltr'>μᾶλλον</span> <span class='ocrx_word' id='word_1_417' title='bbox 2066 833 2125 871; x_wconf 82' lang='grc' dir='ltr'>καὶ</span> <span class='ocrx_word' id='word_1_418' title='bbox 2156 837 2216 871; x_wconf 77' lang='grc' dir='ltr'>νῦν</span> <span class='ocrx_word' id='word_1_419' title='bbox 2241 833 2281 871; x_wconf 81' lang='grc' dir='ltr'>ἂν</span> <span class='ocrx_word' id='word_1_420' title='bbox 2303 828 2353 871; x_wconf 67' lang='grc' dir='ltr'>εἷ-</span> 
     </span>
    </p>
   </div>
   <div class='ocr_carea' id='block_1_13' title="bbox 1307 893 2353 1062">
    <p class='ocr_par' dir='ltr' id='par_1_14' title="bbox 1307 893 2353 1062">
     <span class='ocr_line' id='line_1_62' title="bbox 1307 893 2352 946; baseline 0.001 -16"><span class='ocrx_word' id='word_1_421' title='bbox 1307 925 1313 934; x_wconf 90' lang='grc'>,</span> <span class='ocrx_word' id='word_1_422' title='bbox 1335 909 1397 931; x_wconf 87' lang='grc' dir='ltr'>πον</span> <span class='ocrx_word' id='word_1_423' title='bbox 1409 909 1416 916; x_wconf 92' lang='grc'><em>·</em></span> <span class='ocrx_word' id='word_1_424' title='bbox 1437 895 1481 931; x_wconf 81' lang='grc' dir='ltr'>Εἰ</span> <span class='ocrx_word' id='word_1_425' title='bbox 1505 895 1540 931; x_wconf 85' lang='grc' dir='ltr'>ἐν</span> <span class='ocrx_word' id='word_1_426' title='bbox 1558 897 1606 946; x_wconf 80' lang='grc' dir='ltr'>τῷ</span> <span class='ocrx_word' id='word_1_427' title='bbox 1625 894 1740 946; x_wconf 76' lang='grc' dir='ltr'>χρόνῳ</span> <span class='ocrx_word' id='word_1_428' title='bbox 1759 893 1870 944; x_wconf 82' lang='grc' dir='ltr'>τούτῳ</span> <span class='ocrx_word' id='word_1_429' title='bbox 1884 924 1893 939; x_wconf 88' lang='grc'>,</span> <span class='ocrx_word' id='word_1_430' title='bbox 1915 893 2036 944; x_wconf 77' lang='grc' dir='ltr'>φησὶν,</span> <span class='ocrx_word' id='word_1_431' title='bbox 2063 894 2352 937; x_wconf 78' lang='grc' dir='ltr'>ἀποκαθιστάνεις</span> 
     </span>
     <span class='ocr_line' id='line_1_63' title="bbox 1333 951 2353 1003; baseline 0.002 -15"><span class='ocrx_word' id='word_1_432' title='bbox 1333 951 1396 998; x_wconf 81' lang='grc' dir='ltr'>τὴν</span> <span class='ocrx_word' id='word_1_433' title='bbox 1425 952 1603 1002; x_wconf 87' lang='grc' dir='ltr'>βασιλείαν</span> <span class='ocrx_word' id='word_1_434' title='bbox 1633 955 1682 1002; x_wconf 79' lang='grc' dir='ltr'>τῷ</span> <span class='ocrx_word' id='word_1_435' title='bbox 1704 952 1868 1003; x_wconf 79' lang='grc' dir='ltr'>Ἰσραήλ;</span> <span class='ocrx_word' id='word_1_436' title='bbox 1887 951 2010 993; x_wconf 80' lang='grc' dir='ltr'>Οὕτως</span> <span class='ocrx_word' id='word_1_437' title='bbox 2030 951 2158 1002; x_wconf 74' lang='grc' dir='ltr'>ᾔδεσαν</span> <span class='ocrx_word' id='word_1_438' title='bbox 2188 953 2291 989; x_wconf 74' lang='grc' dir='ltr'>αὐτοῦ</span> <span class='ocrx_word' id='word_1_439' title='bbox 2312 951 2353 990; x_wconf 81' lang='grc' dir='ltr'>τὸ</span> 
     </span>
     <span class='ocr_line' id='line_1_64' title="bbox 1333 1011 2353 1062; baseline 0 -14"><span class='ocrx_word' id='word_1_440' title='bbox 1333 1011 1477 1062; x_wconf 76' lang='grc' dir='ltr'>ἥμερον,</span> <span class='ocrx_word' id='word_1_441' title='bbox 1495 1011 1548 1049; x_wconf 78' lang='grc' dir='ltr'>ὅτι</span> <span class='ocrx_word' id='word_1_442' title='bbox 1567 1013 1625 1050; x_wconf 86' lang='grc' dir='ltr'>καὶ</span> <span class='ocrx_word' id='word_1_443' title='bbox 1648 1012 1735 1062; x_wconf 84' lang='grc' dir='ltr'>μετὰ</span> <span class='ocrx_word' id='word_1_444' title='bbox 1754 1012 1794 1049; x_wconf 81' lang='grc' dir='ltr'>τὸ</span> <span class='ocrx_word' id='word_1_445' title='bbox 1820 1015 1940 1049; x_wconf 87' lang='grc' dir='ltr'>παθεῖν</span> <span class='ocrx_word' id='word_1_446' title='bbox 1970 1012 2145 1062; x_wconf 77' lang='grc' dir='ltr'>ἐρωτῶσιν</span> <span class='ocrx_word' id='word_1_447' title='bbox 2171 1012 2285 1060; x_wconf 74' lang='grc' dir='ltr'>αὐτὸν,</span> <span class='ocrx_word' id='word_1_448' title='bbox 2306 1012 2353 1049; x_wconf 77' lang='lat' dir='ltr'>Ei.</span> 
     </span>
    </p>
   </div>
   <div class='ocr_carea' id='block_1_14' title="bbox 1334 1064 2353 1124">
    <p class='ocr_par' dir='ltr' id='par_1_15' title="bbox 1334 1064 2353 1124">
     <span class='ocr_line' id='line_1_65' title="bbox 1334 1064 2353 1124; baseline 0.001 -15"><span class='ocrx_word' id='word_1_449' title='bbox 1334 1072 1638 1119; x_wconf 81' lang='grc' dir='ltr'>ἇποκαθιστάνεις;</span> <span class='ocrx_word' id='word_1_450' title='bbox 1660 1072 1730 1109; x_wconf 83' lang='grc' dir='ltr'>Καὶ</span> <span class='ocrx_word' id='word_1_451' title='bbox 1751 1072 1818 1122; x_wconf 78' lang='grc' dir='ltr'>μὴν</span> <span class='ocrx_word' id='word_1_452' title='bbox 1831 1070 2024 1124; x_wconf 83' lang='grc' dir='ltr'>ἔμπροσθεν</span> <span class='ocrx_word' id='word_1_453' title='bbox 2038 1064 2130 1109; x_wconf 62' lang='grc' dir='ltr'>εἶπεν</span> <span class='ocrx_word' id='word_1_454' title='bbox 2149 1076 2283 1120; x_wconf 83' lang='grc' dir='ltr'>αὐτοῖς,</span> <span class='ocrx_word' id='word_1_455' title='bbox 2298 1075 2353 1110; x_wconf 82' lang='grc' dir='ltr'>ὅτι</span> 
     </span>
    </p>
   </div>
   <div class='ocr_carea' id='block_1_15' title="bbox 1282 1130 2351 2640">
    <p class='ocr_par' dir='ltr' id='par_1_16' title="bbox 1282 1130 2351 2640">
     <span class='ocr_line' id='line_1_66' title="bbox 1331 1130 2351 1180; baseline -0.001 -11"><span class='ocrx_word' id='word_1_456' title='bbox 1331 1132 1537 1178; x_wconf 81' lang='grc' dir='ltr'>Μελλήσετε</span> <span class='ocrx_word' id='word_1_457' title='bbox 1558 1131 1694 1169; x_wconf 83' lang='grc' dir='ltr'>ἀκούειν</span> <span class='ocrx_word' id='word_1_458' title='bbox 1726 1131 1918 1180; x_wconf 83' lang='grc' dir='ltr'>πολέμους,</span> <span class='ocrx_word' id='word_1_459' title='bbox 1940 1130 2000 1168; x_wconf 87' lang='grc' dir='ltr'>καὶ</span> <span class='ocrx_word' id='word_1_460' title='bbox 2036 1130 2141 1174; x_wconf 81' lang='grc' dir='ltr'>ἀκοὰς</span> <span class='ocrx_word' id='word_1_461' title='bbox 2169 1130 2351 1180; x_wconf 85' lang='grc' dir='ltr'>πολέμων·</span> 
     </span>
     <span class='ocr_line' id='line_1_67' title="bbox 1331 1190 2349 1244; baseline 0.002 -16"><span class='ocrx_word' id='word_1_462' title='bbox 1331 1193 1407 1229; x_wconf 78' lang='grc' dir='ltr'>ἀλλ’</span> <span class='ocrx_word' id='word_1_463' title='bbox 1427 1192 1523 1230; x_wconf 84' lang='grc' dir='ltr'>οὔπω</span> <span class='ocrx_word' id='word_1_464' title='bbox 1539 1190 1552 1212; x_wconf 72' lang='lat' dir='ltr'><strong>f</strong></span> <span class='ocrx_word' id='word_1_465' title='bbox 1562 1191 1601 1229; x_wconf 80' lang='grc' dir='ltr'>τὸ</span> <span class='ocrx_word' id='word_1_466' title='bbox 1619 1192 1733 1239; x_wconf 80' lang='grc' dir='ltr'>τέλος,</span> <span class='ocrx_word' id='word_1_467' title='bbox 1754 1190 1830 1229; x_wconf 77' lang='grc' dir='ltr'>οὐδὲ</span> <span class='ocrx_word' id='word_1_468' title='bbox 1851 1190 1896 1228; x_wconf 79' lang='grc' dir='ltr'>τὰ</span> <span class='ocrx_word' id='word_1_469' title='bbox 1911 1190 2138 1244; x_wconf 82' lang='grc' dir='ltr'>Ἱεροσόλυμα</span> <span class='ocrx_word' id='word_1_470' title='bbox 2161 1191 2349 1230; x_wconf 81' lang='grc' dir='ltr'>ἁλώσεται.</span> 
     </span>
     <span class='ocr_line' id='line_1_68' title="bbox 1330 1251 2348 1305; baseline 0 -15"><span class='ocrx_word' id='word_1_471' title='bbox 1330 1253 1402 1290; x_wconf 65' lang='grc' dir='ltr'>Νῦν</span> <span class='ocrx_word' id='word_1_472' title='bbox 1422 1252 1456 1290; x_wconf 77' lang='grc' dir='ltr'>δὲ</span> <span class='ocrx_word' id='word_1_473' title='bbox 1474 1252 1554 1305; x_wconf 83' lang='grc' dir='ltr'>περὶ</span> <span class='ocrx_word' id='word_1_474' title='bbox 1578 1251 1753 1303; x_wconf 80' lang='grc' dir='ltr'>βασιλείας</span> <span class='ocrx_word' id='word_1_475' title='bbox 1773 1253 1960 1303; x_wconf 77' lang='grc' dir='ltr'>ἐρωτῶσιν,</span> <span class='ocrx_word' id='word_1_476' title='bbox 1979 1252 2016 1289; x_wconf 78' lang='grc' dir='ltr'>οὐ</span> <span class='ocrx_word' id='word_1_477' title='bbox 2041 1251 2121 1304; x_wconf 77' lang='grc' dir='ltr'>περὶ</span> <span class='ocrx_word' id='word_1_478' title='bbox 2141 1251 2348 1296; x_wconf 87' lang='grc' dir='ltr'>συντελείας.</span> 
     </span>
     <span class='ocr_line' id='line_1_69' title="bbox 1329 1311 2349 1365; baseline 0 -15"><span class='ocrx_word' id='word_1_479' title='bbox 1329 1312 1460 1356; x_wconf 82' lang='grc' dir='ltr'>Ἄλλως</span> <span class='ocrx_word' id='word_1_480' title='bbox 1480 1313 1535 1360; x_wconf 75' lang='grc' dir='ltr'>δὲ,</span> <span class='ocrx_word' id='word_1_481' title='bbox 1554 1313 1628 1352; x_wconf 77' lang='grc' dir='ltr'>οὐδὲ</span> <span class='ocrx_word' id='word_1_482' title='bbox 1644 1313 1775 1365; x_wconf 75' lang='grc' dir='ltr'>μακρὸν</span> <span class='ocrx_word' id='word_1_483' title='bbox 1795 1312 1915 1350; x_wconf 77' lang='grc' dir='ltr'>λοιπὸν</span> <span class='ocrx_word' id='word_1_484' title='bbox 1934 1312 2018 1364; x_wconf 78' lang='grc' dir='ltr'>πρὸς</span> <span class='ocrx_word' id='word_1_485' title='bbox 2036 1311 2158 1355; x_wconf 74' lang='grc' dir='ltr'>αὐτοὺς</span> <span class='ocrx_word' id='word_1_486' title='bbox 2175 1312 2349 1350; x_wconf 82' lang='grc' dir='ltr'>ἀποτείνει</span> 
     </span>
     <span class='ocr_line' id='line_1_70' title="bbox 1327 1367 2346 1425; baseline -0.001 -13"><span class='ocrx_word' id='word_1_487' title='bbox 1327 1373 1427 1425; x_wconf 77' lang='grc' dir='ltr'>λόγον</span> <span class='ocrx_word' id='word_1_488' title='bbox 1448 1375 1535 1425; x_wconf 83' lang='grc' dir='ltr'>μετὰ</span> <span class='ocrx_word' id='word_1_489' title='bbox 1550 1374 1612 1421; x_wconf 82' lang='grc' dir='ltr'>τὴν</span> <span class='ocrx_word' id='word_1_490' title='bbox 1631 1374 1832 1412; x_wconf 83' lang='grc' dir='ltr'>ἀνάστασιν.</span> <span class='ocrx_word' id='word_1_491' title='bbox 1853 1372 1914 1417; x_wconf 53' lang='grc' dir='ltr'>ἵης</span> <span class='ocrx_word' id='word_1_492' title='bbox 1933 1373 1974 1420; x_wconf 85' lang='grc' dir='ltr'>δὴ</span> <span class='ocrx_word' id='word_1_493' title='bbox 1997 1367 2054 1412; x_wconf 64' lang='grc' dir='ltr'>οἶν</span> <span class='ocrx_word' id='word_1_494' title='bbox 2084 1373 2143 1412; x_wconf 86' lang='grc' dir='ltr'>καὶ</span> <span class='ocrx_word' id='word_1_495' title='bbox 2173 1374 2269 1411; x_wconf 79' lang='grc' dir='ltr'>αὐτοὶ</span> <span class='ocrx_word' id='word_1_496' title='bbox 2286 1375 2346 1411; x_wconf 85' lang='grc' dir='ltr'>εὖ-</span> 
     </span>
     <span class='ocr_line' id='line_1_71' title="bbox 1329 1434 2346 1486; baseline 0 -13"><span class='ocrx_word' id='word_1_497' title='bbox 1329 1436 1594 1485; x_wconf 75' lang='grc' dir='ltr'>δοκιμῆσοντες,</span> <span class='ocrx_word' id='word_1_498' title='bbox 1614 1436 1643 1473; x_wconf 85' lang='grc' dir='ltr'>εἷ</span> <span class='ocrx_word' id='word_1_499' title='bbox 1667 1438 1767 1473; x_wconf 69' lang='grc' dir='ltr'>τοῦτο</span> <span class='ocrx_word' id='word_1_500' title='bbox 1789 1434 1938 1485; x_wconf 79' lang='grc' dir='ltr'>γένοιτο,</span> <span class='ocrx_word' id='word_1_501' title='bbox 1961 1436 2149 1486; x_wconf 80' lang='grc' dir='ltr'>ἐρωτῶσιν.</span> <span class='ocrx_word' id='word_1_502' title='bbox 2173 1435 2282 1478; x_wconf 78' lang='grc' dir='ltr'>Αὐτὸς</span> <span class='ocrx_word' id='word_1_503' title='bbox 2309 1435 2346 1473; x_wconf 82' lang='grc' dir='ltr'>δὲ</span> 
     </span>
     <span class='ocr_line' id='line_1_72' title="bbox 1282 1490 2347 1549; baseline -0.002 -13"><span class='ocrx_word' id='word_1_504' title='bbox 1282 1506 1307 1536; x_wconf 87' lang='grc' dir='ltr'>Α</span> <span class='ocrx_word' id='word_1_505' title='bbox 1327 1496 1380 1535; x_wconf 78' lang='grc' dir='ltr'>ὅτι</span> <span class='ocrx_word' id='word_1_506' title='bbox 1396 1497 1457 1534; x_wconf 76' lang='grc' dir='ltr'>οὐκ</span> <span class='ocrx_word' id='word_1_507' title='bbox 1473 1495 1755 1540; x_wconf 85' lang='grc' dir='ltr'>ἀποκαθιστάνει,</span> <span class='ocrx_word' id='word_1_508' title='bbox 1774 1498 1834 1533; x_wconf 77' lang='grc' dir='ltr'>οὒκ</span> <span class='ocrx_word' id='word_1_509' title='bbox 1851 1494 2017 1541; x_wconf 75' lang='grc' dir='ltr'>ἐδήλωσε.</span> <span class='ocrx_word' id='word_1_510' title='bbox 2036 1495 2084 1533; x_wconf 88' lang='grc' dir='ltr'>Τί</span> <span class='ocrx_word' id='word_1_511' title='bbox 2102 1495 2169 1549; x_wconf 80' lang='grc' dir='ltr'>γὰρ</span> <span class='ocrx_word' id='word_1_512' title='bbox 2184 1490 2226 1542; x_wconf 68' lang='grc' dir='ltr'>ἦν</span> <span class='ocrx_word' id='word_1_513' title='bbox 2245 1499 2347 1534; x_wconf 76' lang='grc' dir='ltr'>τοῦτο</span> 
     </span>
     <span class='ocr_line' id='line_1_73' title="bbox 1327 1556 2347 1610; baseline 0.001 -15"><span class='ocrx_word' id='word_1_514' title='bbox 1327 1560 1513 1610; x_wconf 82' lang='grc' dir='ltr'>ἀναγκαῖον</span> <span class='ocrx_word' id='word_1_515' title='bbox 1534 1556 1656 1600; x_wconf 77' lang='grc' dir='ltr'>αὐτοὺς</span> <span class='ocrx_word' id='word_1_516' title='bbox 1676 1561 1810 1607; x_wconf 67' lang='grc' dir='ltr'>μαθεῖν,</span> <span class='ocrx_word' id='word_1_517' title='bbox 1838 1558 1907 1596; x_wconf 82' lang='grc' dir='ltr'>Διά</span> <span class='ocrx_word' id='word_1_518' title='bbox 1919 1571 1972 1594; x_wconf 87' lang='grc' dir='ltr'>τοι</span> <span class='ocrx_word' id='word_1_519' title='bbox 2002 1561 2102 1594; x_wconf 74' lang='grc' dir='ltr'>τοῦτο</span> <span class='ocrx_word' id='word_1_520' title='bbox 2121 1556 2178 1594; x_wconf 81' lang='grc' dir='ltr'>καὶ</span> <span class='ocrx_word' id='word_1_521' title='bbox 2197 1557 2347 1596; x_wconf 81' lang='grc' dir='ltr'>δεδοικό-</span> 
     </span>
     <span class='ocr_line' id='line_1_74' title="bbox 1326 1612 2346 1669; baseline -0.001 -12"><span class='ocrx_word' id='word_1_522' title='bbox 1326 1635 1380 1663; x_wconf 86' lang='grc' dir='ltr'>τες</span> <span class='ocrx_word' id='word_1_523' title='bbox 1392 1621 1453 1657; x_wconf 80' lang='grc' dir='ltr'>οὖκ</span> <span class='ocrx_word' id='word_1_524' title='bbox 1467 1619 1517 1656; x_wconf 84' lang='grc' dir='ltr'>ἔτι</span> <span class='ocrx_word' id='word_1_525' title='bbox 1531 1612 1638 1656; x_wconf 63' lang='grc' dir='ltr'>εἷπον·</span> <span class='ocrx_word' id='word_1_526' title='bbox 1653 1617 1687 1655; x_wconf 89' lang='grc' dir='ltr'>τί</span> <span class='ocrx_word' id='word_1_527' title='bbox 1703 1617 1742 1655; x_wconf 81' lang='grc' dir='ltr'>τὸ</span> <span class='ocrx_word' id='word_1_528' title='bbox 1759 1623 1900 1668; x_wconf 83' lang='grc' dir='ltr'>σημεῖον</span> <span class='ocrx_word' id='word_1_529' title='bbox 1916 1621 1978 1664; x_wconf 75' lang='grc' dir='ltr'>τῆς</span> <span class='ocrx_word' id='word_1_530' title='bbox 1993 1620 2055 1663; x_wconf 72' lang='grc' dir='ltr'>σῆς</span> <span class='ocrx_word' id='word_1_531' title='bbox 2069 1617 2272 1669; x_wconf 87' lang='grc' dir='ltr'>παρουσίας,</span> <span class='ocrx_word' id='word_1_532' title='bbox 2285 1618 2346 1656; x_wconf 82' lang='grc' dir='ltr'>καὶ</span> 
     </span>
     <span class='ocr_line' id='line_1_75' title="bbox 1327 1677 2347 1730; baseline 0 -14"><span class='ocrx_word' id='word_1_533' title='bbox 1327 1682 1387 1725; x_wconf 78' lang='grc' dir='ltr'>τῆς</span> <span class='ocrx_word' id='word_1_534' title='bbox 1405 1677 1600 1723; x_wconf 83' lang='grc' dir='ltr'>συντελείας</span> <span class='ocrx_word' id='word_1_535' title='bbox 1611 1682 1670 1717; x_wconf 76' lang='grc' dir='ltr'>τοῦ</span> <span class='ocrx_word' id='word_1_536' title='bbox 1689 1681 1827 1725; x_wconf 72' lang='grc' dir='ltr'>αἰῶνος,</span> <span class='ocrx_word' id='word_1_537' title='bbox 1847 1679 1935 1725; x_wconf 85' lang='grc' dir='ltr'>ἀλλ’,</span> <span class='ocrx_word' id='word_1_538' title='bbox 1954 1679 1999 1717; x_wconf 83' lang='grc' dir='ltr'>Εἰ</span> <span class='ocrx_word' id='word_1_539' title='bbox 2019 1678 2080 1724; x_wconf 81' lang='grc' dir='ltr'>τὴν</span> <span class='ocrx_word' id='word_1_540' title='bbox 2101 1677 2280 1729; x_wconf 84' lang='grc' dir='ltr'>βασιλείαν</span> <span class='ocrx_word' id='word_1_541' title='bbox 2296 1680 2347 1730; x_wconf 79' lang='grc' dir='ltr'>τῷ</span> 
     </span>
     <span class='ocr_line' id='line_1_76' title="bbox 1326 1738 2344 1793; baseline 0 -16"><span class='ocrx_word' id='word_1_542' title='bbox 1326 1739 1470 1793; x_wconf 79' lang='grc' dir='ltr'>Ἰσραὴλ</span> <span class='ocrx_word' id='word_1_543' title='bbox 1497 1740 1807 1787; x_wconf 79' lang='grc' dir='ltr'>ἀποκαθιστάνεις;</span> <span class='ocrx_word' id='word_1_544' title='bbox 1839 1740 2020 1791; x_wconf 80' lang='grc' dir='ltr'>Ἐνόμιζον</span> <span class='ocrx_word' id='word_1_545' title='bbox 2043 1739 2112 1791; x_wconf 81' lang='grc' dir='ltr'>γὰρ</span> <span class='ocrx_word' id='word_1_546' title='bbox 2144 1738 2250 1785; x_wconf 77' lang='grc' dir='ltr'>αὐτὴν</span> <span class='ocrx_word' id='word_1_547' title='bbox 2277 1739 2344 1787; x_wconf 80' lang='grc' dir='ltr'>ἤδη</span> 
     </span>
     <span class='ocr_line' id='line_1_77' title="bbox 1325 1799 2346 1852; baseline 0 -15"><span class='ocrx_word' id='word_1_548' title='bbox 1325 1807 1500 1852; x_wconf 87' lang='grc' dir='ltr'>παρεῖναι.</span> <span class='ocrx_word' id='word_1_549' title='bbox 1521 1800 1637 1844; x_wconf 79' lang='grc' dir='ltr'>Αὐτὸς</span> <span class='ocrx_word' id='word_1_550' title='bbox 1666 1801 1700 1840; x_wconf 80' lang='grc' dir='ltr'>δὲ</span> <span class='ocrx_word' id='word_1_551' title='bbox 1728 1801 1788 1839; x_wconf 75' lang='grc' dir='ltr'>καὶ</span> <span class='ocrx_word' id='word_1_552' title='bbox 1818 1803 1853 1839; x_wconf 81' lang='grc' dir='ltr'>ἐν</span> <span class='ocrx_word' id='word_1_553' title='bbox 1886 1801 2103 1852; x_wconf 62' lang='grc' dir='ltr'>παραὲολαῖς</span> <span class='ocrx_word' id='word_1_554' title='bbox 2135 1799 2270 1847; x_wconf 76' lang='grc' dir='ltr'>ἔδειξεν,</span> <span class='ocrx_word' id='word_1_555' title='bbox 2291 1800 2346 1839; x_wconf 77' lang='grc' dir='ltr'>ὅτι</span> 
     </span>
     <span class='ocr_line' id='line_1_78' title="bbox 1325 1861 2346 1914; baseline 0 -15"><span class='ocrx_word' id='word_1_556' title='bbox 1325 1864 1387 1899; x_wconf 88' lang='grc' dir='ltr'>οὐκ</span> <span class='ocrx_word' id='word_1_557' title='bbox 1404 1862 1502 1914; x_wconf 78' lang='grc' dir='ltr'>ἐγγύς</span> <span class='ocrx_word' id='word_1_558' title='bbox 1518 1878 1526 1885; x_wconf 91' lang='grc'><em>·</em></span> <span class='ocrx_word' id='word_1_559' title='bbox 1549 1863 1608 1900; x_wconf 77' lang='grc' dir='ltr'>καὶ</span> <span class='ocrx_word' id='word_1_560' title='bbox 1635 1863 1715 1900; x_wconf 81' lang='grc' dir='ltr'>ἔνθα</span> <span class='ocrx_word' id='word_1_561' title='bbox 1731 1861 1932 1913; x_wconf 76' lang='grc' dir='ltr'>ἠρώτησαν,</span> <span class='ocrx_word' id='word_1_562' title='bbox 1946 1862 1965 1880; x_wconf 81' lang='lat'><strong>*</strong></span> <span class='ocrx_word' id='word_1_563' title='bbox 1983 1863 2020 1900; x_wconf 81' lang='grc' dir='ltr'>οὗ</span> <span class='ocrx_word' id='word_1_564' title='bbox 2038 1861 2125 1914; x_wconf 75' lang='grc' dir='ltr'>πρὸς</span> <span class='ocrx_word' id='word_1_565' title='bbox 2152 1862 2236 1899; x_wconf 78' lang='grc' dir='ltr'>αὐτὸ</span> <span class='ocrx_word' id='word_1_566' title='bbox 2258 1864 2346 1899; x_wconf 89' lang='grc' dir='ltr'>ἀπε-</span> 
     </span>
     <span class='ocr_line' id='line_1_79' title="bbox 1325 1920 2344 1974; baseline 0.002 -16"><span class='ocrx_word' id='word_1_567' title='bbox 1325 1920 1486 1972; x_wconf 83' lang='grc' dir='ltr'>κρίνατο,</span> <span class='ocrx_word' id='word_1_568' title='bbox 1507 1922 1614 1969; x_wconf 84' lang='grc' dir='ltr'>ἀλλὰ,</span> <span class='ocrx_word' id='word_1_569' title='bbox 1636 1922 1817 1974; x_wconf 70' lang='grc' dir='ltr'>Λήψεσθε,</span> <span class='ocrx_word' id='word_1_570' title='bbox 1849 1922 1955 1973; x_wconf 80' lang='grc' dir='ltr'>φησὶ,</span> <span class='ocrx_word' id='word_1_571' title='bbox 1976 1921 2120 1972; x_wconf 77' lang='grc' dir='ltr'>δύναμιν</span> <span class='ocrx_word' id='word_1_572' title='bbox 2141 1921 2344 1966; x_wconf 79' lang='grc' dir='ltr'>ἐπελθόντος</span> 
     </span>
     <span class='ocr_line' id='line_1_80' title="bbox 1323 1983 2342 2035; baseline 0.002 -15"><span class='ocrx_word' id='word_1_573' title='bbox 1323 1986 1382 2021; x_wconf 80' lang='grc' dir='ltr'>τοῦ</span> <span class='ocrx_word' id='word_1_574' title='bbox 1403 1984 1500 2034; x_wconf 80' lang='grc' dir='ltr'>ἁγίου</span> <span class='ocrx_word' id='word_1_575' title='bbox 1530 1983 1732 2034; x_wconf 81' lang='grc' dir='ltr'>Πνεύματος</span> <span class='ocrx_word' id='word_1_576' title='bbox 1750 1985 1801 2035; x_wconf 65' lang='grc' dir='ltr'>ἐφ’</span> <span class='ocrx_word' id='word_1_577' title='bbox 1829 1987 1930 2034; x_wconf 79' lang='grc' dir='ltr'>ὑμᾶς.</span> <span class='ocrx_word' id='word_1_578' title='bbox 1955 1983 2071 2035; x_wconf 49' lang='grc' dir='ltr'>(Ὀρα,</span> <span class='ocrx_word' id='word_1_579' title='bbox 2091 1984 2342 2028; x_wconf 86' lang='grc' dir='ltr'>Ἐπελθόντος,</span> 
     </span>
     <span class='ocr_line' id='line_1_81' title="bbox 1323 2038 2342 2095; baseline 0.001 -14"><span class='ocrx_word' id='word_1_580' title='bbox 1323 2045 1360 2081; x_wconf 77' lang='grc' dir='ltr'>οὔ</span> <span class='ocrx_word' id='word_1_581' title='bbox 1379 2044 1612 2095; x_wconf 67' lang='grc' dir='ltr'>πεμφθέντος,</span> <span class='ocrx_word' id='word_1_582' title='bbox 1629 2038 1735 2090; x_wconf 66' lang='grc' dir='ltr'>εἶπεν,</span> <span class='ocrx_word' id='word_1_583' title='bbox 1754 2043 1810 2081; x_wconf 78' lang='grc' dir='ltr'>ἵνα</span> <span class='ocrx_word' id='word_1_584' title='bbox 1826 2044 1865 2081; x_wconf 77' lang='grc' dir='ltr'>τὸ</span> <span class='ocrx_word' id='word_1_585' title='bbox 1882 2044 2035 2095; x_wconf 83' lang='grc' dir='ltr'>ἰσότιμον</span> <span class='ocrx_word' id='word_1_586' title='bbox 2053 2043 2159 2094; x_wconf 81' lang='grc' dir='ltr'>δείξῃ.</span> <span class='ocrx_word' id='word_1_587' title='bbox 2177 2046 2260 2088; x_wconf 82' lang='grc' dir='ltr'>Πῶς</span> <span class='ocrx_word' id='word_1_588' title='bbox 2271 2039 2342 2092; x_wconf 60' lang='grc' dir='ltr'>οὖν,</span> 
     </span>
     <span class='ocr_line' id='line_1_82' title="bbox 1321 2096 2343 2156; baseline 0.002 -16"><span class='ocrx_word' id='word_1_589' title='bbox 1321 2096 1350 2140; x_wconf 61' lang='grc' dir='ltr'><em>ὦ</em></span> <span class='ocrx_word' id='word_1_590' title='bbox 1371 2104 1661 2155; x_wconf 72' lang='grc' dir='ltr'>πνευματομάχε,</span> <span class='ocrx_word' id='word_1_591' title='bbox 1683 2103 1814 2154; x_wconf 87' lang='grc' dir='ltr'>κτίσμα</span> <span class='ocrx_word' id='word_1_592' title='bbox 1833 2106 1965 2156; x_wconf 71' lang='grc' dir='ltr'>τολμᾷς</span> <span class='ocrx_word' id='word_1_593' title='bbox 1990 2106 2096 2142; x_wconf 80' lang='grc' dir='ltr'>εἰπεῖν</span> <span class='ocrx_word' id='word_1_594' title='bbox 2104 2120 2114 2152; x_wconf 81' lang='lat'>3</span> <span class='ocrx_word' id='word_1_595' title='bbox 2135 2104 2205 2142; x_wconf 82' lang='grc' dir='ltr'>Καὶ</span> <span class='ocrx_word' id='word_1_596' title='bbox 2225 2104 2343 2156; x_wconf 80' lang='grc' dir='ltr'>ἔσεσθέ</span> 
     </span>
     <span class='ocr_line' id='line_1_83' title="bbox 1323 2163 2341 2218; baseline 0.002 -17"><span class='ocrx_word' id='word_1_597' title='bbox 1323 2179 1381 2214; x_wconf 86' lang='grc' dir='ltr'>μοι</span> <span class='ocrx_word' id='word_1_598' title='bbox 1411 2163 1593 2215; x_wconf 88' lang='grc' dir='ltr'>μάρτυρες.</span> <span class='ocrx_word' id='word_1_599' title='bbox 1618 2163 1780 2218; x_wconf 75' lang='grc' dir='ltr'>’ῌνίξατο</span> <span class='ocrx_word' id='word_1_600' title='bbox 1807 2163 1869 2209; x_wconf 79' lang='grc' dir='ltr'>τὴν</span> <span class='ocrx_word' id='word_1_601' title='bbox 1890 2164 2081 2215; x_wconf 75' lang='grc' dir='ltr'>ἀνάληψιν·</span> <span class='ocrx_word' id='word_1_602' title='bbox 2106 2166 2238 2214; x_wconf 81' lang='grc' dir='ltr'>μᾶλλον</span> <span class='ocrx_word' id='word_1_603' title='bbox 2264 2165 2299 2204; x_wconf 77' lang='grc' dir='ltr'>δὲ</span> <span class='ocrx_word' id='word_1_604' title='bbox 2320 2165 2341 2203; x_wconf 80' lang='grc' dir='ltr'>ἃ</span> 
     </span>
     <span class='ocr_line' id='line_1_84' title="bbox 1322 2223 2340 2275; baseline 0.005 -16"><span class='ocrx_word' id='word_1_605' title='bbox 1322 2223 1389 2268; x_wconf 76' lang='grc' dir='ltr'>ἤδη</span> <span class='ocrx_word' id='word_1_606' title='bbox 1410 2223 1644 2274; x_wconf 70' lang='grc' dir='ltr'>προήκουσαν,</span> <span class='ocrx_word' id='word_1_607' title='bbox 1674 2223 1733 2260; x_wconf 82' lang='grc' dir='ltr'>καὶ</span> <span class='ocrx_word' id='word_1_608' title='bbox 1766 2227 1822 2261; x_wconf 71' lang='grc' dir='ltr'>νῦν</span> <span class='ocrx_word' id='word_1_609' title='bbox 1846 2223 1967 2266; x_wconf 82' lang='grc' dir='ltr'>αὐτοὺς</span> <span class='ocrx_word' id='word_1_610' title='bbox 1997 2223 2102 2261; x_wconf 78' lang='grc' dir='ltr'>πάλιν</span> <span class='ocrx_word' id='word_1_611' title='bbox 2134 2225 2340 2275; x_wconf 82' lang='grc' dir='ltr'>ἀνέμνησεν.</span> 
     </span>
     <span class='ocr_line' id='line_1_85' title="bbox 1321 2282 2343 2337; baseline 0.004 -17"><span class='ocrx_word' id='word_1_612' title='bbox 1321 2282 1436 2330; x_wconf 69' lang='grc' dir='ltr'>“”“”Ηδη</span> <span class='ocrx_word' id='word_1_613' title='bbox 1450 2282 1661 2335; x_wconf 75' lang='grc' dir='ltr'>ἐδείχθ·η,ὅτι</span> <span class='ocrx_word' id='word_1_614' title='bbox 1673 2286 1719 2328; x_wconf 84' lang='grc' dir='ltr'>εἷς</span> <span class='ocrx_word' id='word_1_615' title='bbox 1737 2285 1793 2322; x_wconf 84' lang='grc' dir='ltr'>τὸν</span> <span class='ocrx_word' id='word_1_616' title='bbox 1810 2284 1950 2336; x_wconf 78' lang='grc' dir='ltr'>οὐρανὸν</span> <span class='ocrx_word' id='word_1_617' title='bbox 1969 2286 2106 2330; x_wconf 72' lang='grc' dir='ltr'>ἀνῆλθε.</span> <span class='ocrx_word' id='word_1_618' title='bbox 2122 2285 2266 2337; x_wconf 66' lang='grc' dir='ltr'>Νεφέλη</span> <span class='ocrx_word' id='word_1_619' title='bbox 2282 2287 2343 2324; x_wconf 77' lang='grc' dir='ltr'>καὶ</span> 
     </span>
     <span class='ocr_line' id='line_1_86' title="bbox 1322 2344 2343 2397; baseline 0.003 -16"><span class='ocrx_word' id='word_1_620' title='bbox 1322 2345 1444 2396; x_wconf 65' lang='grc' dir='ltr'>γνόφος</span> <span class='ocrx_word' id='word_1_621' title='bbox 1461 2344 1528 2382; x_wconf 74' lang='grc' dir='ltr'>ὑπὸ</span> <span class='ocrx_word' id='word_1_622' title='bbox 1549 2345 1627 2387; x_wconf 73' lang='grc' dir='ltr'>τοὺς</span> <span class='ocrx_word' id='word_1_623' title='bbox 1648 2345 1757 2387; x_wconf 79' lang='grc' dir='ltr'>πόδας</span> <span class='ocrx_word' id='word_1_624' title='bbox 1773 2347 1874 2383; x_wconf 74' lang='grc' dir='ltr'>αὐτοῦ</span> <span class='ocrx_word' id='word_1_625' title='bbox 1887 2374 1897 2392; x_wconf 87' lang='grc'>,</span> <span class='ocrx_word' id='word_1_626' title='bbox 1914 2345 1998 2395; x_wconf 74' lang='grc' dir='ltr'>φησί</span> <span class='ocrx_word' id='word_1_627' title='bbox 2012 2361 2019 2368; x_wconf 91' lang='grc'><strong><em>·</em></strong></span> <span class='ocrx_word' id='word_1_628' title='bbox 2037 2349 2138 2384; x_wconf 74' lang='grc' dir='ltr'>τοῦτο</span> <span class='ocrx_word' id='word_1_629' title='bbox 2157 2345 2224 2397; x_wconf 73' lang='grc' dir='ltr'>γὰρ</span> <span class='ocrx_word' id='word_1_630' title='bbox 2245 2347 2343 2393; x_wconf 79' lang='grc' dir='ltr'>δηλοῖ</span> 
     </span>
     <span class='ocr_line' id='line_1_87' title="bbox 1322 2404 2342 2459; baseline 0.005 -18"><span class='ocrx_word' id='word_1_631' title='bbox 1322 2404 1360 2441; x_wconf 81' lang='grc' dir='ltr'>τὸ</span> <span class='ocrx_word' id='word_1_632' title='bbox 1372 2435 1380 2450; x_wconf 87' lang='grc'>,</span> <span class='ocrx_word' id='word_1_633' title='bbox 1398 2404 1535 2457; x_wconf 58' lang='grc' dir='ltr'>Νεφέλη</span> <span class='ocrx_word' id='word_1_634' title='bbox 1559 2405 1729 2443; x_wconf 51' lang='lat' dir='ltr'>&amp;nizonem</span> <span class='ocrx_word' id='word_1_635' title='bbox 1760 2405 1879 2443; x_wconf 82' lang='grc' dir='ltr'>αὐτόν·</span> <span class='ocrx_word' id='word_1_636' title='bbox 1900 2405 1956 2443; x_wconf 80' lang='grc' dir='ltr'>τὸν</span> <span class='ocrx_word' id='word_1_637' title='bbox 1991 2410 2049 2443; x_wconf 74' lang='grc' dir='ltr'>τοῦ</span> <span class='ocrx_word' id='word_1_638' title='bbox 2083 2408 2225 2457; x_wconf 75' lang='grc' dir='ltr'>οὐρανοῦ</span> <span class='ocrx_word' id='word_1_639' title='bbox 2257 2407 2342 2459; x_wconf 80' lang='grc' dir='ltr'>φησὶ</span> 
     </span>
     <span class='ocr_line' id='line_1_88' title="bbox 1322 2465 2341 2520; baseline 0.004 -18"><span class='ocrx_word' id='word_1_640' title='bbox 1322 2465 1515 2512; x_wconf 79' lang='grc' dir='ltr'>Δεσπότην.</span> <span class='ocrx_word' id='word_1_641' title='bbox 1555 2465 1722 2517; x_wconf 81' lang='grc' dir='ltr'>Καθάπερ</span> <span class='ocrx_word' id='word_1_642' title='bbox 1752 2466 1818 2518; x_wconf 78' lang='grc' dir='ltr'>γὰρ</span> <span class='ocrx_word' id='word_1_643' title='bbox 1852 2467 1995 2516; x_wconf 81' lang='grc' dir='ltr'>βασιλέα</span> <span class='ocrx_word' id='word_1_644' title='bbox 2027 2466 2194 2505; x_wconf 80' lang='grc' dir='ltr'>δείκνυσιν</span> <span class='ocrx_word' id='word_1_645' title='bbox 2223 2468 2341 2520; x_wconf 71' lang='grc' dir='ltr'>ὄχημα</span> 
     </span>
     <span class='ocr_line' id='line_1_89' title="bbox 1323 2526 2342 2580; baseline 0.004 -17"><span class='ocrx_word' id='word_1_646' title='bbox 1323 2526 1515 2576; x_wconf 76' lang='grc' dir='ltr'>βασιλικὸν,</span> <span class='ocrx_word' id='word_1_647' title='bbox 1537 2527 1627 2564; x_wconf 70' lang='grc' dir='ltr'>οὕτω</span> <span class='ocrx_word' id='word_1_648' title='bbox 1655 2527 1714 2564; x_wconf 77' lang='grc' dir='ltr'>καὶ</span> <span class='ocrx_word' id='word_1_649' title='bbox 1734 2529 1788 2564; x_wconf 82' lang='grc' dir='ltr'>ἐπ’</span> <span class='ocrx_word' id='word_1_650' title='bbox 1823 2527 1922 2565; x_wconf 79' lang='grc' dir='ltr'>αὐτὸν</span> <span class='ocrx_word' id='word_1_651' title='bbox 1957 2526 2116 2578; x_wconf 67' lang='grc' dir='ltr'>ἐπέμφθη</span> <span class='ocrx_word' id='word_1_652' title='bbox 2151 2528 2189 2565; x_wconf 79' lang='grc' dir='ltr'>τὸ</span> <span class='ocrx_word' id='word_1_653' title='bbox 2221 2528 2342 2580; x_wconf 77' lang='grc' dir='ltr'>ὄχημα</span> 
     </span>
     <span class='ocr_line' id='line_1_90' title="bbox 1318 2586 2340 2640; baseline 0.002 -15"><span class='ocrx_word' id='word_1_654' title='bbox 1318 2586 1386 2625; x_wconf 71' lang='grc' dir='ltr'>ι)τέ)</span> <span class='ocrx_word' id='word_1_655' title='bbox 1409 2588 1600 2637; x_wconf 75' lang='grc' dir='ltr'>βασιλικὸν,</span> <span class='ocrx_word' id='word_1_656' title='bbox 1620 2586 1675 2624; x_wconf 78' lang='grc' dir='ltr'>ἵνα</span> <span class='ocrx_word' id='word_1_657' title='bbox 1697 2587 1803 2637; x_wconf 72' lang='grc' dir='ltr'>μηδὲν</span> <span class='ocrx_word' id='word_1_658' title='bbox 1823 2587 2035 2638; x_wconf 75' lang='grc' dir='ltr'>φθέγξωνται</span> <span class='ocrx_word' id='word_1_659' title='bbox 2059 2589 2227 2640; x_wconf 84' lang='grc' dir='ltr'>λυπηρὸν,</span> <span class='ocrx_word' id='word_1_660' title='bbox 2252 2590 2340 2635; x_wconf 73' lang='grc' dir='ltr'>μηδὲ</span> 
     </span>
    </p>
   </div>
   <div class='ocr_carea' id='block_1_16' title="bbox 2251 2625 2257 2639">
    <p class='ocr_par' dir='ltr' id='par_1_17' title="bbox 2251 2625 2257 2639">
     <span class='ocr_line' id='line_1_91' title="bbox 2251 2625 2257 2639; baseline 0 0"><span class='ocrx_word' id='word_1_661' title='bbox 2251 2625 2257 2639; x_wconf 71' lang='lat' dir='ltr'>t</span> 
     </span>
    </p>
   </div>
   <div class='ocr_carea' id='block_1_17' title="bbox 1317 2648 2338 2883">
    <p class='ocr_par' dir='ltr' id='par_1_18' title="bbox 1317 2648 2338 2883">
     <span class='ocr_line' id='line_1_92' title="bbox 1318 2648 2338 2699; baseline 0.002 -14"><span class='ocrx_word' id='word_1_662' title='bbox 1318 2649 1357 2686; x_wconf 75' lang='grc' dir='ltr'>τὸ</span> <span class='ocrx_word' id='word_1_663' title='bbox 1377 2649 1457 2686; x_wconf 69' lang='grc' dir='ltr'>αὐτὸ</span> <span class='ocrx_word' id='word_1_664' title='bbox 1481 2649 1650 2696; x_wconf 87' lang='grc' dir='ltr'>πάθωσιν,</span> <span class='ocrx_word' id='word_1_665' title='bbox 1676 2648 1758 2699; x_wconf 76' lang='grc' dir='ltr'>ὅπερ</span> <span class='ocrx_word' id='word_1_666' title='bbox 1775 2651 1791 2685; x_wconf 85' lang='grc' dir='ltr'>ὁ</span> <span class='ocrx_word' id='word_1_667' title='bbox 1813 2648 2030 2694; x_wconf 80' lang='grc' dir='ltr'>ιΕλισσαῖος,</span> <span class='ocrx_word' id='word_1_668' title='bbox 2051 2653 2110 2686; x_wconf 74' lang='grc' dir='ltr'>τοῦ</span> <span class='ocrx_word' id='word_1_669' title='bbox 2131 2650 2338 2687; x_wconf 79' lang='grc' dir='ltr'>διδασκάλου</span> 
     </span>
     <span class='ocr_line' id='line_1_93' title="bbox 1320 2708 2334 2762; baseline 0 -15"><span class='ocrx_word' id='word_1_670' title='bbox 1320 2708 1585 2760; x_wconf 58' lang='grc' dir='ltr'>ἀναληφθέντος,</span> <span class='ocrx_word' id='word_1_671' title='bbox 1603 2709 1788 2761; x_wconf 67' lang='grc' dir='ltr'>διαρρήξας</span> <span class='ocrx_word' id='word_1_672' title='bbox 1809 2708 1866 2746; x_wconf 76' lang='grc' dir='ltr'>τὸν</span> <span class='ocrx_word' id='word_1_673' title='bbox 1882 2709 2102 2760; x_wconf 72' lang='grc' dir='ltr'>χιτωνίσκον.</span> <span class='ocrx_word' id='word_1_674' title='bbox 2122 2709 2191 2747; x_wconf 84' lang='grc' dir='ltr'>Καὶ</span> <span class='ocrx_word' id='word_1_675' title='bbox 2207 2709 2241 2747; x_wconf 87' lang='grc' dir='ltr'>τί</span> <span class='ocrx_word' id='word_1_676' title='bbox 2266 2727 2334 2762; x_wconf 83' lang='grc' dir='ltr'>φα-</span> 
     </span>
     <span class='ocr_line' id='line_1_94' title="bbox 1318 2765 2334 2821; baseline 0.002 -15"><span class='ocrx_word' id='word_1_677' title='bbox 1318 2786 1389 2817; x_wconf 71' lang='grc' dir='ltr'>σιν,</span> <span class='ocrx_word' id='word_1_678' title='bbox 1410 2765 1521 2813; x_wconf 65' lang='grc' dir='ltr'>Οὗτος</span> <span class='ocrx_word' id='word_1_679' title='bbox 1539 2773 1556 2808; x_wconf 83' lang='grc' dir='ltr'>ὁ</span> <span class='ocrx_word' id='word_1_680' title='bbox 1577 2770 1710 2817; x_wconf 76' lang='grc' dir='ltr'>Ἰησοῦς</span> <span class='ocrx_word' id='word_1_681' title='bbox 1729 2774 1746 2808; x_wconf 83' lang='grc' dir='ltr'>ὁ</span> <span class='ocrx_word' id='word_1_682' title='bbox 1777 2770 1982 2821; x_wconf 74' lang='grc' dir='ltr'>ἀναληφθεὶς</span> <span class='ocrx_word' id='word_1_683' title='bbox 2004 2771 2058 2821; x_wconf 78' lang='grc' dir='ltr'>ἀφ’</span> <span class='ocrx_word' id='word_1_684' title='bbox 2078 2772 2174 2820; x_wconf 79' lang='grc' dir='ltr'>ὑμῶν</span> <span class='ocrx_word' id='word_1_685' title='bbox 2207 2772 2254 2813; x_wconf 87' lang='grc' dir='ltr'>εἷς</span> <span class='ocrx_word' id='word_1_686' title='bbox 2276 2771 2334 2809; x_wconf 81' lang='grc' dir='ltr'>τὸν</span> 
     </span>
     <span class='ocr_line' id='line_1_95' title="bbox 1317 2830 2336 2883; baseline 0.003 -16"><span class='ocrx_word' id='word_1_687' title='bbox 1317 2831 1470 2881; x_wconf 68' lang='grc' dir='ltr'>οὐρανὸν,</span> <span class='ocrx_word' id='word_1_688' title='bbox 1501 2830 1609 2873; x_wconf 79' lang='grc' dir='ltr'>οὕτως</span> <span class='ocrx_word' id='word_1_689' title='bbox 1644 2831 1837 2869; x_wconf 77' lang='grc' dir='ltr'>ἐλεύσεται·</span> <span class='ocrx_word' id='word_1_690' title='bbox 1872 2830 1952 2878; x_wconf 80' lang='grc' dir='ltr'>καὶ,</span> <span class='ocrx_word' id='word_1_691' title='bbox 1993 2830 2081 2868; x_wconf 72' lang='grc' dir='ltr'>Ἰδοὺ</span> <span class='ocrx_word' id='word_1_692' title='bbox 2125 2831 2244 2883; x_wconf 75' lang='grc' dir='ltr'>ἄνδρες</span> <span class='ocrx_word' id='word_1_693' title='bbox 2277 2831 2336 2870; x_wconf 83' lang='grc' dir='ltr'>δύο</span> 
     </span>
    </p>
   </div>
   <div class='ocr_carea' id='block_1_18' title="bbox 262 2888 2336 2944">
    <p class='ocr_par' dir='ltr' id='par_1_19' title="bbox 262 2888 2336 2944">
     <span class='ocr_line' id='line_1_96' title="bbox 262 2888 2336 2944; baseline 0.001 -17"><span class='ocrx_word' id='word_1_694' title='bbox 262 2890 411 2936; x_wconf 78' lang='lat' dir='ltr'>coelum,</span> <span class='ocrx_word' id='word_1_695' title='bbox 429 2893 483 2927; x_wconf 83' lang='lat' dir='ltr'>sic</span> <span class='ocrx_word' id='word_1_696' title='bbox 499 2891 647 2928; x_wconf 83' lang='lat' dir='ltr'>veniet‚·</span> <span class='ocrx_word' id='word_1_697' title='bbox 663 2897 710 2937; x_wconf 88' lang='lat' dir='ltr'>et,</span> <span class='ocrx_word' id='word_1_698' title='bbox 724 2889 825 2926; x_wconf 86' lang='lat' dir='ltr'>Ecce</span> <span class='ocrx_word' id='word_1_699' title='bbox 837 2888 913 2925; x_wconf 85' lang='lat' dir='ltr'>duo</span> <span class='ocrx_word' id='word_1_700' title='bbox 928 2891 1006 2925; x_wconf 79' lang='lat' dir='ltr'>viri</span> <span class='ocrx_word' id='word_1_701' title='bbox 1017 2890 1248 2928; x_wconf 80' lang='lat' dir='ltr'>adstiterunt</span> <span class='ocrx_word' id='word_1_702' title='bbox 1271 2901 1294 2930; x_wconf 86' lang='lat' dir='ltr'>C</span> <span class='ocrx_word' id='word_1_703' title='bbox 1317 2891 1607 2943; x_wconf 82' lang='grc' dir='ltr'>παρειστήκεισαν</span> <span class='ocrx_word' id='word_1_704' title='bbox 1637 2892 1765 2934; x_wconf 76' lang='grc' dir='ltr'>αὐτοῖς.</span> <span class='ocrx_word' id='word_1_705' title='bbox 1785 2890 1953 2933; x_wconf 83' lang='grc' dir='ltr'>Εἰκότως.</span> <span class='ocrx_word' id='word_1_706' title='bbox 1975 2890 2061 2928; x_wconf 78' lang='grc' dir='ltr'>Ἐπὶ</span> <span class='ocrx_word' id='word_1_707' title='bbox 2081 2890 2251 2941; x_wconf 86' lang='grc' dir='ltr'>στόματος</span> <span class='ocrx_word' id='word_1_708' title='bbox 2267 2891 2336 2944; x_wconf 82' lang='grc' dir='ltr'>γὰρ</span> 
     </span>
    </p>
   </div>
   <div class='ocr_carea' id='block_1_19' title="bbox 246 3022 1261 3368">
    <p class='ocr_par' dir='ltr' id='par_1_20' title="bbox 255 3022 1261 3169">
     <span class='ocr_line' id='line_1_97' title="bbox 301 3022 1261 3067; baseline 0.002 -11"><span class='ocrx_word' id='word_1_709' title='bbox 301 3026 319 3050; x_wconf 84' lang='lat' dir='ltr'>d</span> <span class='ocrx_word' id='word_1_710' title='bbox 350 3025 521 3067; x_wconf 79' lang='lat' dir='ltr'>Interpres</span> <span class='ocrx_word' id='word_1_711' title='bbox 547 3028 733 3065; x_wconf 69' lang='grc' dir='ltr'>κολαζόντων</span> <span class='ocrx_word' id='word_1_712' title='bbox 758 3022 872 3066; x_wconf 84' lang='lat' dir='ltr'>legisse</span> <span class='ocrx_word' id='word_1_713' title='bbox 896 3022 1050 3065; x_wconf 82' lang='lat' dir='ltr'>videtur,</span> <span class='ocrx_word' id='word_1_714' title='bbox 1080 3026 1135 3067; x_wconf 87' lang='lat' dir='ltr'>qui</span> <span class='ocrx_word' id='word_1_715' title='bbox 1160 3027 1261 3058; x_wconf 78' lang='lat' dir='ltr'>vertit.</span> 
     </span>
     <span class='ocr_line' id='line_1_98' title="bbox 258 3074 1259 3122; baseline 0.003 -14"><span class='ocrx_word' id='word_1_716' title='bbox 258 3079 503 3120; x_wconf 77' lang='lat' dir='ltr'>castigantium.</span> <span class='ocrx_word' id='word_1_717' title='bbox 531 3077 655 3108; x_wconf 74' lang='lat' dir='ltr'>Nostra</span> <span class='ocrx_word' id='word_1_718' title='bbox 683 3074 783 3107; x_wconf 84' lang='lat' dir='ltr'>lectio</span> <span class='ocrx_word' id='word_1_719' title='bbox 811 3086 887 3107; x_wconf 87' lang='lat' dir='ltr'>cum</span> <span class='ocrx_word' id='word_1_720' title='bbox 917 3075 1127 3117; x_wconf 82' lang='lat' dir='ltr'>sequentibus</span> <span class='ocrx_word' id='word_1_721' title='bbox 1157 3081 1259 3122; x_wconf 74' lang='lat' dir='ltr'>magis</span> 
     </span>
     <span class='ocr_line' id='line_1_99' title="bbox 255 3126 1124 3169; baseline 0.001 -9"><span class='ocrx_word' id='word_1_722' title='bbox 255 3127 440 3160; x_wconf 80' lang='lat' dir='ltr'>consentire</span> <span class='ocrx_word' id='word_1_723' title='bbox 460 3127 602 3159; x_wconf 83' lang='lat' dir='ltr'>videtur.</span> <span class='ocrx_word' id='word_1_724' title='bbox 621 3126 684 3159; x_wconf 84' lang='lat' dir='ltr'>Illa</span> <span class='ocrx_word' id='word_1_725' title='bbox 701 3134 811 3158; x_wconf 82' lang='lat' dir='ltr'>tamen</span> <span class='ocrx_word' id='word_1_726' title='bbox 829 3126 892 3159; x_wconf 84' lang='lat' dir='ltr'>alia</span> <span class='ocrx_word' id='word_1_727' title='bbox 908 3126 985 3159; x_wconf 81' lang='lat' dir='ltr'>ferri</span> <span class='ocrx_word' id='word_1_728' title='bbox 1003 3136 1124 3169; x_wconf 86' lang='lat' dir='ltr'>posset.</span> 
     </span>
    </p>

    <p class='ocr_par' dir='ltr' id='par_1_21' title="bbox 296 3177 1042 3224">
     <span class='ocr_line' id='line_1_100' title="bbox 296 3177 1042 3224; baseline -0.003 -11"><span class='ocrx_word' id='word_1_729' title='bbox 296 3185 307 3199; x_wconf 71' lang='lat'><em>²</em></span> <span class='ocrx_word' id='word_1_730' title='bbox 332 3180 449 3224; x_wconf 64' lang='grc' dir='ltr'>[φθάσῃ</span> <span class='ocrx_word' id='word_1_731' title='bbox 464 3179 518 3217; x_wconf 84' lang='grc'>1).,</span> <span class='ocrx_word' id='word_1_732' title='bbox 536 3186 636 3219; x_wconf 77' lang='lat' dir='ltr'>recte⁷</span> <span class='ocrx_word' id='word_1_733' title='bbox 652 3185 689 3209; x_wconf 82' lang='lat' dir='ltr'>ut</span> <span class='ocrx_word' id='word_1_734' title='bbox 706 3177 850 3210; x_wconf 89' lang='lat' dir='ltr'>videtur.</span> <span class='ocrx_word' id='word_1_735' title='bbox 870 3184 971 3224; x_wconf 66' lang='grc' dir='ltr'>φθάσει</span> <span class='ocrx_word' id='word_1_736' title='bbox 987 3178 1042 3223; x_wconf 85' lang='grc' dir='ltr'>Α.]</span> 
     </span>
    </p>

    <p class='ocr_par' dir='ltr' id='par_1_22' title="bbox 293 3228 801 3267">
     <span class='ocr_line' id='line_1_101' title="bbox 293 3228 801 3267; baseline 0 -5"><span class='ocrx_word' id='word_1_737' title='bbox 293 3231 307 3255; x_wconf 80' lang='lat' dir='ltr'>s</span> <span class='ocrx_word' id='word_1_738' title='bbox 331 3228 446 3262; x_wconf 82' lang='lat' dir='ltr'>Morel.</span> <span class='ocrx_word' id='word_1_739' title='bbox 465 3235 499 3263; x_wconf 75' lang='grc' dir='ltr'>τὸ</span> <span class='ocrx_word' id='word_1_740' title='bbox 516 3233 617 3267; x_wconf 74' lang='grc' dir='ltr'>τέλος,</span> <span class='ocrx_word' id='word_1_741' title='bbox 637 3228 708 3262; x_wconf 76' lang='grc' dir='ltr'>ἀλλ’</span> <span class='ocrx_word' id='word_1_742' title='bbox 726 3232 801 3262; x_wconf 65' lang='grc' dir='ltr'>οὐδέ.</span> 
     </span>
    </p>

    <p class='ocr_par' dir='ltr' id='par_1_23' title="bbox 246 3279 1256 3368">
     <span class='ocr_line' id='line_1_102' title="bbox 295 3279 1256 3368; baseline 0.006 -55"><span class='ocrx_word' id='word_1_743' title='bbox 295 3282 347 3368; x_wconf 69' lang='lat'>*][</span> <span class='ocrx_word' id='word_1_744' title='bbox 362 3283 415 3313; x_wconf 80' lang='lat' dir='ltr'>Ita</span> <span class='ocrx_word' id='word_1_745' title='bbox 429 3282 469 3314; x_wconf 92' lang='lat' dir='ltr'>D.</span> <span class='ocrx_word' id='word_1_746' title='bbox 486 3279 576 3312; x_wconf 75' lang='lat' dir='ltr'>Editi</span> <span class='ocrx_word' id='word_1_747' title='bbox 592 3286 642 3315; x_wconf 80' lang='grc' dir='ltr'>καὶ</span> <span class='ocrx_word' id='word_1_748' title='bbox 665 3286 738 3325; x_wconf 72' lang='grc' dir='ltr'>πρὸς</span> <span class='ocrx_word' id='word_1_749' title='bbox 752 3285 823 3315; x_wconf 71' lang='grc' dir='ltr'>αὐτὸ</span> <span class='ocrx_word' id='word_1_750' title='bbox 838 3286 1033 3326; x_wconf 69' lang='grc' dir='ltr'>ἀπεκρίνατο,</span> <span class='ocrx_word' id='word_1_751' title='bbox 1050 3286 1189 3327; x_wconf 67' lang='grc' dir='ltr'>λήψεσθε,</span> <span class='ocrx_word' id='word_1_752' title='bbox 1209 3290 1256 3319; x_wconf 70' lang='grc' dir='ltr'>λε’-</span> 
     </span>
     <span class='ocr_line' id='line_1_103' title="bbox 246 3342 312 3368; baseline -0.03 -9"><span class='ocrx_word' id='word_1_753' title='bbox 246 3342 312 3368; x_wconf 65' lang='lat'>7027.</span> 
     </span>
    </p>
   </div>
   <div class='ocr_carea' id='block_1_20' title="bbox 1325 3025 2336 3324">
    <p class='ocr_par' dir='ltr' id='par_1_24' title="bbox 1325 3025 2336 3225">
     <span class='ocr_line' id='line_1_104' title="bbox 1369 3025 2336 3070; baseline 0.006 -13"><span class='ocrx_word' id='word_1_754' title='bbox 1369 3036 1382 3051; x_wconf 71' lang='lat' dir='ltr'>n</span> <span class='ocrx_word' id='word_1_755' title='bbox 1408 3026 1544 3069; x_wconf 83' lang='lat' dir='ltr'>[Longe</span> <span class='ocrx_word' id='word_1_756' title='bbox 1560 3026 1655 3058; x_wconf 81' lang='lat' dir='ltr'>aliter</span> <span class='ocrx_word' id='word_1_757' title='bbox 1677 3025 1817 3058; x_wconf 80' lang='lat' dir='ltr'>habetur</span> <span class='ocrx_word' id='word_1_758' title='bbox 1839 3025 1931 3058; x_wconf 85' lang='lat' dir='ltr'>locus</span> <span class='ocrx_word' id='word_1_759' title='bbox 1955 3027 1987 3057; x_wconf 86' lang='lat' dir='ltr'>in</span> <span class='ocrx_word' id='word_1_760' title='bbox 2005 3027 2046 3058; x_wconf 93' lang='lat' dir='ltr'>D.</span> <span class='ocrx_word' id='word_1_761' title='bbox 2065 3031 2140 3060; x_wconf 73' lang='grc' dir='ltr'>ὥστε</span> <span class='ocrx_word' id='word_1_762' title='bbox 2160 3030 2268 3070; x_wconf 74' lang='grc' dir='ltr'>δεῖξαι,</span> <span class='ocrx_word' id='word_1_763' title='bbox 2288 3036 2336 3066; x_wconf 69' lang='grc' dir='ltr'>ὅτι</span> 
     </span>
     <span class='ocr_line' id='line_1_105' title="bbox 1327 3078 2333 3123; baseline 0.006 -14"><span class='ocrx_word' id='word_1_764' title='bbox 1327 3083 1363 3114; x_wconf 74' lang='grc' dir='ltr'>εἰς</span> <span class='ocrx_word' id='word_1_765' title='bbox 1380 3083 1430 3111; x_wconf 72' lang='grc' dir='ltr'>τὸν</span> <span class='ocrx_word' id='word_1_766' title='bbox 1446 3082 1511 3123; x_wconf 59' lang='lat' dir='ltr'>obp.</span> <span class='ocrx_word' id='word_1_767' title='bbox 1531 3084 1577 3110; x_wconf 67' lang='grc' dir='ltr'>ἀν.</span> <span class='ocrx_word' id='word_1_768' title='bbox 1596 3083 1645 3112; x_wconf 78' lang='grc' dir='ltr'>καὶ</span> <span class='ocrx_word' id='word_1_769' title='bbox 1663 3085 1780 3119; x_wconf 72' lang='grc' dir='ltr'>σκόπει,</span> <span class='ocrx_word' id='word_1_770' title='bbox 1798 3087 1860 3115; x_wconf 80' lang='grc' dir='ltr'>πῶς</span> <span class='ocrx_word' id='word_1_771' title='bbox 1877 3083 1925 3111; x_wconf 82' lang='grc' dir='ltr'>καὶ</span> <span class='ocrx_word' id='word_1_772' title='bbox 1946 3078 2029 3114; x_wconf 77' lang='grc' dir='ltr'>οὗτος</span> <span class='ocrx_word' id='word_1_773' title='bbox 2050 3083 2123 3123; x_wconf 74' lang='grc' dir='ltr'>ὅπερ</span> <span class='ocrx_word' id='word_1_774' title='bbox 2147 3083 2161 3113; x_wconf 86' lang='grc' dir='ltr'><strong>ὁ</strong></span> <span class='ocrx_word' id='word_1_775' title='bbox 2178 3084 2265 3114; x_wconf 65' lang='grc' dir='ltr'>Δαέὶδ</span> <span class='ocrx_word' id='word_1_776' title='bbox 2286 3098 2333 3115; x_wconf 82' lang='grc' dir='ltr'>νε-</span> 
     </span>
     <span class='ocr_line' id='line_1_106' title="bbox 1325 3133 2328 3175; baseline 0.005 -14"><span class='ocrx_word' id='word_1_777' title='bbox 1325 3133 1397 3172; x_wconf 62' lang='grc' dir='ltr'>φέλη</span> <span class='ocrx_word' id='word_1_778' title='bbox 1415 3134 1463 3162; x_wconf 79' lang='grc' dir='ltr'>καὶ</span> <span class='ocrx_word' id='word_1_779' title='bbox 1479 3137 1581 3175; x_wconf 50' lang='grc' dir='ltr'>γνόφος</span> <span class='ocrx_word' id='word_1_780' title='bbox 1593 3133 1688 3173; x_wconf 64' lang='grc' dir='ltr'>κύκλῳ</span> <span class='ocrx_word' id='word_1_781' title='bbox 1706 3134 1795 3164; x_wconf 73' lang='grc' dir='ltr'>αὑτοῦ</span> <span class='ocrx_word' id='word_1_782' title='bbox 1811 3145 1895 3173; x_wconf 71' lang='grc' dir='ltr'>φησι,</span> <span class='ocrx_word' id='word_1_783' title='bbox 1908 3134 1996 3163; x_wconf 77' lang='grc' dir='ltr'>τοῦτο</span> <span class='ocrx_word' id='word_1_784' title='bbox 2013 3138 2059 3163; x_wconf 75' lang='grc' dir='ltr'>νῦν</span> <span class='ocrx_word' id='word_1_785' title='bbox 2076 3133 2158 3169; x_wconf 77' lang='grc' dir='ltr'>δηλοῖ</span> <span class='ocrx_word' id='word_1_786' title='bbox 2172 3141 2214 3175; x_wconf 85' lang='grc' dir='ltr'>τῷ</span> <span class='ocrx_word' id='word_1_787' title='bbox 2228 3138 2328 3173; x_wconf 75' lang='grc' dir='ltr'>εἰπεῖν,</span> 
     </span>
     <span class='ocr_line' id='line_1_107' title="bbox 1327 3181 1406 3225; baseline 0 -13"><span class='ocrx_word' id='word_1_788' title='bbox 1327 3181 1406 3225; x_wconf 47' lang='lat' dir='ltr'>veja]</span> 
     </span>
    </p>

    <p class='ocr_par' dir='ltr' id='par_1_25' title="bbox 1328 3231 2330 3324">
     <span class='ocr_line' id='line_1_108' title="bbox 1361 3231 2330 3276; baseline 0.005 -13"><span class='ocrx_word' id='word_1_789' title='bbox 1361 3231 1378 3254; x_wconf 62' lang='grc' dir='ltr'>Ι)</span> <span class='ocrx_word' id='word_1_790' title='bbox 1402 3231 1516 3265; x_wconf 85' lang='lat' dir='ltr'>Morel.</span> <span class='ocrx_word' id='word_1_791' title='bbox 1535 3238 1570 3266; x_wconf 83' lang='grc' dir='ltr'>τὸ</span> <span class='ocrx_word' id='word_1_792' title='bbox 1591 3237 1762 3275; x_wconf 75' lang='grc' dir='ltr'>βασιλικόν·</span> <span class='ocrx_word' id='word_1_793' title='bbox 1785 3235 1862 3276; x_wconf 80' lang='grc' dir='ltr'>μηδὲ</span> <span class='ocrx_word' id='word_1_794' title='bbox 1884 3237 1918 3267; x_wconf 82' lang='grc' dir='ltr'>τὸ</span> <span class='ocrx_word' id='word_1_795' title='bbox 1944 3236 2016 3267; x_wconf 76' lang='grc' dir='ltr'>αὐτὸ</span> <span class='ocrx_word' id='word_1_796' title='bbox 2038 3238 2180 3273; x_wconf 70' lang='grc' dir='ltr'>πάθωσιν,</span> <span class='ocrx_word' id='word_1_797' title='bbox 2199 3236 2330 3268; x_wconf 79' lang='lat' dir='ltr'>omissis</span> 
     </span>
     <span class='ocr_line' id='line_1_109' title="bbox 1328 3281 1656 3324; baseline 0.003 -12"><span class='ocrx_word' id='word_1_798' title='bbox 1328 3281 1540 3324; x_wconf 80' lang='lat' dir='ltr'>interpositis,</span> <span class='ocrx_word' id='word_1_799' title='bbox 1561 3282 1656 3315; x_wconf 80' lang='lat' dir='ltr'>male.</span> 
     </span>
    </p>
   </div>
  </div>
 </body>
</html>
