2502 3810
228 1371 320 1398 Lauta

135 1421 231 1439 mensa
277 1415 320 1439 vi-

136 1459 297 1489 tuperatur.

330 250 418 293 502
816 257 854 286 s.
889 253 1069 286 1οΑΝΝ15
1105 250 1348 282 01111Υ505Τ.
1387 251 1591 281 1111011101).
1628 251 1986 283 consummor.

327 343 394 389 dit,
408 351 440 380 et
459 338 679 393 splendorem
698 334 853 373 corrodit
871 342 1062 382 caeteraque
1077 332 1208 370 omnia.
1225 331 1307 377 Qua

327 412 401 439 arte
427 400 505 450 quis
523 399 614 435 113110
639 394 841 444 rubiginem
860 391 1088 429 absterserit?
1118 392 1306 428 AErumna-

328 475 408 497 rum
422 468 497 496 eote
510 473 517 494 :
530 457 600 493 illae
616 454 739 491 utilem
749 452 902 489 reddunt
918 452 1071 489 animam
1091 460 1123 489 et
1140 452 1176 489 in
1193 451 1307 489 omni-

326 520 393 556 bus
420 515 635 567 expeditam.
658 511 846 558 Quomodo
874 511 982 559 enim,
1015 526 1144 561 quaeso,
1175 511 1307 563 poterit

327 578 412 616 vitia
435 573 628 622 succidere,
643 573 805 610 hebetata
829 570 917 619 acie,
933 580 966 608 et
989 571 1090 621 quasi
1117 572 1307 623 plumbum

325 632 674 683 1·essexa?quomod0
700 632 885 670 diabolum
911 631 1116 669 confodiet?
1140 632 1197 670 eui
1235 646 1306 670 non

326 707 377 735 est
395 697 554 747 ingratus
565 695 672 732 homo
692 694 752 746 qui
768 693 979 747 pinguedini
997 694 1130 743 studet,
1146 709 1187 732 ae
1206 694 1307 734 velut

325 759 439 809 phoca
458 756 640 808 trahitur?

380 880 415 916 5.
445 879 524 915 Non
543 877 610 915 1100
627 875 708 915 dieo
728 875 772 914 de
790 876 847 927 iis,
873 876 936 927 qui
957 884 1083 914 natura
1101 876 1189 914 tales
1209 885 1306 926 sunt,

328 939 390 976 sed
410 938 455 976 de
470 938 525 987 iis,
545 937 606 988 qui
625 952 670 975 ex
685 937 847 975 ciborum
870 936 1007 974 deliciis
1026 937 1111 974 talia
1133 937 1203 975 sibi
1227 952 1309 975 cor-

329 1013 415 1051 pora
431 1008 571 1051 parant,
593 1013 674 1035 eum
702 1006 826 1034 natura
843 1012 905 1035 sua
925 997 1073 1049 graciles
1097 1007 1221 1035 essent.
1243 999 1311 1035 Or-

331 1069 388 1096 tus
406 1068 456 1097 est
480 1059 547 1109 sol,
566 1058 682 1096 radios
704 1058 834 1108 ubique
860 1057 1067 1109 splendidos
1084 1057 1222 1106 effudit,
1241 1058 1313 1095 5111-

332 1119 433 1170 gulos
450 1118 496 1155 ad
524 1132 629 1170 opera
657 1118 850 1155 excitavit:
871 1118 1025 1168 agricola
1053 1127 1169 1155 sumto
1195 1118 1314 1169 ligone

332 1181 418 1229 exit,
438 1180 582 1217 aerarius
602 1179 770 1216 malleum
788 1179 1036 1231 apprehendit,
1068 1179 1200 1230 singuli
1229 1180 1314 1217 arti-

333 1241 415 1278 fices
432 1254 508 1291 qua}
529 1240 597 1277 sibi
611 1249 830 1290 congruunt,
849 1248 882 1276 et
897 1254 1072 1290 quemque
1087 1240 1245 1278 invenies
1260 1240 1315 1278 in-

334 1310 527 1338 strumenta
538 1315 599 1338 sua
611 1310 819 1338 tractantem
829 1316 839 1349 3
854 1300 981 1337 mulier
997 1302 1113 1338 colum
1129 1302 1185 1338 vel
1201 1310 1315 1338 textu-

336 1376 412 1399 ram
433 1362 559 1413 arripit
577 1378 584 1399 :
602 1361 661 1398 ille
679 1370 796 1398 31110111
811 1375 948 1398 5111111110
963 1375 1064 1398 mane
1075 1362 1174 1411 quasi
1190 1376 1316 1412 porcus

336 1423 383 1460 ad
410 1422 625 1474 pascendum
649 1431 807 1460 ventrem
839 1422 927 1470 exit,
952 1436 1111 1472 quaerens
1137 1423 1316 1472 quomodo

334 1484 468 1520 lautam
484 1492 583 1534 paret
600 1497 766 1520 mensam.
786 1482 894 1532 Atqui
907 1483 1093 1520 brutorum
1109 1493 1160 1520 est
1179 1492 1316 1520 tantum

335 1560 354 1583 a
374 1560 512 1583 summo
541 1559 642 1582 mane
659 1545 779 1582 eibum
801 1544 911 1590 adire,
934 1545 1015 1595 quia
1041 1544 1086 1582 ad
1105 1545 1194 1582 nihil
1215 1546 1317 1583 utilia

334 1615 428 1653 sunt,
459 1605 527 1642 nisi
557 1605 604 1642 ad
631 1604 890 1642 mactationem.
913 1605 978 1641 Illa
1012 1619 1095 1642 vero
1115 1620 1192 1655 (111ῖο
1213 1605 1317 1643 dorso

335 1675 485 1716 gestant,
507 1674 539 1702 et
555 1666 652 1716 operi
668 1674 749 1716 apta
770 1673 862 1712 sunt,
882 1664 958 1715 ipsa
978 1679 1119 1714 quoque
1140 1674 1246 1702 noctu
1270 1666 1318 1703 ad

334 1740 424 1776 opus
442 1724 686 1774 egrediuntur.
708 1723 773 1760 Hie
790 1732 908 1760 autem
928 1738 945 1760 a
959 1723 1048 1760 lecto
1067 1738 1225 1774 surgens,
1247 1725 1320 1762 sole

333 1786 448 1822 surum
465 1785 633 1836 replente,
653 1793 685 1821 et
708 1784 872 1821 omnihus
896 1784 1019 1821 labore
1037 1785 1184 1832 satiatis,
1204 1785 1322 1836 surgit

334 1860 368 1883 se
399 1845 601 1883 distendens
632 1844 729 1895 quasi
759 1858 887 1896 porcus
914 1844 1104 1895 saginatus,
1132 1854 1321 1896 postquam

333 1911 503 1963 optimam
521 1910 592 1947 diei
606 1919 739 1961 partem
755 1909 789 1946 in
802 1908 953 1946 tenebris
965 1910 1169 1947 consumsit.
1184 1910 1322 1949 Deinde

334 1977 445 2013 multo
464 1975 669 2027 temporem
688 1975 776 2012 10010
796 1974 903 2022 50(101,
920 1989 983 2012 nec
1002 1984 1116 2026 potest
1135 1990 1228 2027 scepe
1243 1990 1320 2014 cor-

335 2057 401 2094 pus
415 2042 580 2092 colligere
592 2056 612 2078 a
625 2041 825 2092 vespertina
839 2041 998 2092 crapula,
1014 2041 1050 2078 in
1064 2041 1120 2079 his
1134 2052 1319 2080 consumta

337 2111 494 2147 maxima
510 2108 678 2160 temporis
698 2117 808 2159 parte.
827 2107 920 2143 Hine
934 2121 1006 2144 sese
1021 2118 1183 2157 exornat,
1196 2118 1228 2146 et
1242 2123 1320 2161 pro-

337 2177 431 2214 cedit
448 2175 680 2228 turpitudinis
699 2174 953 2226 spectaculum,
973 2175 1064 2211 nihil
1090 2176 1224 2213 habens
1252 2177 1320 2213 ho-

338 2243 458 2291 minis,
481 2242 541 2280 sed
561 2241 676 2278 omnia
693 2240 952 2277 hominiformis
971 2239 1092 2277 bestiae
1112 2257 1119 2276 ε
1139 2241 1233 2278 001111
1251 2242 1323 2293 lip-

338 2308 455 2359 piunt,
494 2306 618 2344 x‘inum
659 2320 695 2342 os
727 2305 820 2354 olet,
845 2304 972 2341 misera
1006 2305 1123 2343 anima
1156 2307 1257 2356 quasi
1287 2306 1323 2344 in

339 2374 469 2410 lectum
501 2373 655 2423 conjecta
688 2372 734 2408 ob
760 2372 893 2409 illatam
921 2373 995 2410 sine
1027 2372 1132 2409 modo
1162 2373 1324 2410 ciborum

342 2439 529 2486 sarcinam,
548 2437 663 2476 earnis
689 2437 826 2489 pondus
859 2438 1106 2475 circumferens
1138 2437 1230 2475 sicut
1255 2438 1324 2476 ele-

341 2508 441 2559 1111115.
459 2505 596 2543 Deinde
614 2505 758 2543 veniens
774 2505 810 2542 in
824 2505 910 2542 locis
931 2505 1039 2553 sedet,
1060 2504 1216 2554 taliaque
1235 2505 1324 2543 dicit

341 2583 374 2611 et
394 2574 487 2621 facit,
505 2582 543 2610 ut
563 2572 689 2610 melius
706 2580 792 2609 esset
819 2571 976 2609 dormire
1003 2571 1119 2620 illum,
1143 2586 1252 2622 quam
1266 2571 1323 2611 Vi-

342 2641 462 2691 gilare.
483 2640 519 2677 Si
542 2638 667 2689 gravia
685 2636 903 2684 nuntientur,
928 2637 1047 2688 puella
1066 2637 1194 2687 quavis
1214 2637 1325 2689 trepi-

341 2707 420 2744 dior
439 2716 507 2756 est,
529 2706 557 2742 si
576 2706 700 2752 fausta,
733 2717 843 2755 puero
863 2703 988 2754 quovis
1016 2703 1148 2741 laxior:
1165 2704 1325 2754 frequen-

345 2773 475 2810 tissime
495 2772 632 2810 0501131.
659 2771 836 2810 Omnibus
854 2779 990 2822 prostat
1010 2770 1102 2807 mala
1115 2770 1242 2808 inferre
1262 2785 1325 2810 Vo-

344 2843 510 2889 lentibus,
528 2842 555 2879 51
582 2856 650 2878 11011
677 2840 898 2886 hominibus,
927 2849 1019 2877 certe
1038 2840 1224 2878 aflectibus
1243 2856 1250 2876 :
1272 2850 1325 2878 ta-

343 2910 412 2946 lem
432 2908 611 2945 hominem
629 2907 732 2944 facile
752 2906 911 2943 excitant
935 2906 1004 2955 ira,
1030 2906 1323 2955 eoncumseentia,

343 2975 491 3024 invidia,
526 2974 655 3011 01111113.
673 2974 805 3010 Omnes
834 2972 1036 3021 adulantur,
1065 2986 1184 3009 omnes
1221 2972 1325 3010 mini-

340 3051 468 3091 strant,
498 3041 696 3078 molliorem
728 3039 831 3077 solito
865 3037 1049 3075 reddentes
1081 3039 1235 3075 animam
1255 3054 1262 3074 :
1292 3048 1326 3077 et

342 3109 502 3161 quotidie
521 3108 641 3161 prodit
664 3121 745 3145 cum
771 3119 897 3157 magna
917 3104 1112 3143 accessione
1132 3105 1262 3142 morbi.
1284 3105 1323 3143 Si

344 3176 378 3212 111
399 3175 621 3225 negotiorum
637 3173 887 3210 difficultatem
910 3170 1058 3221 incidat,
1077 3170 1196 3223 pulvis
1219 3179 1251 3208 ct
1275 3170 1323 3208 ei-

388 3325 397 3336 ⁶
420 3321 510 3363 [περὶ
526 3328 581 3352 τῶν
597 3326 639 3359 μή
661 3324 686 3352 λ,
705 3321 743 3353 D.
763 3326 793 3351 ct
811 3317 988 3360 Commcl]

389 3383 399 3395 C
425 3371 483 3402 Alii
500 3376 522 3403 οἶ
539 3379 643 3416 χοῖροι·

1328 1457 1376 1521 2113
1389 1478 1559 1530 τράπεζαν
1577 1480 1748 1525 πολυτελῆ
1765 1479 2031 1517 κατασκευάσει.
2053 1478 2176 1515 Καίτοι
2189 1480 2256 1516 τῶν
2275 1477 2408 1528 ἀλόγων

1379 334 1487 378 αὐτῆς
1509 338 1735 384 καταχεῖται,
1753 333 1813 371 καὶ
1837 333 1964 385 τρώγει
1992 335 2055 380 τήν
2091 351 2127 373 τε
2162 333 2395 385 λαμπρότητα

1379 391 1438 429 καὶ
1451 391 1495 429 τὰ
1515 392 1604 429 ἄλλα
1622 392 1749 430 πάντα.
1772 392 1853 430 Τίνι
1871 389 1928 430 οῧν
1955 394 1996 431 ἄν
2018 411 2070 437 τις
2091 399 2208 433 τοῦτον
2231 393 2397 443 ἀποσμή-

1379 450 1444 494 ξειε
1465 451 1522 489 τὸν
1540 450 1611 498 ἰόν,
1632 452 1689 502 Ἱῆ
1704 454 1773 489 τῶν
1792 452 1939 503 θλίψεων
1958 453 2063 506 ἀκόνῃ
2077 470 2084 477 ·
2107 446 2395 506 αὗται-χρήσιμον

1377 511 1579 562 ἐργάζονται
1603 511 1667 558 τὴν
1689 510 1804 563 ψυχὴν
1822 512 1881 549 καὶ
1898 514 1931 549 ἐν
1956 520 2061 550 πᾶσιν
2082 514 2290 560 ἐπιτηδείαν.
2314 515 2398 554 Πῶς

1376 571 1464 622 γὰρ,
1485 570 1560 609 εἶπέ
1579 587 1658 621 μοι,
1674 572 1859 618 δυνήσεται
1874 571 1919 609 τὰ
1935 572 2027 618 πάθη
2041 573 2191 623 τέμνειν,
2205 576 2267 618 τῆς
2283 575 2398 624 ἀκμῆς

1379 631 1654 682 ἀμὸλυνθείσης,
1674 631 1734 669 καὶ
1755 631 1927 682 μολύέδου
1954 631 2052 677 δίκην
2081 633 2398 683 ἐπανακαμπτομέ-

1379 708 1459 739 νης;
1491 694 1566 735 πῶς
1598 693 1655 730 τὸν
1679 692 1840 730 διάὸολον
1873 691 2020 744 τρώσει,
2039 692 2120 730 Τίνι
2150 692 2184 730 δὲ
2217 694 2279 730 οὐκ
2306 693 2399 731 ἔστιν

1380 752 1489 799 ἀηδὴς
1514 753 1694 805 ἄνθρωπος
1723 751 1959 804 πολυσαρκίαν
1990 754 2128 802 ἀσκῶν,
2156 751 2274 804 φώκης
2301 752 2399 799 δίκην

1381 813 1586 866 συρόμενος;

1434 876 1487 913 Οὐ
1506 875 1586 927 περὶ
1613 877 1680 913 τῶν
1705 875 1806 927 φύσει
1834 874 1940 913 ὄντων
1970 878 2069 913 τοῦτο
2091 873 2201 924 λέγω,
2217 872 2306 912 ἀλλὰ
2323 873 2403 926 περὶ

1381 938 1450 974 τῶν
1467 938 1506 974 ἐκ
1525 940 1586 982 τῆς
1603 938 1736 988 τρυφῆς
1756 939 1900 973 τοιαῦτα
1920 935 2254 973 κατασκευασάντων
2275 933 2319 971 τὰ
2335 933 2405 972 σώ-

1383 1013 1490 1047 ματα,
1518 997 1629 1048 *περὶ
1655 1000 1723 1034 τῶν
1753 999 1892 1035 λεπτῶν
1923 996 2014 1034 κατὰ
2037 996 2150 1048 φύσιν.
2178 995 2365 1034 Ἀνέτειλεν
2387 997 2405 1032 ὃ

1382 1056 1498 1103 ἥλιος,
1517 1056 1682 1110 λαμπρὰς
1701 1058 1814 1108 ἀφῆκε
1835 1060 2016 1108 πανταχοῦ
2042 1056 2104 1099 τὰς
2125 1058 2285 1102 ἀκτῖνας,
2304 1053 2405 1104 ἤγει-

1387 1132 1441 1168 ρεν
1458 1117 1601 1155 ἕκαστον
1623 1117 1679 1155 ἐπὶ
1699 1116 1742 1154 τὰ
1762 1118 1864 1168 ἔργα·
1881 1120 1897 1154 ὅ
1915 1117 2063 1168 γεωργὸς
2083 1115 2146 1162 τὴν
2167 1115 2327 1153 δίκελλαν
2343 1116 2407 1151 λα-

1387 1176 1456 1215 ὅὼν
1475 1176 1609 1223 ἔξεισιν,
1631 1179 1648 1214 ὃ
1665 1176 1884 1229 χαλκοτύπος
1898 1177 1960 1222 τὴν
1983 1182 2126 1229 σφῦραν,
2147 1176 2206 1214 καὶ
2222 1175 2260 1212 τὸ
2279 1174 2408 1212 κατάλ-

1385 1239 1490 1284 ληλον
1512 1237 1656 1280 ἕκαστος
1673 1240 1741 1275 τῶν
1762 1238 1993 1288 δημιουργῶν,
2012 1237 2072 1274 καὶ
2092 1236 2246 1287 εὓρή1εις
2262 1235 2405 1273 ἕκαστον

1386 1298 1432 1337 τὰ
1447 1301 1556 1337 οἰκεῖα
1573 1299 1702 1350 ὄργανα
1723 1298 2047 1350 μεταχειριζόμενον
2061 1313 2068 1321 ·
2083 1301 2104 1343 ἦ
2120 1297 2204 1347 γυνὴ
2225 1295 2406 1342 ἠλακάτην

1387 1358 1409 1404 ἢ
1431 1358 1475 1396 τὰ
1494 1359 1700 1410 ὑφάσματα·
1723 1359 1824 1401 αὐτὸς
1844 1358 1878 1396 δὲ
1904 1358 2062 1409 καθάπερ
2079 1362 2117 1395 ⁰6
2144 1364 2261 1409 χοῖρος
2286 1356 2408 1399 εὐθέως

1389 1418 1456 1455 ἀπὸ
1472 1418 1564 1470 πρωῒ
1581 1420 1637 1457 ἐπὶ
1659 1418 1786 1470 βοσκὴν
1808 1418 1910 1462 ἔξεισι
1931 1421 1992 1464 τῆς
2016 1419 2182 1470 γαστρὸς,
2202 1421 2312 1463 ζητῶν
2333 1420 2408 1460 πῶς

1390 1539 1464 1576 ἐστὶ
1491 1538 1592 1588 μόνον
1613 1539 1682 1576 ἀπὸ
1703 1537 1795 1588 πρωῒ
1823 1539 2005 1590 τρέφεσθαι
2021 1567 2030 1583 ,
2061 1538 2179 1584 ἐπειδὴ
2200 1539 2284 1590 πρὸς
2312 1538 2408 1576 οὐδέν

1390 1601 1463 1636 ἐστι
1482 1599 1663 1650 χρήσιμα,
1684 1598 1773 1636 ἀλλὰ
1790 1598 1875 1651 πρὸς
1889 1598 1928 1636 τὸ
1948 1599 2146 1650 σφάζεσθαι.
2172 1599 2230 1637 Τὰ
2250 1598 2285 1636 δὲ
2305 1614 2410 1637 νωτο-

1390 1657 1478 1710 φόρα
1497 1661 1607 1696 αὐτῶν
1624 1659 1682 1696 καὶ
1708 1658 1870 1710 ἐργασίαν
1895 1659 2134 1710 ἀναδεχόμενα
2153 1658 2212 1695 καί
2232 1659 2320 1696 αὐτὰ
2341 1658 2411 1696 ἀπὸ

1390 1720 1521 1755 νυκτῶν
1539 1718 1596 1755 ἐπὶ
1615 1718 1654 1755 τὸ
1674 1718 1771 1770 ἔργον
1801 1718 1937 1762 ἔξεισιν.
1960 1714 2071 1761 Οῧτος
2089 1719 2124 1757 δὲ
2148 1719 2217 1757 ἀπὸ
2235 1722 2297 1765 τῆς
2313 1721 2412 1765 εὐνῆς

1392 1778 1563 1825 ἀναστὰς,
1590 1783 1648 1816 τοῦ
1678 1779 1776 1824 ἡλίου
1803 1779 1866 1826 τὴν
1902 1779 2030 1831 ἀγορὰν
2059 1780 2323 1830 ἐμπλήσαντος,
2352 1779 2412 1817 καὶ

1391 1837 1530 1876 πάντων
1551 1838 1781 1891 κορεσθέντων
1799 1842 1862 1885 τῆς
1880 1840 2008 1883 οἷκείας
2025 1839 2187 1892 ἐργασίας
2201 1870 2210 1887 ,
2230 1840 2413 1878 ἀνίσταται

1394 1899 1662 1950 διατεινόμενος,
1700 1900 1859 1952 καθάπερ
1887 1901 1993 1943 ὄντως
2029 1895 2067 1944 ῧς
2099 1900 2341 1950 πιαινόμενος,
2374 1901 2413 1938 τὸ

1393 1961 1579 1998 κάλλιστον
1601 1963 1663 2006 τῆς
1689 1960 1822 2014 ἡμέρας
1842 1963 1876 1998 ἐν
1897 1961 2013 2000 σκότει
2039 1961 2301 2003 καταναλώσας.
2322 1955 2412 1999 Εἶτα

1393 2021 1544 2067 κάθηται
1566 2020 1674 2059 πολὺν
1705 2022 1762 2059 ἐπὶ
1789 2025 1850 2068 τῆς
1879 2024 1977 2069 εὐνῆς
1997 2022 2128 2075 καιρὸν,
2149 2022 2318 2066 πολλάκις
2338 2021 2413 2060 οὐδὲ

1394 2082 1412 2099 *
1429 2084 1620 2131 ἀνενεγκεῖν
1643 2082 1830 2132 δυνάμενος
1847 2082 1915 2120 ἀπὸ
1930 2086 1991 2128 τῆς
2010 2085 2192 2134 ἑσπερινῆς
2213 2082 2336 2131 με’ῡης,
2356 2098 2414 2120 κα-

1394 2141 1598 2184 ταναλώσας
1616 2143 1673 2180 τὸν
1691 2142 1832 2180 πλείονα
1851 2143 1971 2193 καιρὸν
1994 2145 2027 2181 ἓν
2047 2142 2190 2186 τούτοις.
2207 2136 2296 2180 Εἶτα
2322 2143 2413 2180 καλ-

1393 2201 1537 2244 λωπίζει
1564 2203 1695 2248 ἑαυτὸν,
1721 2203 1779 2240 καὶ
1805 2202 1958 2255 πρόεισιν
1985 2202 2231 2254 ἀσχημοσύνης
2260 2202 2415 2254 θέατρον,

1395 2261 1491 2298 οὐδὲν
1515 2261 1604 2313 ἔχων
1625 2262 1825 2315 ἀνθρώπου,
1846 2263 1936 2301 ἀλλὰ
1957 2264 2073 2301 πάντα
2099 2262 2217 2315 θηρίου
2238 2266 2415 2315 ἀνθρωπο-

1396 2321 1547 2373 μόρφου·
1566 2325 1596 2360 οἳ
1618 2323 1790 2374 ὀφθαλμοὶ
1809 2323 1941 2374 δίυγροι
1953 2353 1962 2369 ,
1977 2323 2067 2359 οἴνου
2085 2323 2124 2360 τὸ
2143 2323 2256 2372 στόμα
2276 2323 2415 2370 ἀπόζον,

1395 2386 1416 2427 ἡ
1434 2382 1653 2435 ταλαίπωρος
1673 2382 1766 2434 ψυχὴ
1795 2384 1953 2436 καθάπερ
1979 2383 2036 2419 ἐπὶ
2066 2383 2185 2429 κλίνης
2214 2383 2412 2434 βεῧλημένη

1395 2441 1461 2479 ὑπὸ
1477 2445 1538 2488 τῆς
1556 2443 1714 2493 ἀμέτρως
1733 2443 1940 2495 ἓ·[Αεομέ“κ“[,ς
1961 2442 2218 2495 ἑωλοκρασίας,
2245 2443 2283 2481 τὸ
2311 2444 2414 2495 μέγε-

1397 2506 1451 2545 θος
1471 2505 1538 2540 τῶν
1559 2507 1696 2553 σαρκῶν
1725 2503 1956 2556 περιφέρουσα
1985 2503 2142 2554 καθάπερ
2163 2503 2296 2555 ἐλέφας.
2326 2497 2415 2541 Εἶτα

1396 2562 1503 2600 ἐλθὼν
1517 2563 1664 2609 κάθηται
1683 2566 1716 2601 ἐν
1733 2564 1848 2606 τόποις
1861 2593 1869 2610 ,
1883 2564 1941 2600 καὶ
1955 2563 2048 2615 λέγει
2061 2569 2204 2602 τοιαῦτα
2223 2564 2282 2602 καὶ
2301 2571 2415 2613 ποιεῖ,

1396 2626 1442 2666 ὡς
1463 2624 1596 2674 βελτιον
1624 2619 1709 2662 εἶναι
1733 2624 1783 2662 ἔτι
1813 2624 1989 2662 καθεύδειν
2018 2625 2118 2662 αὗτὸν
2137 2624 2158 2670 ἢ
2179 2624 2414 2675 ἐγρηγορέναι.

1395 2683 1455 2721 Ἂν
1475 2685 1569 2722 δεινὰ
1589 2687 1783 2736 ἐπαγγελθῆ
1801 2714 1810 2732 ,
1828 2686 1955 2728 παντὸς
1974 2686 2136 2736 κορασίου
2168 2685 2414 2737 μαλακώτερος

1396 2745 1544 2796 γίνεται·
1565 2746 1604 2783 ἂν
1621 2745 1782 2798 χρηστὰ,
1803 2746 1930 2789 παντὸς
1945 2745 2083 2784 παιδίου
2104 2745 2330 2797 χαυνότερος·
2350 2746 2413 2797 χά-

1398 2822 1487 2855 σμης
1507 2808 1600 2858 αὐτῷ
1618 2811 1639 2854 ἦ
1661 2807 1736 2858 ὄψις
1753 2806 1864 2857 γέμει.
1889 2808 1982 2843 Πᾶσι
2001 2805 2183 2856 πρόκειται
2199 2812 2269 2849 τοῖς
2287 2808 2413 2856 βουλο-

1398 2866 1513 2916 μένοις
1528 2869 1643 2910 κακῶς
1659 2873 1781 2912 ποιεῖν,
1800 2869 1829 2903 εἰ
1849 2866 1908 2904 καὶ
1935 2865 1982 2915 μὴ
2000 2871 2069 2909 τοῖς
2090 2865 2301 2919 ἀνθρώποις,
2324 2866 2415 2905 ἀλλὰ

1396 2933 1466 2970 τοῖς
1487 2927 1635 2964 πάθεσι·
1655 2927 1713 2964 καὶ
1741 2926 1846 2977 θυμὸς
1877 2927 1933 2964 τὸν
1953 2929 2105 2963 τοιοῦτον
2126 2927 2249 2978 ἐγείρει
2271 2927 2414 2980 ῥαδίως,

1396 2987 1455 3025 καὶ
1472 2987 1654 3038 ἐπιθυμία,
1671 2988 1729 3025 καὶ
1760 2985 1931 3037 βασκανία
1947 3016 1955 3033 ,
1973 2985 2032 3023 καὶ
2053 2986 2179 3024 πάντα.
2201 2988 2336 3031 Πάντες
2352 3004 2413 3026 κο-

1396 3048 1577 3086 λακεύουσι
1588 3079 1597 3096 ,
1612 3049 1737 3091 πάντες
1753 3046 1997 3099 θεραπεύουσι,
2013 3047 2264 3101 μαλακωτέραν
2283 3049 2305 3094 ἤ
2321 3051 2413 3086 ἐστιν

1397 3109 1617 3161 ἐργαζόμενοι
1644 3108 1705 3156 τὴν
1741 3107 1873 3159 ψυχήν·
1895 3107 1954 3144 καὶ
1984 3109 2061 3145 καθ’
2099 3108 2248 3154 ἑκάστην
2275 3109 2411 3160 ἡμέραν

1395 3169 1549 3222 πρόεισι,
1567 3169 1654 3208 πολύ
1678 3185 1711 3207 τι
1740 3172 1800 3214 τῆς
1821 3167 1918 3206 νόσου
1949 3169 2243 3221 προσλαμὸάνων.
2271 3167 2329 3206 Ἂν
2363 3171 2411 3211 εἷς

1454 3317 1467 3333 ‘
1483 3315 1661 3359 [ἀνενεγκεῖν
1675 3314 1796 3356 codd„
1807 3314 1968 3348 Commcl.
1980 3323 2008 3347 01
2023 3314 2122 3348 Sat-il.
2136 3321 2256 3358 {vesta-tv
2272 3315 2405 3357 Memfi]
