2502 3810
699 263 742 291 IN
780 261 894 291 ACTA

75 345 298 393 μνησικακῶν
320 342 467 393 βλάπτει
493 342 548 379 τὸν
573 345 739 390 μισοῦντα
751 370 760 387 ,
779 344 824 384 ὡς
840 345 856 380 ὃ
872 343 1013 393 ὠφελῶν
1031 341 1090 378 καὶ

72 405 268 453 εὐεργετῶν.
289 405 543 448 4Μνησικοικῶν
576 402 662 454 γὰρ,
694 403 753 440 καὶ
781 403 898 441 ἑαυτὸν
932 405 1088 440 κάκεῖνον

73 463 220 515 {CM-tw
235 462 316 506 ἴσως
335 462 458 515 μικρόν
478 478 531 499 τι·
557 465 742 513 εὐεργετῶν
760 462 795 500 δὲ
807 493 816 510 ,
834 463 1006 514 ἄνθρακας
1022 478 1089 500 πυ-

930 261 956 290 A
962 259 1210 291 POSTOLORU
1216 261 1248 290 M
1257 281 1265 289 .

1305 260 1459 290 uOMIL.
1499 261 1540 289 L.

2045 243 2136 301 425

1160 341 1345 379 benefacit.
1365 340 1506 378 Etenim
1538 338 1598 390 qui
1628 339 1797 377 ultionem
1831 338 2032 387 meditatur,
2050 347 2082 375 et
2105 352 2140 376 se

1159 399 1257 438 laedit
1278 409 1311 439 et
1329 400 1432 438 illum
1455 400 1543 438 forte
1565 413 1692 451 parum
1703 414 1714 449 3
1732 398 1792 449 qui
1814 407 1931 436 autem
1950 398 2137 447 benefacit,

1159 460 1328 499 carbones
1348 460 1441 512 ignis
1464 459 1662 498 accumulat
1683 473 1788 511 super
1807 468 1913 511 caput
1934 459 2020 510 ejus.
2041 458 2138 509 Ergo

75 524 128 575 ρος
149 523 336 575 ἐσώρευσεν
358 524 415 561 ἐπὶ
438 523 501 568 τὴν
521 523 673 575 κεφαλὴν
689 525 803 560 αὐτοῦ.
832 525 965 561 Οὐκοῦν
986 525 1023 560 οὐ
1040 523 1148 568 321573
1161 519 1198 556 id
1212 520 1324 558 facere
1337 534 1406 559 non
1421 519 1602 569 debemus,
1613 533 1656 557 ne
1671 519 1932 557 accumulemus
1947 518 2140 556 carbones?

72 589 199 630 ποιεῖν,
229 583 352 635 φησὶν,
374 583 430 620 ἵνα
471 583 518 634 μὴ
555 583 758 635 σωρεύωμεν
787 582 977 634 ἄνθρακας;
997 582 1090 620 Ἀλλ’
1113 580 1138 609 Α
1157 579 1230 618 Sed
1262 580 1377 618 alione
1418 580 1523 619 modo
1549 580 1604 620 vis
1627 580 1794 618 carbones
1822 593 2008 631 congerere
2035 593 2140 630 super

73 644 196 695 ἑτέρως
216 645 273 681 ἐπὶ
292 643 354 690 τὴν
370 643 522 696 κεφαλὴν
550 644 613 689 τὴν
640 643 703 689 σὴν
726 643 897 694 ἄνθρακας
925 644 1087 696 σωρεύειν

73 705 197 751 θέλεις;
219 705 278 742 καὶ
306 705 373 756 γὰρ
401 709 502 743 τοῦτο
529 710 641 743 3ποιεῖ
667 704 896 754 μνησικακία.
920 704 1009 742 Ἀλλ’
1031 703 1088 742 ἐπὶ

72 768 188 803 πλεῖον
211 765 389 812 ἐκτείνειν,
420 766 592 814 Οὐδαμῶς
606 780 613 787 ·
634 765 671 802 οὔ
689 763 755 816 γὰρ
774 763 815 801 σὺ
844 767 945 801 τοῦτο
963 770 1087 810 ποιεῖς,

74 827 148 862 ἀλλ’
177 829 303 868 ἐκεῖνος
330 828 348 862 ὁ
377 824 560 876 θηριώδης.
581 826 625 862 Εἰ
643 824 709 875 γὰρ
741 822 996 874 εὐεργετοῦντός
1027 838 1087 861 σου

73 887 130 922 καὶ
157 890 325 936 τιμῶντος
357 886 416 923 καὶ
448 884 761 930 καταλλάττοντος,
782 883 878 934 μένει
908 882 1087 934 φυλάττων

72 948 197 989 ἐκεῖνος
213 945 274 991 τὴν
296 945 500 996 ἀπέχθειαν,
523 947 635 996 ἑαυτῷ
665 943 704 980 τὸ
729 947 798 996 πῧρ
824 944 971 993 ἀνῆψεν,
989 943 1088 985 αὐτὸς

71 1005 206 1055 ἔφλεξεν
233 1008 335 1043 αὑτοῦ
356 1004 418 1051 τὴν
444 1004 618 1055 κεφαλήν·
640 1002 680 1041 σὺ
711 1001 746 1038 δὲ
779 1002 929 1045 ἀναίτιος
954 996 995 1040 εἷ.
1025 1002 1085 1048 Μὴ

70 1065 163 1113 γίνου
193 1068 251 1102 τοῦ
283 1066 374 1102 Θεοῦ
402 1062 737 1115 φιλανθρωπότερος,
757 1062 831 1099 ἐπεὶ
854 1061 960 1114 μυρία
981 1061 1085 1112 πείσῃ

70 1125 182 1162 δεινά·
204 1125 334 1174 μᾶλλον
359 1123 417 1170 δὲ,
445 1124 513 1160 οὐδ’
539 1121 578 1158 ἂν
603 1121 704 1172 θέλῃς
720 1121 871 1172 δυνήσῃ,
895 1121 972 1159 οὐδὲ
998 1122 1087 1159 κατὰ

69 1183 203 1233 μικρόν.
224 1185 306 1225 Πῶς
334 1182 416 1233 ssipi
448 1180 558 1219 ςΌσον
580 1180 704 1232 ἀπέχει
726 1184 743 1218 ὃ
771 1181 913 1232 οὐρανὸς
939 1182 1008 1220 ἀπὸ
1026 1184 1087 1227 τῆς

69 1245 149 1293 γῆς,
170 1242 272 1293 φησὶ,
302 1245 462 1279 τοσοῦτον
494 1240 682 1291 ἀπέχουσιν
714 1244 748 1279 αἱ
781 1241 902 1291 βουλαί
933 1258 998 1292 μου
1019 1241 1088 1280 ἀπὸ

69 1305 135 1338 τῶν
154 1303 283 1351 βουλῶν
305 1303 420 1351 ὑμῶν·
441 1301 499 1338 καὶ
527 1301 654 1346 πάλιν,
686 1302 730 1341 Εἴ
750 1304 866 1350 ὑμεῖς,
887 1301 990 1353 φησὶ,
1019 1317 1087 1340 πο-
1114 1313 1136 1342 B

68 1362 162 1413 νηροὶ
181 1362 274 1404 ὄντες
302 1361 416 1399 οἴδατε
438 1361 574 1411 δόματα
594 1361 706 1412 ἀγαθὰ
727 1361 856 1399 διδόναι
874 1368 944 1404 τοῖς
959 1362 1090 1406 τέκνοις

69 1425 179 1471 ὑμῶν,
198 1421 295 1473 πόσῳ
315 1423 446 1472 μᾶλλον
469 1425 486 1459 ὃ
504 1421 631 1472 Πατὴρ
651 1423 746 1471 ὑμῶν
761 1421 778 1440 *
791 1422 833 1473 [ὁ
852 1421 1006 1473 οὐράνιος
1021 1421 1088 1459 δώ-

71 1498 122 1520 σει
143 1485 221 1531 ὑμῖν
237 1483 270 1530 ];
296 1481 399 1519 Ἀλλὰ
416 1483 543 1533 σκῆψις
562 1485 673 1519 ταῦτα
686 1483 745 1519 καὶ
761 1481 942 1534 πρόφασις.
969 1482 1029 1529 Μὴ
1048 1482 1088 1529 δὴ

71 1542 288 1593 σοφιζώμεθα
307 1541 350 1579 τὰ
372 1542 625 1593 προστάγματα
640 1545 698 1579 τοῦ
719 1544 821 1583 Θεοῦ.
845 1542 914 1580 Καὶ
939 1545 1012 1586 πῶς
1036 1558 1090 1580 σο-

72 1602 256 1653 φιζόμεθα,
277 1602 398 1653 φησίν,
418 1595 508 1640 Eine
522 1631 532 1651 ‚
558 1604 670 1640 Τοῦτο
686 1604 814 1650 ποιῶν,
835 1603 1009 1654 ἄνθρακας
1026 1619 1090 1640 πυ-

73 1663 128 1712 ρὸς
151 1661 334 1714 σωρεύσεις
359 1662 415 1699 ἐπὶ
436 1661 498 1707 τὴν
519 1661 671 1712 κεφαλὴν
695 1664 797 1699 αὐτοῦ
810 1677 819 1689 ·‡
845 1662 885 1702 σὺ
907 1662 942 1701 δὲ
961 1663 1090 1713 λε’γεις,

73 1723 246 1772 φοὲοῧμαι
273 1723 331 1759 τὸν
357 1722 496 1772 ἐχθρὸν,
525 1722 577 1759 ὅτι
602 1722 737 1772 μεγάλα
766 1738 810 1774 με
832 1723 1007 1770 ἠδίκησεν.
1038 1725 1091 1761 Οὐ

73 1787 179 1819 ταῦτα
199 1782 325 1831 λέγεις,
343 1782 425 1823 Πῶς
437 1781 471 1819 δὲ
490 1781 577 1825 ὅλως
593 1781 692 1833 ἔσχες
708 1782 846 1834 ἐχθρόν;
861 1783 1090 1831 Ἀδικήσαντα

72 1843 180 1893 φοίίῇ,
215 1842 337 1880 σαυτὸν
365 1840 401 1879 δὲ
429 1842 466 1878 οὗ
490 1842 600 1893 φοὸῇ;
624 1843 709 1880 Ἐἴθε
741 1847 865 1882 σαυτοῦ
888 1843 1089 1896 ἐφρόντιζες.

72 1903 132 1948 Μὴ
154 1902 244 1940 ποίει
272 1904 393 1953 σκοπῷ
428 1901 590 1953 τοιούτῳ·
623 1905 753 1954 μᾶλλον
789 1903 824 1943 δὲ
850 1903 914 1942 κᾶν
947 1903 1090 1954 τοιούτῳ

72 1962 215 2009 ποίησον
237 1965 369 2014 σκοπῷ.
401 1962 489 2000 Ἀλλ’
518 1966 555 2001 οὐ
579 1970 697 2006 ποιεῖς.
735 1966 788 2002 Οὐ
815 1964 906 2016 λέγω
937 1979 1007 2012 σοι,
1036 1965 1090 2004 ὅτι

72 2024 244 2074 ἄνθρακας
263 2024 367 2073 πυρὸς
383 2023 565 2073 σωρεύσεις
577 2054 586 2071 ,
608 2024 698 2064 ἀλλὰ
716 2024 774 2062 καὶ
793 2024 906 2077 ἕτερόν
925 2041 959 2063 τι
986 2025 1088 2064 πλέον
1115 2041 1138 2071 c

71 2084 177 2134 λέγω·
196 2083 297 2133 μόνον
314 2083 469 2129 ποίησον.
498 2085 621 2122 Ταῦτα
635 2084 702 2136 γὰρ
719 2085 855 2135 πάντα,
881 2085 937 2126 ἵνα
962 2101 1000 2124 σε
1029 2090 1090 2125 ἐκ-

73 2144 282 2191 καλέσηται,
316 2143 417 2195 φησὶν
443 2147 459 2181 ὁ
493 2145 650 2191 Παῦλος,
677 2145 791 2184 ἐλπίδι
825 2150 887 2195 τῆς
922 2147 1091 2200 τιμωρίας

72 2207 174 2243 λῦσαι
202 2204 264 2251 τὴν
286 2204 423 2256 ἔχθραν.
441 2204 587 2251 Ἐπειδὴ
605 2205 784 2256 θηριώδεις
804 2207 929 2257 ἐσμὲν,
952 2208 1010 2245 καὶ
1030 2211 1090 2246 οὐκ

74 2265 113 2301 ἂν
135 2265 245 2307 ἄλλως
264 2264 501 2315 ἀνασχοίμεθα
518 2265 575 2302 τὸν
594 2266 715 2316 ἐχθρὸν
734 2268 892 2317 φιλῆσαι,
907 2270 936 2306 εἶ
950 2268 998 2319 μή
1013 2284 1090 2306 τινα

73 2326 317 2377 προσδοκῶμεν
347 2324 517 2376 τιμωρίαν
532 2354 542 2372 ,
564 2326 721 2377 καθάπερ
747 2326 814 2364 τινὶ
843 2328 951 2380 θηρίῳ
971 2328 1090 2366 δίδωσι

72 2385 201 2430 ταύτην
218 2384 280 2431 τὴν
303 2387 414 2435 μᾶζαν
427 2400 435 2408 ·
455 2385 530 2423 ἐπεὶ
546 2391 615 2430 τοῖς
636 2386 839 2431 ἀποστόλοις
856 2391 894 2427 οὐ
913 2389 1016 2426 τοῦτό
1026 2405 1091 2441 φτ,-

75 2462 141 2493 σιν,
159 2444 249 2484 ἀλλὰ
267 2444 319 2492 τί,
339 2444 461 2488 ΕὈπως
482 2445 606 2492 ἕσησθε
625 2446 739 2497 ὅμοιοι
757 2451 819 2486 τοῦ
839 2449 980 2501 Πατρὸς
994 2451 1090 2500 ὑμῶν

76 2507 134 2540 τοῦ
165 2506 198 2541 ἐν
219 2507 384 2555 οὐρανοῖς.
409 2503 540 2550 Ἄλλως
571 2506 606 2543 δὲ
637 2508 700 2544 οὐκ
725 2507 816 2547 ἔστιν
848 2510 1092 2561 εὐεργετοῦντα

77 2562 136 2600 καὶ
162 2564 440 2615 εὐεργετούμενον
466 2571 580 2616 μεῖναι
599 2566 732 2619 ἐχθρόν.
760 2567 828 2605 Διὰ
847 2572 948 2608 τοῦτο
983 2575 1092 2609 ταῦτα

79 2623 190 2669 ἔθηκε.
216 2625 263 2661 Τί
293 2627 326 2662 ἐν
345 2630 415 2668 τοῖς
440 2625 553 2675 λόγοις
581 2628 787 2679 φιλοσοφῶν,
811 2631 845 2668 ἐν
877 2636 947 2673 τοῖς
982 2630 1093 2682 ἔργοις

79 2682 153 2720 οὐδὲ
183 2683 221 2720 τὸ
246 2683 369 2737 μέτρον
387 2686 596 2736 φυλάττεις,
620 2689 762 2738 Καλῶς,
787 2691 824 2728 οὐ
845 2691 1013 2743 ψωμίζεις
1033 2694 1093 2729 αὐ-
1117 2709 1142 2738 D

79 2744 135 2782 τὸν
148 2773 156 2789 ,
184 2743 240 2781 ἵνα
260 2744 308 2794 μὴ
326 2745 499 2798 ἄνθρακας
524 2748 630 2799 πυρὸς
660 2749 835 2802 σωρεύσῃς
849 2766 856 2774 ·
880 2753 1000 2790 οὐκοῦν
1015 2753 1092 2804 φεί-

78 2805 140 2854 δῃ,
163 2806 280 2843 οὐκοῦν
305 2807 431 2856 φιλεῖς,
449 2807 508 2844 καὶ
533 2812 652 2860 σκοπῷ
666 2809 808 2863 τοιούτῳ
835 2817 964 2859 ποιεῖς;
986 2807 1092 2851 Οἶδεν

79 2867 96 2901 ὃ
112 2864 198 2906 Θεὸς
209 2894 218 2911 ,
245 2866 274 2901 εἰ
290 2868 410 2918 σκοπῶ
429 2867 573 2920 τοιούτῳ
589 2869 717 2921 λέγεις·
738 2870 797 2909 καὶ
813 2871 881 2922 μὴν
897 2874 981 2925 πρὸς
1002 2877 1095 2924 ἡμᾶς

80 2924 200 2975 σοφίζῃ
228 2925 287 2962 καὶ
310 2926 448 2979 σκήπτῃ
477 2928 534 2966 τὸν
554 2929 667 2981 λόγον.
689 2932 853 2984 Προνοεῖς
872 2937 930 2972 τοῦ
954 2936 1095 2987 ἐχθροῦ,

81 2985 138 3021 καὶ
158 2984 246 3035 φοὸῇ
267 2985 315 3034 μὴ
331 2987 505 3039 κολασθῇ;
533 2991 667 3028 Οὗκοῧν
687 2991 832 3037 ἔσὸεσας
858 2993 921 3041 τὴν
940 2995 1063 3046 ὀργήν·
1080 2999 1098 3033 ὃ

82 3044 147 3094 γὰρ
169 3043 258 3081 οὕτω
277 3047 403 3096 φιλῶν,
433 3049 479 3092 ὡς
505 3048 567 3097 τὴν
595 3050 725 3090 οἰκείαν
752 3053 919 3105 ὠφέλειαν
939 3057 1097 3106 παριδεῖν

82 3104 169 3154 ὑπὲρ
185 3107 252 3142 τῶν
271 3107 389 3157 ἐκείνῳ
401 3109 657 3160 συμφερόντων,
675 3115 736 3150 οὐκ
748 3112 820 3165 ἔχει
836 3114 1101 3168 ἕχθρόν.”Εχοις

85 3164 124 3200 ἂν
142 3168 240 3202 τοῦτο
258 3168 382 3203 εἰπεῖν·
402 3168 504 3221 μέχρι
533 3171 622 3214 τίνος
641 3172 810 3223 παίζομεν
831 3177 865 3212 ἐν
885 3177 922 3213 οὐ
943 3182 1099 3218 παικτοῖς

107 3224 197 3245 «κλν

85 3238 160 3262 ους-
180 3240 297 3275 εχουσι
315 3228 613 3278 συγγνώμην,Διὸ
631 3235 825 3283 παρακαλῶ
846 3233 930 3286 ι’[τῇ
946 3235 1103 3287 ἡμετέρᾳ

129 3339 142 3352 ²
161 3337 234 3362 ποιεῖ
250 3328 342 3361 deest
357 3330 389 3361 in
405 3329 614 3372 quibusdam.

130 3381 146 3395 ⁸
163 3379 173 3422 [
190 3381 266 3411 Umc
278 3407 285 3419 ‚
300 3384 313 3413 ὁ
329 3384 459 3425 οὐράνιος
477 3385 559 3418 δώσει
576 3388 655 3427 ὑμῖν,
666 3385 786 3418 absunt
800 3399 816 3419 a
833 3388 955 3432 Codd.‚
966 3401 1024 3422 nec
1041 3389 1089 3423 le-

88 3433 133 3473 gXt
150 3443 186 3464 ea
204 3433 346 3475 Interpr.
364 3433 439 3468 Lat.
457 3434 553 3471 Unde
569 3436 786 3481 inclusimus]

1160 650 1265 693 caput
1289 642 1417 680 tuum?
1432 642 1562 680 etenim
1585 642 1653 679 hoc
1674 640 1756 678 facit
1783 640 1929 678 ultionis
1951 640 2138 693 cupiditas.

1159 701 1230 740 Sed
1257 702 1368 753 magis
1393 702 1448 741 vis
1474 701 1685 741 extendam?
1706 701 1854 738 Minime
1873 717 1881 736 ε
1899 715 1968 738 non
1989 701 2083 738 enim
2101 710 2141 738 tu

1159 761 1226 799 hoc
1240 762 1340 811 facis,
1358 761 1419 799 sed
1433 761 1531 799 illius
1547 761 1676 798 feritas.
1696 760 1736 798 Si
1750 761 1845 798 enim
1861 770 1893 798 te
1907 761 2142 798 benefaciente

1158 830 1192 857 et
1219 821 1413 858 honorante
1443 829 1476 858 et
1502 820 1690 858 conciliare
1718 819 1890 870 studente,
1907 821 1968 857 ille
2003 830 2141 858 maneat

1159 894 1301 919 servans
1317 879 1539 929 inimicitias,
1561 879 1714 930 sibiipsi
1735 879 1853 930 ignem
1868 880 2047 929 accendit3
2067 880 2142 931 ipse

1159 954 1265 979 suum
1278 940 1414 977 exussit
1433 948 1539 991 caput
1555 954 1562 975 :
1580 949 1618 978 tu
1636 952 1719 977 vero
1739 939 1941 990 inculpatus
1960 954 2006 977 es.
2026 942 2079 977 Ne
2096 940 2142 977 sis

1160 999 1272 1050 magis
1286 998 1484 1036 misericors
1495 1012 1600 1049 quam
1617 1000 1724 1047 Deus,
1738 998 1821 1048 quia
1840 999 2023 1036 innumera
2034 999 2143 1050 patie-

1159 1058 1208 1096 ris
1225 1059 1339 1109 mala3
1362 1058 1433 1096 imo
1459 1059 1488 1095 si
1512 1057 1681 1108 volueris,
1704 1071 1773 1094 non
1810 1057 1951 1109 poteris,
1970 1071 2012 1095 ne
2037 1058 2142 1095 mini-

1160 1133 1259 1156 mum
1283 1118 1437 1168 quidem.
1459 1118 1648 1164 Quomodo
1666 1118 1784 1155 enim?
1806 1119 2002 1168 Quantum
2024 1119 2144 1157 distat·
2160 1135 2235 1163 lsai.
2251 1134 2299 1164 55,
2313 1144 2343 1173 Or

1160 1180 1296 1218 caelum
1317 1193 1342 1217 a
1362 1188 1478 1227 terra,
1498 1179 1624 1229 inquit,
1646 1187 1796 1217 tantum
1814 1181 1961 1218 distant
1981 1181 2144 1218 consilia
2286 1200 2298 1215 ι

1161 1254 1246 1277 mea
1265 1240 1484 1278 a'consiliis
1504 1242 1668 1285 vestrim
1687 1248 1720 1277 et
1739 1253 1882 1276 rursum
1905 1255 1912 1275 t
1934 1240 1973 1278 Si
1988 1253 2073 1290 vos,
2090 1240 2142 1277 in-
2159 1261 2271 1288 Mam.
2293 1272 2321 1299 7·

1161 1302 1252 1352 quit,
1274 1315 1359 1340 cum
1376 1304 1459 1339 sicis
1476 1302 1585 1349 mali,
1605 1305 1724 1340 noscis
1739 1302 1840 1340 bona
1859 1302 2059 1355 clarefiliis
2079 1317 2144 1340 ‘ve-
2164 1310 2211 1330 ¹1·

1162 1366 1268 1407 uris,-
1282 1371 1428 1415 quanto
1442 1367 1562 1415 magis
1573 1365 1694 1402 Pater
1709 1373 1837 1402 vester
1849 1365 2026 1413 [caelestis
2039 1365 2148 1402 dabit

1163 1426 1328 1474 2·0bis]?
1348 1424 1417 1462 Sed
1432 1425 1506 1462 haec
1525 1425 1688 1463 obtentus
1703 1434 1798 1463 sunt.
1822 1426 1875 1463 Ne
1895 1425 2005 1476 igitur
2027 1425 2147 1477 sophi-

1163 1484 1248 1522 stice
1269 1485 1543 1536 interpretemur
1562 1485 1728 1522 mandata
1748 1485 1826 1524 Dei.
1841 1485 1888 1522 Et
1903 1486 2081 1536 quomodo
2095 1500 2148 1523 so-

1163 1545 1315 1597 phistice
1328 1546 1626 1597 interpretamur?
1639 1546 1757 1594 Dixit,
1776 1547 2044 1598 Hoc-faciens,
2065 1561 2149 1584 car-

1166 1609 1280 1644 bones
1304 1609 1404 1658 ignis
1423 1609 1596 1658 congeris
1616 1620 1728 1658 super
1755 1615 1870 1657 caput
1891 1609 1988 1658 ejus,-
2007 1616 2043 1643 tu
2068 1621 2149 1646 vero

1164 1666 1266 1715 dicis,
1290 1667 1417 1705 Timeo
1434 1666 1632 1716 inimicum,
1652 1667 1734 1716 quia
1749 1681 1804 1704 ine
1826 1666 1932 1705 valde
1951 1667 2053 1705 laesit.
2081 1669 2150 1705 An-

1164 1741 1233 1766 non
1256 1728 1320 1766 hoc
1335 1726 1450 1765 dicis?
1469 1727 1658 1774 Quomodo
1676 1728 1862 1764 inimicum
1877 1727 2011 1765 habes?
2028 1729 2149 1766 Times

1164 1801 1258 1836 eum,
1279 1788 1340 1839 qui
1371 1798 1403 1826 te
1423 1789 1527 1838 laesit,
1551 1788 1705 1840 teipsum
1727 1802 1811 1826 vero
1834 1802 1902 1825 non
1922 1788 2051 1826 times?
2070 1789 2149 1827 Uti-

1163 1862 1244 1886 nam
1264 1849 1316 1886 tui
1330 1862 1452 1886 curam
1468 1848 1625 1886 haberes.
1644 1849 1697 1886 Ne
1716 1847 1810 1885 illud
1825 1848 1891 1885 hoc
1909 1862 2013 1899 scopo
2030 1848 2160 1897 faeias;

1162 1908 1234 1946 imo
1261 1909 1385 1947 saltem
1410 1910 1478 1947 hoc
1504 1923 1609 1960 scopo
1635 1909 1754 1946 facias.
1770 1908 1840 1947 Sed
1863 1923 1932 1946 non
1957 1909 2054 1946 sacis.
2072 1910 2150 1947 Non

1163 1969 1244 2008 dico
1264 1970 1329 2007 tibi
1351 1969 1448 2020 quod
1464 1969 1631 2007 carbones
1651 1969 1744 2020 ignis
1765 1983 1941 2020 congeres,
1962 1969 2023 2007 sed
2045 1970 2151 2007 etiam

1162 2029 1262 2069 aliud
1287 2031 1401 2081 majus
1418 2030 1498 2068 dico
1521 2046 1529 2066 ι
1552 2039 1689 2067 tantum
1711 2031 1777 2068 fac.
1799 2030 1884 2067 Haec
1913 2030 2007 2067 enim
2033 2030 2150 2068 omnia

1165 2099 1201 2128 ut
1226 2099 1259 2128 te
1281 2100 1449 2142 provocet
1478 2090 1613 2128 Paulus
1637 2090 1738 2139 dicit,
1755 2091 2015 2142 exspectatione
2040 2105 2151 2142 poenze

1162 2152 1297 2188 solvere
1312 2151 1548 2189 inimicitiam.
1574 2150 1753 2198 Quoniam
1773 2151 1874 2188 serini
1891 2165 2025 2200 sumus,
2039 2165 2152 2201 neque

1161 2212 1264 2249 aliter
1280 2210 1540 2249 adduceremur
1555 2210 1600 2248 ad
1620 2210 1807 2248 inimicum
1826 2210 2066 2261 diligendum,
2083 2211 2152 2248 nisi

1162 2270 1381 2322 supplicium
1414 2278 1698 2322 exspectaremus
1710 2299 1722 2319 ‚
1757 2270 1858 2320 quasi
1895 2269 2038 2307 cuidam
2071 2271 2151 2307 ferae

1162 2331 1254 2369 hanc
1291 2345 1444 2370 massam
1476 2330 1598 2368 tradit.
1630 2330 1723 2368 Nam
1762 2331 1930 2382 apostolis
1973 2344 2042 2368 non
2084 2330 2151 2368 lioe

1164 2391 1327 2430 Clu-istus
1363 2391 1462 2438 dicit,
1496 2390 1556 2428 sed
1575 2390 1693 2441 quid?
1715 2393 1765 2429 Ut
1784 2394 1866 2430 sitis
1899 2392 2044 2429 similes
2068 2393 2151 2430 Pa-
2166 2411 2276 2438 Mam!-
2300 2411 2330 2439 5.

1165 2455 1214 2490 tri
1234 2461 1376 2499 vestro,
1397 2455 1464 2504 qui
1487 2460 1543 2490 est
1565 2454 1605 2488 in
1624 2452 1741 2489 ecelis.
1763 2451 1931 2502 Alioquin
1953 2466 2038 2490 vero
2073 2453 2151 2490 fieri
2166 2449 2217 2490 45·

1164 2527 1232 2551 non
1252 2521 1381 2564 potest,
1398 2521 1437 2549 ut
1453 2511 1516 2562 qui
1534 2511 1708 2549 ‚beneficia
1728 2512 1859 2549 confert
1879 2520 1912 2549 et
1929 2512 1990 2562 qui
2007 2513 2149 2564 accipit,

1164 2581 1327 2610 maneant
1357 2571 1506 2610 inimici.
1535 2569 1672 2608 Idcirco
1697 2569 1772 2607 haec
1804 2570 1932 2621 posuit.
1963 2572 2038 2608 Cur
2063 2571 2152 2610 dum

1165 2633 1283 2671 verbis
1298 2631 1577 2684 philosopharis,
1588 2631 1623 2667 in
1638 2644 1742 2682 opere
1758 2630 1906 2668 modum
1922 2645 1989 2669 non
2004 2634 2150 2671 servas?

1165 2694 1271 2741 Bene,
1292 2705 1361 2729 non
1387 2691 1502 2742 pascis
1530 2690 1646 2737 illum,
1668 2704 1710 2727 ne
1728 2690 1895 2728 carbones
1914 2691 2008 2741 ignis
2026 2706 2151 2742 conge-

1166 2767 1221 2791 ras
1235 2769 1242 2789 :
1255 2766 1337 2803 ergo
1352 2751 1493 2804 parcis?
1514 2763 1597 2801 ergo
1616 2750 1751 2800 diligis,
1768 2759 1801 2787 et
1820 2765 1863 2787 ex
1880 2751 1942 2788 tali
1961 2766 2066 2803 scopo
2085 2752 2151 2789 hoc

1166 2813 1275 2851 sacis?
1302 2812 1377 2850 Scit
1396 2812 1510 2859 Deus,
1549 2819 1667 2847 utrum
1695 2810 1756 2846 tali
1783 2824 1888 2861 scopo
1913 2810 2012 2848 dicas
2033 2826 2039 2846 :
2061 2820 2153 2849 certe

1167 2872 1264 2925 apud
1279 2886 1342 2910 nos
1361 2870 1558 2922 sophistam
1577 2869 1664 2920 agis.
1687 2870 1817 2906 Curam
1838 2870 1931 2920 geris
1951 2870 2100 2921 inimici,
2118 2881 2153 2908 et

1167 2934 1270 2972 times
1279 2946 1321 2970 ne
1335 2931 1532 2983 puniatur?
1545 2930 1640 2981 Ergo
1655 2930 1744 2967 iram
1754 2930 1953 2968 exstinxisti
1967 2932 2047 2981 :qui
2061 2932 2155 2969 enim

1169 2994 1223 3033 sic
1252 2993 1385 3044 diligit,
1407 3001 1446 3029 ut
1474 2992 1550 3043 ejus
1580 2991 1769 3029 utilitatem
1797 3005 1867 3029 suae
1893 2993 2067 3043 praeferat,
2088 3007 2155 3031 non

1171 3054 1280 3092 habet
1316 3053 1515 3091 inimicum.
1546 3052 1621 3089 Hoc
1655 3051 1772 3088 dicere
1801 3052 1942 3102 possis:
1964 3054 2157 3103 Usquequo

1172 3113 1339 3152 ludemus
1358 3114 1393 3150 in
1413 3113 1518 3150 rebus
1534 3126 1603 3149 non
1622 3110 1772 3149 ludicris
1792 3121 1824 3148 et
1845 3112 1984 3149 veniam
2007 3127 2073 3151 non
2095 3113 2157 3150 ha-

1174 3175 1369 3213 bentibus?
1393 3174 1619 3225 Quapropter
1659 3185 1744 3222 rogo
1786 3175 1801 3222 [
1817 3173 2054 3211 fraternitaem
2097 3188 2158 3212 ηο-

1172 3243 1282 3273 stram
1294 3234 1460 3272 dilectam
1481 3246 1498 3270 a
1520 3231 1672 3270 Domino
1693 3233 1769 3270 Deo
1790 3241 1824 3270 et
1838 3232 2024 3272 Salvatore
2038 3243 2158 3274 nostro

1199 3340 1216 3364 l»
1234 3339 1340 3380 [Qum
1362 3344 1437 3379 post
1453 3335 1610 3370 Savilium
1627 3335 1835 3378 inclusimus,
1852 3336 1972 3371 absunt
1988 3335 2030 3370 ab
2051 3340 2161 3372 omni-

1164 3402 1201 3424 us
1217 3389 1324 3424 Codd.
1340 3391 1475 3433 nostris,
1493 3399 1555 3423 nec
1573 3387 1651 3432 legit
1668 3399 1704 3421 ea
1726 3389 1910 3432 Erasmus]
