2502 3810
670 252 713 280 IN
751 250 776 279 A
782 250 864 280 CTA
902 246 1152 278 APOSTOLOR
1159 246 1182 275 U
1189 246 1221 275 M
1229 265 1238 275 .

81 333 271 371 σὸέννυται.
292 332 360 370 Καὶ
375 332 486 368 ταῦτα
504 328 608 368 εἰπὼν
620 360 632 376 ,
649 329 800 368 ἀπέλυσε
815 330 876 376 τὴν
894 327 1093 375 ἐκκλησίαν,

79 391 193 443 φησίν.
209 390 317 442 Ὁρᾷς
335 391 392 429 τὸν
406 390 495 429 Θεὸν
510 392 754 443 συγχωροῦντα
770 391 846 432 τοὺς
868 386 1093 439 πειρασμοὺς,

78 452 136 489 καὶ
158 452 368 503 διεγείροντα
395 451 454 489 καὶ
475 450 709 503 ἀφυπνίζοντα
735 449 812 493 τοὺς
836 449 993 500 μαθητὰς
1015 447 1095 485 τού-

77 528 147 555 τοις
176 512 236 549 καὶ
257 511 501 564 σφοδροτέρους
520 511 766 563 ἐργαζόμενον;
786 510 849 556 Μὴ
870 511 910 557 δὴ
940 508 1093 547 καταπί-

78 587 219 622 πτωμεν
238 577 310 615 τοῖς
335 578 540 624 πειρασμοῖς
554 588 561 595 ·
583 572 683 614 αὐτὸς
704 571 772 623 γὰρ
796 570 935 616 ποιήσει
954 569 1014 607 καὶ
1032 568 1094 615 τὴν

79 632 219 670 ἔκὸασιν
238 637 297 670 τοῦ
315 632 479 670 δύνασθαι
497 635 706 682 ὑπενεγκεῖν.
733 631 842 670 Οὐδὲν
869 629 959 667 οὕτω
980 629 1096 681 φίλους

79 698 170 731 ποιεῖ
195 693 254 731 καὶ
285 699 481 746 συγκροτεῖ,
503 695 549 735 ὡς
574 694 687 745 θλῖψις
703 709 711 716 ·
740 691 837 730 οὐδὲν
865 690 956 729 οὕτω
981 691 1095 728 συνδεῖ
1115 694 1139 723 Ε

79 753 138 790 καὶ
160 754 356 805 ἓπισφίγγει
374 757 442 792 τῶν
475 756 608 791 πιστῶν
637 753 699 796 τὰς
722 752 836 804 ψυχάς
852 767 860 774 ·
888 751 983 790 οὐδὲν
1011 753 1095 800 ἡμῖν

79 819 150 857 τοῖς
171 815 390 858 διδασκάλοις
411 813 517 857 οὕτως
547 814 739 860 ἐπιτήδειον
758 812 844 864 πρὸς
872 811 910 848 τὸ
937 810 981 848 τὰ
1013 812 1094 861 παρ’

80 878 180 924 ἡμῶν
205 874 374 926 λεγόμενα
393 874 587 912 ἀκούεσθαι.
616 873 677 911 Ἔν
697 872 758 922 μὲν
778 872 847 924 γὰρ
873 870 987 909 ἀνέσει
1017 885 1097 919 τυγ-

80 935 194 986 χάνων
223 935 416 987 ἀκροατὴς,
436 935 562 986 χαῦνός
591 933 630 970 τέ
649 935 723 970 ἐστι
754 932 812 970 καὶΙ
840 931 1012 982 ῥᾴθυμος,
1037 929 1096 967 καὶ

81 997 297 1047 ἐνοχλεῖσθαι
324 996 416 1032 δοκεῖ
440 994 536 1046 παρὰ
570 997 629 1030 τοῦ
654 993 811 1043 λέγοντος
829 1007 836 1015 ·
863 994 898 1029 ἐν
927 990 963 1029 δὲ
985 991 1097 1041 θλίψει

82 1057 140 1094 καὶ
168 1056 379 1107 στενοχωρίᾳ
397 1058 443 1098 εἷς
458 1053 589 1100 πολλὴν
614 1053 796 1104 ἐπιθυμίαν
815 1052 1014 1104 ἀκροάσεως
1036 1053 1098 1101 ἐμ-

82 1117 211 1154 πίπτει.
229 1114 555 1166 Στενοχωρούμενος
570 1113 636 1166 γὰρ
651 1113 712 1160 τὴν
734 1113 862 1165 ψυχὴν,
883 1113 1098 1164 πανταχόθεν

82 1179 176 1222 ζητεῖ
194 1175 417 1228 παραμυθίαν
439 1177 499 1220 τῆς
519 1173 665 1225 θλίψεως
690 1175 800 1225 εὑρεῖν
817 1190 824 1197 ·
852 1175 890 1211 οὐ
917 1172 1043 1224 μικρὰν
1065 1172 1100 1210 δὲ

81 1236 176 1288 φέρει
197 1235 295 1286 λόγος
314 1234 549 1287 παραμυθίαν.
567 1234 614 1272 Τί
634 1228 691 1272 οῦν
705 1264 714 1282 ,
734 1234 849 1286 φησὶν,
869 1237 899 1272 οἱ
917 1234 1099 1280 Ἰουδαῖοι;

82 1300 157 1339 πῶς
192 1295 389 1346 θλιὸόμενοι
422 1295 490 1333 ἀπὸ
521 1298 583 1342 τῆς
614 1295 838 1347 ὄλιγοψυχίας
868 1296 930 1332 οὐκ
960 1294 1101 1342 ἤκουον;

81 1356 166 1395 εΌτι
183 1356 344 1394 Ἰουδαῖοι
360 1350 447 1402 ἦσαν
463 1386 473 1403 ,
492 1358 524 1393 οἱ
546 1355 598 1393 ἀεὶ
619 1357 769 1398 ἀσθενεῖς
788 1355 847 1393 καὶ
866 1356 1100 1406 ταλαίπωροι·

1278 246 1431 276 HOMIL.
1471 246 1578 277 xm.
2054 229 2145 291 559

1162 325 1257 363 deles
1276 326 1446 364 rationem
1471 326 1645 376 reddant,
1675 336 1708 364 et
1735 340 1842 376 quam
1869 326 2054 378 sapienter.
2085 325 2144 364 Sic

1162 387 1317 424 furorem
1332 387 1515 424 exstinxit.
1535 388 1584 425 Ut
1598 387 1691 424 enim
1709 387 1812 424 facile
1830 387 2048 436 accenditur,
2068 400 2144 438 per-

1163 446 1247 484 inde
1276 448 1378 485 facile
1406 448 1655 499 exstinguitur.
1689 450 1725 486 Ε
1730 457 1743 487 ι·
1771 450 1830 486 his
1865 450 1977 486 dictis
2008 457 2145 486 coetam

1164 508 1290 546 solvit.
1321 508 1452 547 Viden'
1482 510 1598 546 Deum
1628 509 1835 547 tentationes
1862 509 2083 561 permittere,
2106 522 2147 546 ac

1165 583 1227 619 per
1243 568 1322 605 illas
1341 568 1537 620 discipulos
1557 569 1709 607 excitare
1728 579 1761 607 et
1779 569 1906 621 vigiles
1927 568 2088 618 reddere,
2106 582 2146 606 ac

1163 629 1392 667 ferventiores
1409 629 1571 667 efficere?
1591 631 1644 668 Ne
1663 643 1745 681 ergo
1765 629 1992 667 concidamus
2009 629 2046 667 in
2068 638 2146 667 ten—

1164 687 1356 725 tationibus
1379 703 1386 724 :
1413 688 1489 740 ipse
1507 703 1659 738 namque
1676 690 1812 726 exitum
1831 689 1952 740 dabit,
1975 699 2014 728 ut
2032 690 2144 741 possi-

1164 761 1243 784 mus
1259 748 1439 786 sustinere.
1456 748 1557 785 Nihil
1571 749 1619 786 ita
1635 749 1766 786 amicos
1781 749 1939 787 devincit
1953 759 1985 787 et
2000 750 2144 801 conjun-

1165 811 1217 861 git
1231 819 1270 847 ut
1284 824 1462 859 aerumna,
1479 810 1569 847 nihil
1582 811 1630 847 ita
1643 810 1805 848 fidelium
1820 813 1955 850 animos
1973 814 2144 851 constrin-

1167 870 1218 920 git
1230 878 1263 907 et
1276 869 1441 920 colligat;
1458 870 1550 906 nihil
1562 870 1664 907 nobis
1677 870 1882 908 doctoribus
1895 874 2144 927 opportunius,

1167 938 1206 966 ut
1219 929 1315 966 dicta
1329 938 1447 966 nostra
1460 929 1662 968 audiantur.
1683 930 1836 968 Auditor
1850 932 1944 968 enim
1959 934 2149 983 tranquille

1166 1002 1272 1040 agens
1291 989 1410 1026 mollis
1428 998 1479 1027 est
1497 999 1530 1027 et
1547 991 1714 1041 ignavus,
1733 999 1766 1028 et
1784 991 1928 1028 moleste
1946 991 2036 1029 ferre
2050 993 2150 1030 vide-

1168 1058 1226 1087 tur
1247 1059 1444 1101 oratorem,
1464 1051 1501 1088 in
1520 1051 1687 1089 aerumnis
1708 1066 1792 1090 vero
1814 1060 1847 1089 et
1866 1052 2038 1103 angustiis
2060 1055 2152 1105 posi-

1167 1119 1245 1159 tus,
1265 1110 1301 1148 in
1319 1111 1473 1150 multum
1487 1111 1657 1149 audiendi
1673 1111 1889 1150 desiderium
1906 1113 2042 1151 incidit.
2061 1116 2154 1152 Nam

1169 1187 1250 1211 cum
1266 1173 1410 1225 angitur
1422 1173 1580 1222 animus,
1600 1172 1758 1224 undique
1771 1174 2043 1214 consolationem
2059 1192 2154 1227 quae-

1168 1235 1216 1273 rit
1223 1250 1236 1285 3
1263 1249 1334 1272 non
1359 1235 1544 1273 minimam
1571 1244 1690 1273 autem
1722 1250 1835 1274 sermo
1863 1237 1965 1274 affert
1995 1238 2156 1276 consola-

1169 1296 1314 1334 tionem.
1339 1296 1411 1334 Cur
1430 1311 1531 1348 ergo,
1552 1296 1700 1348 inquies,
1719 1297 1836 1336 Judaei
1858 1312 1939 1335 cum
1959 1299 2158 1350 affligeren-

1170 1366 1243 1407 tur,
1257 1371 1301 1395 ex
1314 1357 1607 1409 pusillanimitate
1620 1371 1690 1395 non
1705 1358 1920 1396 audiebant?
1936 1359 2029 1405 Quia
2042 1360 2158 1399 Judaei

82 1417 195 1459 ἄλλως
211 1432 249 1454 τε
269 1416 328 1454 καὶ
351 1416 406 1454 ὅτι
424 1416 483 1454 καὶ
503 1418 572 1454 ἐκεῖ
588 1415 700 1462 πολλὴ
719 1419 740 1462 ἡ
758 1417 872 1468 θλῖψις
884 1411 926 1463 ἦν
938 1446 948 1464 ,
967 1419 1051 1466 ἡμῖν
1067 1415 1100 1454 δὲ
1111 1440 1157 1465 522
1171 1427 1291 1467 erant,
1311 1432 1448 1470 semper
1467 1418 1660 1456 imbecilles
1680 1428 1713 1456 et
1729 1419 1849 1457 miseri
1868 1435 1875 1456 :
1897 1420 2056 1471 alioquin
2076 1436 2158 1460 vero

82 1477 162 1527 περὶ
192 1476 390 1528 συμμέτρου
417 1480 434 1514 ὃ
459 1476 570 1528 λόγος.
592 1475 689 1528 “opu
721 1475 811 1529 γάρ·
838 1477 1100 1529 προσεδόκησαν
1124 1478 1150 1506 Α
1171 1493 1299 1530 magua
1319 1480 1370 1517 ihi
1385 1479 1549 1531 angustia
1563 1489 1636 1517 erat
1644 1495 1655 1530 3
1677 1480 1780 1518 nobis
1797 1490 1914 1519 autem
1930 1483 1974 1519 de
1989 1482 2158 1521 mediocri

83 1537 365 1575 ἀπαλλάττεσθαι
389 1540 458 1575 τῶν
483 1537 699 1589 κατεχόντων
722 1536 843 1580 αὐτοὺς
871 1540 987 1575 κακῶν
1008 1539 1101 1575 ἐκεῖ-

81 1613 133 1635 νοι
146 1627 155 1643 ,
175 1597 235 1636 καὶ
252 1597 384 1649 μυρίοις
403 1597 607 1650 περιέπεσον
630 1600 760 1648 μᾶλλον
779 1599 899 1642 δεινοῖς
916 1615 922 1621 ·
941 1603 1041 1636 τοῦτο
1067 1598 1102 1636 δὲ

83 1661 148 1710 οὐχ
163 1661 209 1701 ὡς
227 1658 346 1710 ἔτυχεν
364 1660 486 1710 ἀπορεῖ
502 1658 629 1710 ψυχήν.
647 1661 692 1696 Αἱ
708 1658 838 1710 θλίψεις
856 1659 1102 1711 ἀποσχίζουσιν

82 1722 177 1769 ἡμᾶς
194 1721 256 1764 τῆς
277 1719 492 1769 συμπαθείας
510 1722 571 1765 τῆς
589 1719 674 1770 πρὸς
693 1718 750 1756 τὸν
768 1718 924 1770 παρόντα
949 1719 1081 1769 κόσμον
1095 1734 1102 1742 ·

83 1780 207 1822 εὐθέως
229 1784 309 1830 γοῦν
324 1779 382 1817 τὸν
408 1779 555 1817 θάνατον
575 1781 751 1828 αἰτοῦμεν,
767 1780 826 1817 καὶ
843 1782 904 1817 οὐκ
924 1779 1026 1830 ἐσμὲν
1049 1796 1105 1832 φι-

82 1839 283 1891 λοσώματοι
298 1855 306 1863 ·
340 1840 424 1892 ὅπερ
462 1838 623 1890 μέγιστον
653 1839 856 1891 φιλοσοφίας
878 1840 980 1893 μέρος
1011 1841 1105 1888 ἐστὶ,

84 1897 133 1948 μὴ
157 1897 343 1949 κεχηνέναι
370 1896 458 1947 μηδὲ
480 1896 730 1949 προσδεδέσθαι
757 1901 800 1949 τῇ
830 1898 990 1949 παρούσῃ
1020 1901 1104 1950 ζωῇ.

83 1957 129 1996 Ἡ
143 1957 329 2008 θλιὸομένη
348 1957 444 2010 ψυχὴ
460 1960 497 1996 οὗ
513 1957 674 2009 βούλεται
687 1958 766 2010 περὶ
781 1958 896 1997 πολλὰ
913 1952 1014 2006 εἶναι,
1029 1961 1105 1998 ἀλλ’

84 2018 313 2062 ἀναπαύσεώς
331 2033 423 2061 τινος
450 2018 552 2068 μόνον
572 2018 631 2056 καὶ
651 2018 798 2070 ἡσυχίας
826 2020 888 2071 ἐρᾷ
901 2035 908 2042 ·
925 2021 1105 2070 ἀγαπητὸν

84 2082 170 2132 αὐτῇ
187 2083 254 2118 τῶν
271 2079 450 2131 παρόντων
467 2080 726 2130 ἀπαλλαγῆναι,
742 2079 804 2117 κᾶν
821 2080 928 2130 μηδὲν
941 2080 1056 2134 ἕτερον
1071 2077 1106 2133 ᾗ.

84 2141 252 2193 Καθάπερ
290 2142 393 2191 σῶμα
428 2139 623 2185 πεπονηκὸς
653 2140 712 2177 καὶ
747 2142 1013 2193 ταλαιπωρηθὲν
1046 2145 1107 2180 οὐκ

83 2204 164 2253 ἐρᾷν
195 2200 374 2252 βούλεται,
399 2203 436 2237 οὐ
464 2199 732 2251 γαστρίζεσθαι,
761 2202 838 2239 ἀλλ’
868 2201 1107 2241 ἀναπαύεσθαι

83 2262 144 2299 καὶ
173 2265 287 2312 ἡσυχῇ
321 2264 456 2298 κεῖσθαι
474 2277 481 2283 ·
504 2259 594 2297 οὕτω
618 2260 677 2297 καὶ
708 2260 802 2312 ψυχὴ
831 2261 963 2314 μυρίοις
983 2267 1107 2315 ampt-

84 2326 247 2373 χευθεῖσα
267 2326 386 2363 κακοῖς
400 2351 409 2367 ,
429 2320 515 2372 πρὸς
539 2320 734 2358 ἀνάπαυσιν
755 2322 813 2359 καὶ
839 2322 988 2375 ἡσυχίαν
1013 2323 1109 2361 ἐπεί-

85 2398 185 2432 γεται
204 2376 303 2420 εἶναι.
324 2380 370 2419 ‘H
390 2383 424 2419 ἐν
446 2381 559 2419 ἀνέσει
582 2375 666 2418 οῦσα
692 2383 885 2432 ἐπτόηται,
914 2385 1106 2436 τεθορύὸη-

85 2459 162 2490 ται,
183 2442 352 2495 μετέωρός
382 2444 494 2480 ἐστιν·
517 2442 602 2489 αὕτη
623 2443 658 2481 δὲ
682 2442 779 2481 οὐδὲν
806 2445 951 2496 κεχηνὸς
978 2446 1106 2497 ἔχουσα

85 2503 162 2542 οὐδὲ
182 2503 357 2555 διαρρέον,
376 2503 439 2549 ὅλη
461 2502 709 2554 συνέσφιγκται
727 2504 785 2542 καὶ
802 2505 896 2555 μένει
914 2507 1105 2558 ἀμετεώρι-

87 2579 166 2608 στος
179 2579 186 2587 ·
203 2563 262 2602 καὶ
283 2566 304 2609 ἡ
324 2562 384 2614 μὲν
403 2563 636 2616 ἀνδρειοτέρα,
656 2568 677 2610 ἠ
699 2564 733 2602 δὲ
753 2567 991 2620 παιδικωτέρα
1010 2567 1104 2605 ἐστί’

86 2626 145 2664 καὶ
163 2629 184 2671 ἡ
206 2624 267 2675 μὲν
301 2623 493 2676 βαρυτέρα,
521 2628 541 2670 ἡ
568 2623 603 2662 δὲ
631 2626 834 2678 κουφοτέρα.
858 2628 927 2665 Καὶ
946 2629 1105 2682 καθάπερ

86 2689 119 2724 ἐν
139 2687 259 2736 πολλῷ
282 2684 381 2722 ὕδατι
399 2684 549 2735 ἐμπεσόν
576 2700 610 2721 τι
636 2690 759 2737 κοῦφον
790 2687 971 2726 σαλεύεται
989 2704 996 2712 ·
1015 2688 1104 2726 οὕτω

85 2747 144 2785 καὶ
166 2748 214 2790 εἷς
237 2744 369 2791 πολλὴν
389 2744 503 2796 χαρὰν
521 2747 721 2795 ἐμπεσοῦσα
740 2747 850 2797 ψυχή.
875 2747 945 2786 Καὶ
963 2747 1007 2786 τὰ
1035 2748 1103 2800 μέ-

83 2824 187 2859 γιστα
209 2807 244 2845 δὲ
263 2811 346 2857 ἡμῖν
370 2806 609 2857 ἁμαρτήματα
630 2806 698 2844 ἀπὸ
714 2808 844 2854 πολλῆς
864 2810 988 2856 ἡδονῆς
1007 2826 1103 2862 γεγε-

84 2869 216 2919 νημένα
235 2868 301 2905 ἴδοι
315 2883 367 2911 τις
388 2868 441 2905 ἄν.
461 2866 532 2905 Καὶ
548 2869 578 2904 εἷ
604 2866 787 2917 βούλεσθε,
817 2868 926 2912 οἰκίας
945 2871 1102 2923 ὑπογρά-

1172 1549 1223 1578 est
1242 1555 1367 1579 sermo.
1390 1540 1485 1580 Vide
1510 1555 1616 1592 porro
1635 1556 1642 1577 :
1664 1542 1915 1593 exspectabant
1936 1543 1989 1579 illi
2015 1543 2159 1581 liberari

1171 1615 1192 1639 a
1214 1601 1317 1639 malis
1336 1601 1570 1653 praesentibus
1581 1631 1593 1651 ,
1616 1610 1649 1639 et
1665 1602 1702 1639 in
1721 1603 1887 1653 graviora
1906 1603 2091 1641 innumera
2107 1604 2159 1641 in-

1173 1661 1360 1699 cidebant:
1380 1662 1448 1699 hoc
1470 1671 1588 1700 autem
1605 1676 1676 1700 non
1691 1663 1818 1701 leviter
1838 1664 1997 1701 animum
2014 1666 2051 1702 in
2071 1679 2162 1703 mse-

1172 1735 1288 1759 rorem
1303 1721 1423 1759 trahit.
1441 1722 1621 1759 AErumnae
1635 1736 1698 1760 nos
1712 1723 1756 1760 ab
1769 1723 1877 1775 hujus
1891 1724 2018 1761 mundi
2033 1725 2160 1763 affectu

1173 1782 1385 1820 abstrahunt
1403 1798 1411 1819 ε
1430 1783 1550 1820 statim
1567 1797 1652 1822 vero
1669 1794 1818 1822 mortem
1833 1786 2003 1836 petimus,
2020 1801 2083 1825 nec
2103 1802 2161 1825 su-

1175 1857 1255 1880 mus
1274 1843 1432 1895 corporis
1447 1853 1640 1893 amatores,
1657 1844 1753 1895 quod
1767 1855 1817 1882 est
1832 1846 2068 1899 philosophiae
2079 1863 2161 1900 pars

1176 1904 1352 1952 maxima,
1372 1917 1441 1941 non
1460 1904 1621 1942 deditum
1640 1919 1703 1943 nec
1714 1905 1896 1944 addictum
1910 1922 1983 1946 esse
1997 1911 2161 1960 praesenti

1176 1964 1275 2004 vitae.
1299 1964 1443 2002 Afflicta
1462 1965 1580 2003 anima
1599 1979 1669 2004 non
1684 1966 1763 2005 vult
1778 1967 1901 2005 multis
1916 1969 2050 2008 haerere
2062 2000 2071 2017 ,
2098 1971 2161 2009 sed

1176 2025 1427 2063 recreationem
1446 2034 1584 2063 tantum
1605 2027 1798 2076 quamdam
1817 2037 1851 2066 et
1870 2029 2022 2078 quietem
2042 2040 2136 2068 amat
2152 2048 2159 2067 :

1177 2094 1275 2137 optat
1290 2100 1309 2123 a
1326 2085 1558 2137 praesentibus
1578 2086 1689 2138 eripi,
1712 2087 1850 2125 etiamsi
1868 2089 1961 2126 nihil
1979 2090 2078 2128 aliud
2099 2092 2158 2128 sit.

1178 2147 1229 2183 Ut
1251 2159 1380 2197 corpus
1398 2144 1632 2196 defatigatum
1651 2155 1683 2183 et
1702 2147 1738 2184 in
1757 2147 1899 2185 miseria
1913 2163 2072 2199 versans,
2092 2165 2163 2189 non

1179 2205 1256 2244 vult
1274 2219 1393 2243 amare
1422 2219 1486 2243 nec
1517 2205 1632 2244 ventri
1658 2206 1810 2256 servire,
1840 2208 1900 2245 sed
1928 2209 2105 2259 quiescere
2130 2221 2164 2249 et

1178 2266 1368 2316 tranquille
1381 2280 1486 2318 agere
1503 2283 1510 2303 :
1528 2267 1579 2304 sic
1595 2276 1628 2304 et
1643 2267 1759 2305 anima
1778 2268 1972 2307 innumeris
1990 2282 2164 2311 macerata

1178 2326 1300 2375 malis,
1316 2326 1362 2364 ad
1375 2327 1530 2377 quietem
1547 2336 1581 2365 et
1596 2328 1890 2377 tranquillitatem
1909 2330 2060 2369 festinat.
2079 2333 2161 2381 Illa,

1179 2401 1257 2437 quae
1272 2387 1308 2424 in
1325 2387 1442 2438 quiete
1456 2387 1548 2438 agit,
1562 2388 1703 2439 stupida
1717 2398 1788 2437 est,
1802 2390 1979 2438 turbatur,
1997 2392 2164 2432 sublimis

1177 2447 1308 2498 fertur,
1321 2447 1397 2485 haec
1408 2462 1492 2485 vero
1505 2448 1596 2485 nihil
1607 2448 1653 2485 ad
1666 2449 1762 2499 quod
1776 2449 1903 2499 inhiet,
1918 2451 2009 2488 nihil
2021 2452 2161 2491 fluxum

1177 2507 1322 2555 habens,
1333 2517 1404 2545 tota
1416 2507 1681 2558 constringitur,
1694 2523 1756 2546 nec
1768 2509 1919 2547 sublime
1932 2511 2041 2562 sapit:
2053 2521 2085 2549 et
2100 2513 2161 2552 illa

1176 2567 1311 2616 fortior,
1326 2568 1402 2605 haec
1417 2567 1590 2619 puerilior
1605 2577 1672 2616 est;
1690 2568 1752 2606 illa
1771 2569 1925 2619 gravior,
1941 2570 2017 2608 haec
2032 2572 2156 2610 levior.

1176 2628 1223 2665 Et
1248 2628 1340 2665 sicut
1359 2628 1388 2665 si
1406 2628 1496 2678 quid
1515 2628 1551 2665 in
1573 2629 1784 2680 profundam
1804 2644 1932 2680 aquam
1951 2631 2105 2681 incidat,
2127 2634 2156 2670 si

1174 2689 1251 2727 leve
1269 2689 1313 2726 sit
1331 2689 1480 2727 fluctuat
1495 2704 1504 2725 t
1521 2689 1571 2726 sic
1587 2698 1621 2726 et
1636 2689 1752 2727 anima
1766 2690 1801 2727 in
1817 2690 1988 2741 gaudium
2004 2693 2157 2731 multum

1174 2749 1344 2787 incidens.
1365 2750 1526 2787 Maxima
1547 2763 1630 2788 vero
1651 2760 1792 2800 peccata
1806 2766 1825 2788 a
1842 2752 1955 2789 multa
1973 2753 2158 2804 voluptate

1176 2811 1276 2848 nobis
1294 2810 1379 2848 oriri
1398 2810 1519 2848 videre
1537 2820 1598 2848 est.
1621 2811 1688 2859 Et,
1709 2812 1737 2848 si
1756 2812 1894 2864 placet,
1923 2812 2046 2851 domos
2067 2815 2156 2852 duas

1174 2871 1433 2920 describamus,
1452 2871 1598 2908 alteram
1617 2872 1840 2923 nuptiarum,
1855 2873 2001 2911 alteram
2016 2875 2153 2912 luctus:

2205 757 2342 783 AErumna

2157 800 2262 826 amicos
2291 798 2341 823 de<

2157 840 2257 867 vincit.

84 2931 203 2980 ψωμεν
221 2928 300 2974 δύο,
321 2927 384 2975 τὴν
415 2927 476 2979 μὲν
494 2927 714 2978 γαμούντων,
730 2928 793 2974 τὴν
817 2928 851 2967 δὲ
869 2932 1080 2970 πενθούντων
1094 2948 1101 2956 ·
1174 2932 1211 2970 in
1235 2940 1424 2982 utramque
1444 2941 1559 2969 mente
1582 2932 1823 2983 ingrediamur
1841 2949 1849 2969 :
1867 2934 2051 2972 videamus
2076 2943 2155 2972 utra
2197 2954 2355 2991 Compara-

1174 2992 1220 3030 sit
1245 2992 1381 3030 melior.
1401 2993 1536 3030 Luctus
1560 2992 1687 3031 domus
1714 2994 1913 3032 invenietur
1931 2995 2155 3048 philosophia
2167 2996 2206 3022 ¹³0
2249 2996 2353 3042 ‘'f’mnS

1174 3053 1295 3105 plena,
1317 3052 1446 3091 domus
1472 3067 1557 3092 vero
1583 3053 1788 3106 nuptiarum
1807 3055 2039 3106 turpitudine.
2060 3057 2155 3095 Vide
2165 3043 2353 3105 ςᾞξίᾞὲζζῗ

1175 3128 1325 3163 namque
1340 3129 1347 3149 :
1363 3113 1482 3165 turpia
1497 3114 1572 3153 illic
1585 3114 1692 3152 verba
1709 3123 1789 3152 sunt
1800 3145 1812 3165 ,
1830 3115 1922 3153 risus
1936 3116 2150 3164 inconditus,
2162 3121 2270 3148 11101115-

1176 3187 1315 3225 gressus
1334 3174 1577 3226 incompositi,
1600 3174 1707 3212 vestis
1722 3183 1754 3211 et
1767 3175 1920 3213 incessus
1934 3176 2157 3228 turpitudine

1176 3234 1300 3285 plenus
1311 3264 1319 3279 ‚
1335 3243 1451 3285 gestus
1464 3234 1598 3272 insania
1611 3243 1643 3271 et
1657 3234 1805 3272 stultitia
1818 3236 1929 3273 multa
1946 3252 1953 3272 t
1969 3237 2005 3274 in
2021 3251 2157 3276 summa

1177 3296 1268 3333 nihil
1287 3296 1356 3344 ibi,
1376 3310 1482 3346 quam
1499 3295 1589 3333 risus
1606 3305 1637 3332 et
1652 3296 1793 3334 derisio.
1813 3298 1892 3336 Non
1919 3297 1962 3336 de
1989 3299 2074 3351 ipsis
2090 3315 2158 3338 nu:-

84 2989 290 3039 εἰσέλθωμεν
312 2991 362 3040 τῷ
381 2989 474 3040 λόγῳ
493 2989 578 3041 πρὸς
599 2988 781 3039 ἑκατέρους
797 3005 804 3011 ·
826 2989 953 3040 ἴδωμεν
974 2992 1024 3036 τίς
1052 2992 1103 3029 τί-

83 3067 138 3094 νος
157 3050 312 3101 βελτίων.
329 3049 567 3101 ]Ξὺρεθήσεται
581 3049 648 3101 γὰρ
667 3052 688 3095 ἡ
710 3054 768 3087 τοῦ
783 3054 986 3095 πενθοῦντος
1000 3055 1101 3104 φιλο-

85 3111 204 3162 σοφίας
224 3110 396 3161 γέμουσα,
418 3114 440 3156 ἡ
468 3109 503 3147 δὲ
534 3113 592 3148 τοῦ
621 3114 813 3160 γαμοῦντος
841 3113 1101 3163 ἀσχημοσύνης.

83 3171 181 3223 εΌρα
206 3171 293 3223 γάρ·
325 3169 455 3221 αἰσχρὰ
482 3169 581 3208 1’ἐκεῖ
609 3170 769 3222 ῥήματα,
799 3171 908 3223 γέλως
934 3173 1102 3221 ἄτακτος,

87 3231 230 3283 βήματα
250 3231 486 3281 ἀτακτότερα,
502 3230 607 3276 στολὴ
625 3231 683 3268 καὶ
702 3231 835 3281 βάδισις
856 3233 1104 3284 ἀσχημοσύνης

85 3293 260 3344 γέμουσα,
289 3290 457 3342 σχήματα
483 3292 615 3338 πολλῆς
644 3292 759 3335 ἀνοίας
786 3292 843 3330 καὶ
867 3293 1021 3345 μωρίας·
1045 3295 1102 3333 καὶ

129 3406 142 3420 ⁵
166 3396 253 3428 Alius
271 3400 464 3440 ταρνχθεῖυ.
1201 3401 1216 3424 ¹)
1242 3406 1297 3434 ἐκεῖ
1314 3398 1403 3431 deca
1421 3401 1451 3431 iu
1471 3411 1545 3432 uno.
