2466 3805
694 285 737 313 IN
773 285 887 314 ACTA
924 283 1249 315 APOSTOLORUM
1259 304 1267 312 .

119 361 298 412 ραδοῦναι,
313 360 336 407 ἢ
355 361 416 408 τὴν
436 362 646 415 πρόσκαιρον
672 364 799 411 ταύτην
829 365 944 417 χάριν,
963 367 1136 411 διηνεκοῦς

116 421 266 472 ἀθυμίας
285 423 444 459 ὑπόθεσιν
473 423 834 471 ποιήσασθαι;’1ὀῦτο
864 426 1048 477 πάσχομεν
1075 424 1134 463 καὶ

115 485 218 532 ἡμεῖς
232 513 242 530 ,
258 483 370 528 κάλλη
402 482 526 527 λέξεων
542 484 844 537 περιεργαζόμενοι
873 486 932 524 καὶ
963 486 1133 532 συνθήκας

2094 269 2184 315 265

1206 364 1292 402 tiam
1325 365 1485 417 perpetui
1520 365 1679 403 moeroris
1717 378 1857 402 causam
1890 365 2003 402 facere
2027 364 2035 403 l
2060 364 2136 403 lloc
2155 375 2188 403 et

1206 439 1269 464 nos
1289 427 1452 475 facimus,
1473 426 1561 465 dum
1574 427 1769 478 elegantem
1794 426 1989 464 orationem
2015 426 2187 464 curiosius

1205 487 1396 537 quaerimus
1415 497 1448 525 et
1483 488 1774 540 compositionem
1795 488 2088 538 hai-moniamque
2105 517 2116 536 ,
2149 497 2188 525 ut

1307 284 1463 314 nomn..
1503 285 1594 314 XXX
1604 305 1612 314 .

113 544 173 582 καὶ
191 544 359 595 ἁρμονίαν
373 574 382 591 ,
398 543 412 563 ‘¹
423 543 514 589 ὅπως
528 544 681 596 ἥσωμεν,
693 547 758 597 οὐχ
769 546 862 590 ὅπως
876 546 1109 598 ιῖγρελήσωμεν
1124 562 1131 569 ·
1143 577 1190 601 239
1205 547 1419 599 placeamus,
1446 563 1515 587 non
1536 558 1575 586 ut
1595 549 1772 601 prosimus
1781 565 1792 599 5
1814 558 1854 586 ut
1873 548 2098 586 admirationi
2118 548 2188 586 ha—

712 607 804 620 κκιγ
943 607 959 623 <1

112 604 206 648 ὅπως
223 609 491 657 θαυμασθῶμεν,
512 608 577 658 οὐχ
599 606 693 651 ὅπως
709 622 900 657 οιοαςωμεν
914 623 921 630 ·
939 623 1033 650 οπως
1051 606 1132 658 τέρ-

113 667 247 717 ψωμεν,
272 668 338 718 οὐχ
371 666 464 710 ὅπως
496 667 762 718 κατανύξωμεν·
786 668 879 710 ὅπως
908 670 1131 719 κροτηθῶμεν

115 728 175 766 καὶ
207 728 348 767 ἐπαίνου
373 728 534 780 τυχόντες
552 729 770 779 ἀπέλθωμεν,
788 731 852 780 οὐχ
873 728 965 770 ὅπως
994 727 1038 765 τὰ
1065 727 1132 772 ἤθη

115 788 350 841 ῥυθμίσωμεν.
366 788 584 827 Πιστεύσατέ
605 805 681 838 μοι,
703 791 763 826 οὐκ
782 789 895 830 ἄλλως
908 787 1020 837 λέγω,
1041 788 1133 823 ἐπει-

115 849 177 886 δὰν
196 850 305 902 λέγων
333 853 532 902 κροτῶμαι,
561 852 644 900 παρ’
680 848 780 886 αὐτὸν
817 848 879 898 μὲν
907 847 964 884 τὸν
1000 845 1133 897 καιρὸν,

117 910 329 961 ἀνθρώπινόν
357 927 390 948 τι
410 911 559 962 πάρ-ιω,
582 909 636 960 (τί
654 909 722 959 γὰρ
743 911 804 946 οὐκ
827 908 867 944 ἅν
898 923 951 949 τις
976 905 1066 943 εἴποι
1094 905 1134 943 τὸ

116 971 281 1019 ἀληθές5)
311 972 370 1009 καὶ
397 971 586 1023 γάννυμαι,
606 970 666 1008 καὶ
699 968 903 1021 διαχέομαι·
936 966 1075 1005 ἐπειδὰν
1098 965 1134 1004 δὲ

115 1032 275 1070 ἀπελθὼν
308 1033 425 1069 οἴκαδε
457 1030 607 1076 ἐννοήσω
644 1029 721 1073 τοὺς
763 1028 998 1080 κροτήσαντας
1040 1027 1132 1066 οὐδὲν

115 1092 377 1144 ὠφεληθέντας,
399 1093 475 1128 ἀλλ’
497 1090 530 1127 εἴ
557 1106 592 1127 τι
624 1089 684 1128 καὶ
708 1091 930 1141 ὠφεληθῆναι
961 1088 1047 1136 ἔδει,
1068 1088 1134 1127 ὑπὸ

114 1157 174 1190 τοῦ
191 1153 314 1204 κρότου
334 1151 392 1188 καὶ
410 1154 478 1188 τῶν
491 1150 640 1188 ἐπαίνων
655 1149 921 1192 ἀπολωλεκότας
933 1179 942 1196 ,
958 1151 1133 1199 ὀδυνῶμαι

114 1211 175 1248 καὶ
194 1211 302 1249 στένω
316 1211 376 1249 καὶ
401 1210 557 1264 δακρύω,
577 1210 637 1247 καὶ
656 1212 701 1253 ὡς
728 1212 802 1261 εἰκῇ
834 1209 949 1248 πάντα
970 1210 1134 1263 εἰρηκὼς,

113 1271 205 1308 οὕτω
222 1272 420 1322 διάκειμαι,
440 1271 499 1308 καὶ
527 1270 612 1322 πρὸς
641 1270 788 1321 ἐμαυτὸν
810 1270 924 1322 λέγω·
950 1271 984 1308 τί
1008 1287 1066 1320 μοι
1096 1271 1135 1309 τὸ

115 1333 235 1386 ὄφελος
256 1337 323 1371 τῶν
354 1332 522 1386 ἱδρώτων,
542 1336 610 1370 τῶν
638 1333 831 1370 ἀκουόντων
858 1333 921 1370 οὒκ
950 1333 1134 1370 ἐθελόντων

115 1395 332 1447 καρποῦσθαί
350 1411 384 1432 τι
405 1393 503 1446 παρὰ
520 1396 587 1432 τῶν
604 1394 715 1444 λόγων
737 1397 805 1431 τῶν
824 1396 908 1446 παρ’
937 1397 1056 1444 ἡμῶν,
1077 1394 1136 1432 καὶ

116 1456 285 1499 πολλάκις
303 1456 468 1503 ἐνενόησα
502 1459 610 1493 θεῖναι
641 1455 744 1506 νόμον
770 1455 827 1493 τὸν
857 1454 1034 1493 κωλύοντα
1059 1454 1137 1498 τοὺς

117 1516 278 1570 κρότους,
297 1516 357 1554 καὶ
385 1516 547 1555 πείθοντα
581 1516 669 1567 μετὰ
703 1519 803 1568 σιγῆς
827 1518 919 1566 ὑμᾶς
946 1517 1138 1567 ἀκροᾶσθαι

116 1579 176 1616 καὶ
195 1580 258 1623 τῆς
276 1577 518 1630 προσηκούσης
535 1577 703 1621 εὐταξίας.
724 1577 827 1616 Ἀλλὰ
847 1577 1052 1629 ἀνάσΑεσθε,
1071 1594 1137 1615 πα-

118 1640 280 1690 ρακαλῶ,
296 1638 355 1677 καὶ
370 1638 536 1685 πείσθητέ
556 1655 632 1689 μοι,
654 1639 715 1676 καὶ
739 1641 768 1676 εἶ
795 1639 906 1686 δοκεῖ,
924 1643 1044 1676 τοῦτον
1070 1654 1137 1676 κυ-

119 1700 284 1752 ρώσωμεν
301 1700 359 1738 τὸν
376 1699 479 1749 νόμον
491 1699 557 1746 ἤδη
569 1729 578 1745 ,
593 1699 715 1750 μηδενὶ
728 1702 795 1737 τῶν
811 1699 1001 1737 ἀκουόντων
1013 1699 1138 1743 ἐξεῖναι

117 1767 250 1812 κροτεῖν
273 1759 398 1811 μεταξὺ
416 1760 574 1812 λέγοντός
593 1776 701 1805 τινος,
722 1761 799 1798 ἀλλ’
828 1762 857 1797 εἷ
881 1759 1039 1810 βούλοιτο
1059 1764 1139 1798 θαυ-

78 1820 81 1822 ’
117 1822 251 1874 μάζειν,
272 1820 477 1872 θαυμαζέτω)
505 1825 585 1872 σιγῇ
600 1837 607 1844 ·
625 1821 733 1865 οὐδεὶς
748 1824 765 1859 ὃ
784 1820 942 1869 κωλύων,
977 1828 1075 1859 πᾶσα
1102 1821 1137 1860 δὲ

113 1887 136 1929 ἡ
158 1882 290 1929 σπουδὴ
313 1882 373 1920 καὶ
392 1881 414 1928 ἦ
438 1881 616 1934 προθυμία
633 1881 713 1934 περὶ
734 1882 773 1920 τὸ
789 1882 950 1932 δέχεσθαι
978 1881 1022 1919 τὰ
1038 1882 1139 1934 λεγό-

117 1957 204 1993 μενα
221 1941 381 1993 γινέσθω.
402 1941 471 1980 Διὰ
499 1942 533 1979 τί
559 1942 790 1992 ἓκροτῆσατε5
811 1942 901 1994 Περὶ
926 1941 1048 1983 τούτου
1079 1943 1137 1981 τὸν

115 2003 220 2054 νόμον
238 2007 252 2023 ²¹
266 2003 389 2054 τίθημι
402 2019 409 2026 ·
426 2005 524 2053 ὑμεῖς
539 2003 574 2041 δὲ
591 2002 669 2041 οὐδὲ
690 2006 836 2041 ἀκοῦσαι
853 2003 1028 2055 ἀνέχεσθε.
1047 2005 1139 2042 Πολ-

115 2064 185 2101 λῶν
211 2068 311 2102 τοῦτο
347 2065 485 2112 ἀγαθῶν
524 2063 632 2100 αἴτιον
663 2063 780 2109 ἔσται,
809 2064 870 2101 καὶ
899 2063 1136 2102 διδασκάλειον

116 2123 330 2176 φιλοσοφίας.
348 2123 418 2161 Καὶ
438 2125 469 2161 οἱ
487 2126 556 2161 τῶν
580 2122 644 2167 ἔξω
663 2123 843 2175 φιλόσοφοι
861 2123 1064 2174 διελέγοντο,
1079 2124 1139 2162 καὶ

116 2184 224 2227 οὐδεὶς
243 2185 394 2234 οὐδαμοῦ
415 2183 535 2236 κρότος
551 2185 665 2228 αὐτοῖς
694 2183 810 2222 εἵπετο
824 2200 832 2208 ·
849 2185 908 2223 καὶ
935 2186 966 2223 οἱ
989 2186 1137 2223 ἀπόστο-

117 2248 171 2284 λοι
196 2246 448 2298 ἐδημηγόρουν,
467 2245 528 2283 καὶ
557 2246 708 2296 οὐδαμοῦ
728 2250 829 2283 τοῦτο
847 2245 1068 2298 πρόσκειται,
1085 2246 1138 2286 ὅτι

119 2305 247 2357 μεταξὺ
270 2305 440 2356 λεγόντων
460 2305 599 2344 ἐκείνων
630 2311 702 2349 τοῖς
733 2305 868 2358 κρότοις
901 2306 1081 2345 διέκοπτον
1109 2311 1140 2346 οἱ

118 2367 300 2410 ἀκούοντες
310 2367 367 2405 τὸν
384 2365 542 2418 λέγοντα.
558 2367 662 2418 Μέγα
676 2369 777 2405 τοῦτο
794 2366 912 2419 κέρδος
921 2370 1018 2417 ἡμῖν.
1035 2368 1140 2406 Ἀλλὰ

117 2429 330 2482 κυρώσωμεν
362 2433 481 2467 τοῦτο·
513 2430 588 2479 μεθ’
618 2428 768 2480 ἡσυχίας
794 2429 922 2472 πάντες
944 2428 1138 2480 ἀκούωμεν,

119 2490 179 2528 καὶ
199 2490 356 2541 λε’γωμεν
378 2489 527 2527 ἅπαντα.
541 2488 590 2527 Εἰ
618 2488 680 2539 μὲν
704 2489 771 2541 γὰρ
792 2489 880 2540 μετὰ
904 2489 981 2533 τοὺς
999 2490 1140 2542 κρότους

120 2549 293 2599 ἀπήειμεν
310 2549 446 2601 ἔχοντες
461 2549 549 2601 ἅπερ
571 2549 783 2600 ἠκούσαμεν,
804 2551 958 2601 μάλιστα
980 2550 1042 2601 μὲν
1063 2551 1139 2590 οὐδὲ

120 2610 210 2649 οὕτω
224 2609 397 2661 χρήσιμος
424 2613 442 2647 ὁ
461 2609 600 2653 ἔπαινος
621 2610 726 2661 (ἀλλ’
747 2612 809 2649 οὐκ
841 2611 881 2648 ἂν
903 2612 1140 2665 ἠκριὸολογη-

122 2670 253 2722 σάμην·
274 2670 322 2721 μὴ
356 2670 401 2720 με’
429 2686 482 2713 τις
512 2670 689 2723 ἀγροικίας
720 2673 922 2725 γραφέτω)·
954 2673 1072 2720 ἐπειδὴ
1105 2674 1140 2711 δὲ

123 2731 230 2780 μηδὲν
251 2732 291 2770 τὸ
314 2731 432 2779 πλέον,
453 2731 542 2770 ἀλλὰ
565 2731 625 2769 καὶ
658 2731 790 2783 βλάὸη,
811 2732 973 2784 λύσωμεν
1003 2734 1043 2772 τὸ
1069 2734 1142 2772 κώ-

120 2795 214 2843 λυμα
225 2822 236 2839 ,
256 2793 432 2844 ἀνέλωμεν
450 2792 495 2830 τὰ
513 2792 739 2844 σκιρτήματα
752 2824 761 2840 ,
784 2794 988 2846 ἐκκόψωμεν
1008 2794 1053 2833 τὰ
1071 2812 1140 2842 πη-

124 2853 264 2904 δήματα
277 2857 339 2900 τ’ἧς
353 2856 480 2906 ψυχῆς.
501 2853 545 2892 ‘O
561 2854 708 2902 Χριστὸς
725 2855 987 2908 ἐδημηγόρησεν
1004 2856 1061 2894 ε’πὶ
1082 2861 1141 2895 τοῦ

124 2915 238 2965 ὄρους·
259 2916 334 2953 ἀλλ’
372 2915 480 2959 οὐδεὶς
507 2915 603 2953 οὐδὲν
639 2909 745 2961 εἶπεν,
768 2915 833 2958 ἕως
865 2916 923 2954 ὅτε
954 2917 1011 2955 τὸν
1041 2916 1143 2968 λόγον

125 2974 290 3013 ἐτέλεσεν.
319 2976 396 3013 Οὐκ
429 2977 611 3028 ἀποστερῶ
642 2975 719 3020 τοὺς
754 2978 980 3027 βουλομένους
1011 2985 1144 3030 κροτεῖ-

126 3038 229 3082 σθαι,
249 3035 338 3074 ἀλλὰ
372 3038 504 3087 μᾶλλον
535 3038 770 3088 θαυμάζεσθαι
790 3042 893 3077 ποιῶ.
918 3040 1047 3091 Πολλῷ
1069 3039 1145 3090 βέλ-

125 3111 196 3133 τιον
211 3096 297 3145 μετὰ
319 3101 418 3147 σιγῆς
438 3097 633 3136 ἀκούσαντα
645 3127 654 3144 ,
671 3098 728 3136 διὰ
741 3101 803 3145 τῆς
824 3100 964 3150 μνήμης
988 3103 1022 3138 ἐν
1041 3099 1146 3138 παντὶ

126 3160 176 3209 τῷ
197 3156 310 3208 χρόνῳ
327 3163 472 3207 κροτεῖν,
487 3158 546 3196 καὶ
561 3162 593 3197 ἐν
613 3159 704 3211 οἰκίᾳ
717 3160 776 3197 καὶ
796 3162 828 3198 ἐν
844 3162 971 3212 ἀγορᾷ,
991 3161 1012 3205 ἢ
1032 3161 1147 3198 πάντα

128 3216 350 3255 ἀπολέσαντα
368 3218 579 3269 ἀπέρχεσθαι
597 3219 711 3257 οἴκαδε
731 3221 827 3260 κενὸν
839 3251 848 3268 ,
860 3224 920 3260 οὐκ
938 3221 1064 3273 ἔχοντα
1079 3223 1146 3259 τῶν

129 3277 259 3330 κρότων
293 3277 355 3324 τὴν
387 3278 557 3316 ὑπόθεσιν.
586 3281 669 3322 Πῶς
693 3280 825 3333 γὰρού
853 3281 1110 3333 καταγέλαστος
1131 3285 1148 3319 ὃ

174 3382 192 3406 ⁴1
216 3381 274 3413 Alii
290 3382 356 3423 [fl]
373 3386 448 3419 ὅπως
466 3384 664 3427 dissimilare-2,
680 3388 733 3426 032
755 3389 830 3421 ὃπως
848 3389 1044 3427 ὠφελήσωμεν
1071 3399 1136 3418 em-

132 3442 268 3475 πσὴτες,
288 3439 364 3471 31:12,-
383 3438 612 3475 Οαυχηςθώμεν,
633 3435 757 3475 [Paulo
781 3443 858 3468 ante
876 3442 1018 3481 ἀρμονῑάν
1044 3437 1137 3469 dedi-

1156 615 1180 642 Λ
1202 605 1364 653 beamur,
1374 620 1443 644 non
1456 616 1493 645 ut
1509 607 1721 657 doceamus3
1741 617 1780 646 ut
1801 608 2032 657 oblectemus,
2053 621 2124 645 non
2148 616 2188 644 ut

1203 680 1483 719 compungamus
1490 684 1501 718 5
1520 678 1559 706 ut
1578 683 1658 707 cum
1674 670 1801 721 plausu
1824 679 1856 708 et
1876 669 2042 707 laudibus
2073 669 2188 707 disce-

1201 726 1340 774 damus,
1356 742 1426 765 non
1448 737 1488 765 ut
1506 743 1620 766 mores
1642 732 1907 781 componamus.
1939 729 2080 768 Credite
2095 730 2185 768 mihi

1204 800 1273 823 non
1291 787 1355 824 abs
1375 801 1413 824 re
1430 787 1577 837 dicenti,
1596 802 1679 826 cum
1696 789 1893 840 praedicans
1920 790 2090 828 laudibus
2117 805 2182 828 ex·

1204 845 1331 896 cipior,
1352 846 1414 883 illo
1431 846 1577 897 quidem
1603 857 1760 899 tempore
1780 849 1978 887 humanum
2006 850 2094 901 quid
2122 866 2186 903 pa-

1204 905 1286 954 tior,
1311 908 1402 952 (cur
1423 906 1519 944 enim
1538 921 1620 945 vera
1640 922 1709 945 non
1727 907 1912 946 dixerim?
1933 914 1943 956 )
1963 910 2062 948 laetor
2079 920 2113 948 et
2133 912 2187 948 ef-

1205 965 1357 1005 fundor:
1381 965 1442 1003 ubi
1458 980 1542 1005 vero
1558 966 1705 1005 domum
1722 982 1897 1017 reversus,
1933 969 2048 1020 cogito
2083 972 2191 1022 plau*-

1204 1025 1325 1064 dentes
1352 1027 1492 1064 nullum
1525 1028 1702 1080 excepisse
1736 1029 1893 1067 fructum
1910 1045 1922 1080 5
1945 1030 2007 1067 sed
2043 1031 2073 1068 si
2105 1032 2191 1081 quid

1205 1086 1370 1125 utilitatis
1386 1088 1635 1140 accipiendum
1650 1098 1734 1137 erat,
1750 1089 1844 1127 illud
1863 1104 1907 1127 ex
1922 1091 2051 1142 plausu
2069 1101 2101 1129 et
2117 1092 2191 1129 lau-

1204 1146 1310 1185 dibus
1324 1148 1480 1200 periisse,
1499 1148 1695 1187 discrucior
1708 1159 1741 1187 et
1759 1150 1951 1201 ingemisco
1969 1181 1980 1201 ,
1999 1151 2190 1204 lacrymor,

1205 1221 1245 1245 ac
1264 1209 1293 1246 si
1314 1209 1433 1246 omnia
1446 1209 1578 1247 frustra
1597 1209 1768 1257 dixerim,
1786 1210 1833 1247 ita
1849 1211 2008 1260 affectus,
2029 1212 2190 1262 miliique

1191 1268 1274 1321 ·ipsi
1301 1268 1383 1307 dico
1405 1285 1412 1306 :
1431 1270 1518 1316 Quae
1538 1270 1628 1308 mihi
1648 1285 1693 1308 ex
1712 1270 1903 1309 sudoribus
1928 1272 2086 1321 utilitas,
2109 1287 2190 1311 cum

1204 1328 1385 1368 auditores
1406 1330 1498 1368 nihil
1510 1344 1555 1368 ex
1573 1331 1692 1370 verbis
1707 1331 1795 1370 meis
1814 1332 1981 1371 utilitatis
2011 1334 2191 1386 percipere

1207 1390 1388 1428 voluerint
1400 1391 1418 1428 Ξ)
1433 1406 1595 1444 saepeque
1614 1392 1767 1443 cogitavi
1787 1394 1900 1445 legem
1919 1395 2075 1446 proferre
2091 1396 2192 1447 plau-

1207 1465 1265 1489 sus
1284 1451 1543 1503 prohibentem,
1567 1462 1601 1490 et
1620 1453 1828 1505 persuadere
1848 1454 1960 1505 vobis,
1982 1465 2019 1493 ut
2047 1470 2129 1494 cum
2145 1458 2192 1494 si-

1208 1512 1317 1550 lentio
1334 1512 1486 1551 audiatis
1502 1523 1535 1551 et
1555 1528 1637 1552 cum
1652 1514 1789 1552 decenti
1804 1515 1987 1554 modestia.
2004 1517 2075 1555 Sed
2088 1519 2193 1555 susti-

1207 1583 1296 1624 nete,
1313 1589 1432 1625 quaeso
1445 1605 1455 1624 ,
1480 1584 1514 1613 et
1530 1575 1661 1614 credite
1678 1575 1769 1613 mihi
1786 1591 1797 1625 5
1819 1590 1874 1627 ac,
1899 1577 1928 1614 si
1954 1577 2082 1629 placet,
2103 1579 2194 1616 hanc

1207 1634 1390 1673 firmemus
1411 1636 1524 1687 legem
1543 1652 1551 1672 :
1569 1650 1612 1674 ne
1630 1636 1688 1674 cui
1706 1637 1910 1675 auditorum
1923 1637 2027 1676 liceat
2044 1639 2192 1690 loquen-

1208 1705 1278 1734 tem
1297 1697 1481 1748 plausibus
1500 1697 1738 1749 interpellare,
1757 1698 1818 1736 sed
1833 1699 1862 1737 si
1882 1699 2053 1741 admirari
2076 1702 2195 1740 volue-

1210 1756 1269 1805 rit,
1295 1757 1402 1795 silens
1436 1758 1631 1795 admiretur
1659 1774 1667 1794 ε
1694 1772 1796 1797 nemo
1825 1759 2050 1811 prohibebit:
2081 1762 2195 1799 omnis

1209 1831 1307 1867 cura,
1339 1832 1444 1856 omne
1464 1818 1626 1856 studium
1650 1819 1718 1869 sit,
1750 1829 1789 1857 ut
1830 1819 1926 1857 dicta
1955 1821 2192 1873 excipiantur.

1209 1879 1329 1925 Quare
1341 1879 1570 1931 applausistis
1590 1880 1698 1917 9Hac
1717 1880 1761 1917 de
1791 1894 1827 1917 re
1860 1881 1975 1933 legem
1988 1896 2081 1933 pono
2103 1898 2110 1918 ε
2132 1897 2194 1920 vos

1209 1952 1292 1978 vero
1325 1953 1368 1977 ne
1385 1939 1508 1977 audire
1535 1940 1679 1991 quidem
1699 1941 1891 1979 sustinetis.
1918 1941 1961 1979 Id
1999 1943 2195 1981 multorum

1209 2013 1313 2037 causa
1342 2000 1520 2038 bonorum
1553 2001 1631 2049 erit,
1658 2001 1964 2053 philosophiaeque
1991 2002 2193 2056 disciplina.

1208 2061 1358 2098 Externi
1381 2061 1588 2113 philosophi
1618 2061 1851 2111 disserebant,
1868 2063 2007 2101 nemine
2026 2078 2194 2115 umquam

1208 2121 1400 2172 plaudente
1411 2137 1422 2171 5
1451 2131 1485 2160 et
1505 2122 1982 2174 apostoliconcionabantur,
2003 2139 2116 2175 neque
2137 2140 2196 2163 us-

1208 2181 1306 2233 piam
1323 2181 1456 2233 legitur
1468 2212 1479 2231 ,
1498 2182 1594 2234 ipsos
1614 2183 1793 2233 loquentes
1807 2184 1852 2221 ab
1873 2184 2096 2223 auditoribus
2109 2186 2195 2223 fuis-

1209 2257 1245 2281 se
1261 2244 1391 2295 plausu
1403 2243 1654 2296 interpellatos.
1668 2245 1842 2295 Magnum
1860 2244 1928 2283 hoc
1943 2245 2197 2284 nobislucrum

1209 2303 1291 2341 erit.
1312 2302 1383 2342 Sed
1401 2303 1625 2342 stabiliamus
1644 2303 1736 2341 illud
1757 2320 1764 2340 :
1788 2319 1870 2342 cum
1902 2305 2042 2344 silentio
2075 2321 2194 2345 omnes

1209 2363 1412 2414 audiamus,
1435 2365 1625 2415 omniaque
1638 2364 1812 2403 dicamus.
1833 2365 1984 2404 Etiamsi
1999 2376 2077 2418 post
2091 2369 2194 2420 plau-

1211 2439 1290 2463 sum
1311 2425 1584 2471 discederemus,
1622 2440 1700 2477 quae
1738 2426 1944 2465 audivimus
1977 2428 2164 2467 retinentes
2184 2460 2194 2477 ,

1211 2501 1323 2538 neque
1341 2487 1392 2525 sic
1409 2487 1516 2525 etiam
1530 2487 1629 2525 utilis
1646 2488 1725 2525 laus
1744 2497 1833 2526 esset
1851 2492 1990 2536 (verum
2006 2503 2075 2527 non
2104 2491 2194 2528 ulte-

1211 2547 1285 2585 rius
1299 2547 1553 2598 disquirerem:
1569 2561 1612 2584 ne
1629 2547 1708 2597 quis
1728 2562 1784 2585 me
1797 2549 2005 2587 rusticitatis
2023 2556 2191 2597 accuset):

1212 2608 1296 2658 quia
1315 2622 1398 2646 vero
1419 2607 1511 2645 nihil
1526 2607 1609 2645 hinc
1634 2607 1738 2658 lucri,
1775 2608 1847 2646 imo
1863 2610 1982 2661 potius
2005 2610 2191 2658 damnum,

1212 2670 1393 2707 solvamus
1420 2668 1724 2720 impedimentum,
1744 2669 1870 2707 animae
1887 2670 1997 2708 saltus
2015 2671 2098 2709 illos
2127 2673 2193 2710 tol-

1212 2731 1328 2768 lamus
1338 2729 1667 2780 exscindamusque.
1684 2730 1848 2767 Christus
1861 2731 1897 2768 in
1913 2741 2030 2770 monte
2051 2733 2195 2771 conc-io-

1213 2801 1315 2829 natus
1331 2801 1406 2839 est;
1435 2800 1469 2828 et
1490 2805 1592 2828 nemo
1610 2790 1797 2843 quidpiam
1819 2791 1924 2841 dixit,
1951 2792 2062 2831 donec
2089 2794 2195 2832 finem

1214 2852 1356 2890 dicendi
1375 2852 1468 2890 fecit.
1506 2852 1606 2889 Nihil
1629 2851 1753 2889 damni
1778 2853 1868 2890 facio
1901 2853 1956 2902 iis,
1979 2855 2039 2904 qui
2073 2855 2197 2907 plaudi

1214 2913 1412 2951 desiderant
1425 2928 1434 2961 ;
1456 2912 1526 2950 imo
1544 2912 1582 2950 id
1603 2913 1741 2962 efficio,
1760 2923 1799 2950 ut
1830 2914 1942 2965 magis
1965 2915 2196 2955 admirentur.

1216 2977 1333 3015 Multo
1352 2976 1481 3014 melius
1499 2985 1550 3014 est
1567 2990 1649 3014 cum
1662 2976 1802 3014 silentio
1816 2977 2029 3027 audientem,
2052 2980 2086 3017 in
2101 2995 2199 3019 men-

1217 3047 1249 3075 te
1269 3046 1302 3075 et
1319 3037 1489 3075 memoria
1509 3037 1604 3075 omni
1623 3046 1779 3089 tempore
1796 3037 1982 3089 plaudere,
2003 3040 2124 3091 domi,
2164 3042 2201 3079 in

1170 3107 1192 3136 E
1217 3099 1293 3136 foro
1312 3114 1322 3147 5
1357 3112 1466 3148 quam
1484 3098 1623 3135 amissis
1640 3098 1804 3135 omnibus
1823 3098 1971 3137 domum
1994 3100 2109 3139 redire
2136 3094 2211 3140 va-¹

1219 3174 1337 3208 cuum,
1361 3159 1497 3196 nullam
1517 3159 1705 3196 habentem
1721 3159 1911 3210 plausuum
1927 3174 2080 3200 causam.
2102 3163 2203 3210 Quo-

1219 3220 1324 3259 modo
1346 3220 1440 3258 enim
1466 3234 1533 3257 non
1560 3219 1734 3256 ridiculus
1750 3219 1815 3256 erit
1831 3220 1976 3259 auditor
1994 3222 2011 3259 Ξ)
2026 3225 2205 3273 quomodo

1219 3295 1289 3319 non
1322 3281 1486 3319 adulator
1515 3290 1547 3317 et
1571 3280 1695 3317 irrisor
1721 3280 1916 3332 putabitur,
1954 3284 2014 3334 qui
2035 3295 2127 3323 recte
2154 3287 2207 3324 lo-

1203 3397 1274 3417 mus
1292 3396 1329 3416 cx
1351 3385 1388 3415 A.
1409 3385 1446 3415 C.
1469 3385 1505 3415 D.
1524 3382 1612 3414 Edit}
1632 3391 1662 3415 et
1683 3385 1715 3414 B.
1735 3387 1906 3428 ἁρμονίας]

1248 3447 1261 3461 ³
1285 3435 1371 3468 Alius
1397 3441 1515 3478 τίθημι,
1536 3442 1583 3468 καὶ
1602 3438 1680 3476 ὑμεῖς
1698 3442 1817 3470 ἀκοῦσαι
1837 3443 1884 3470 οὐκ.
1906 3445 2054 3483 ἀἶ-,ἔχεσθεΕ

2267 739 2386 766 Plausus

2241 781 2388 816 quomodo

2223 823 2388 858 excipiebat

2220 863 2389 900 Clirysosto-

2203 913 2276 930 mu3.
