2502 3810
745 247 788 278 IN
828 247 968 278 EPIST.

1008 245 1067 274 AD
1104 243 1195 273 ROM
1206 260 1215 272 .

2109 226 2194 288 671

1253 241 1390 273 HOMlL
1399 262 1408 272 .
1447 243 1476 273 X
1483 242 1507 274 V
1514 242 1526 273 1
1534 263 1544 272 .

125 351 191 380 202,
221 334 280 372 καὶ
307 334 368 381 τὴν
402 333 513 385 φλόγα
539 333 728 372 ἐννοοῦντες
750 329 812 374 τὴν
831 328 985 380 ἄφατον·
1007 326 1138 377 μᾶλλον
1149 357 1197 382 507
1210 322 1361 374 dixeris,
1380 323 1473 361 nihil
1488 324 1640 375 dignum
1656 323 1826 376 proferes.
1848 323 1941 361 Nam
1956 323 2082 376 pelago
2102 322 2199 361 omni

125 395 158 432 δὲ
171 425 180 441 ,
199 394 283 445 ὅπερ
304 394 342 432 ἂν
366 393 456 431 εἴποι
478 408 550 437 τις,
572 391 665 429 οὐδὲν
687 389 780 434 ἀξιον
800 391 880 440 ἐρεῖ.
904 388 971 425 Καὶ
989 387 1057 439 γὰρ
1072 401 1140 423 πε-
1163 394 1188 422 Α
1210 383 1330 432 latior,
1345 393 1378 421 et
1396 384 1539 422 flamma
1562 384 1657 422 omni
1677 384 1919 424 vehementior
1934 393 2008 421 erat
2025 384 2087 421 illa
2107 383 2199 421 dile-

123 455 248 504 λάγους
266 453 393 496 παντὸς
410 451 594 505 εὐρυτέρα,
609 450 667 488 καὶ
693 450 816 501 φλογὸς
835 448 973 494 ἁπάσης
993 447 1141 499 σφοδρο-

124 515 206 567 τέρα
231 510 272 561 ἦν
296 514 383 560 αὕτη
400 544 409 559 ,
430 513 489 551 καὶ
522 511 628 554 οὐδεὶς
649 511 755 557 αὐτὴν
777 512 854 548 κατ’
888 508 985 552 ἀξίαν
1015 510 1141 557 ἀναγν-

126 578 244 627 ρεῧσαι
274 574 457 619 δυνήσεται
486 572 587 623 λόγος
607 587 615 594 ·
649 572 724 609 ἀλλ’
761 572 888 612 ἐκεῖνος
921 568 1022 619 μόνος
1053 561 1141 604 οἶδεν

125 634 230 680 αὐτὴν
260 637 277 672 5
309 634 398 684 μετὰ
434 633 612 685 ἀκριὸείας
648 631 756 677 αὐτὴν
790 629 1018 679 κτησάμενος.
1046 627 1142 680 Φέρε

123 688 179 731 οὖν
209 694 313 732 πάλιν
348 694 436 732 αὐτὰ
461 693 505 731 τὰ
535 692 676 744 ῥήματα
707 693 754 734 εἷς
791 689 895 737 μέσον
931 689 1115 740 ἀγάγωμεν
1134 702 1142 710 ·

121 755 293 805 Πύχόμην
327 754 394 806 γὰρ
415 754 570 803 ἀνάθεμα
605 746 690 790 εἶναι
713 751 814 793 αὐτὸς
844 749 923 802 ἐγώ.
955 748 1002 786 Τί
1031 750 1143 795 ἐστιν,

124 816 235 858 Αὐτὸς
263 815 350 866 ἐγώ,
387 815 431 853 ‘O
464 814 670 855 διδάσκαλος
702 811 863 849 ἁπάντων
894 809 1095 861 γενόμενος,
1126 811 1144 845 5

126 876 230 927 μυρία
249 876 506 929 κατορθώματα
521 872 722 924 συναγαγὼν
735 902 745 919 ,
767 875 784 910 5
802 870 942 923 μυρίους
962 869 1142 917 ἀναμένων

125 936 326 987 στεφάνους,
347 939 364 973 5
384 935 539 980 ποθήσας
559 933 658 970 αὐτὸν
677 931 801 978 οὕτως,
819 934 866 973 ὣς
892 929 1031 968 πάντων
1059 944 1143 980 προ-

124 999 272 1045 τιμῆσαι
293 998 395 1033 αὐτοῦ
415 994 476 1041 τὴν
508 993 666 1044 ἀγάπην,
696 995 713 1030 5
741 993 816 1029 καθ’
837 990 987 1035 ἑκάστην
1007 988 1143 1041 ἡμέραν
1164 1000 1188 1030 Β

124 1055 166 1091 δι’
187 1055 286 1092 αὐτὸν
303 1054 485 1104 καιόμενος
497 1081 505 1095 ,
520 1052 578 1090 καὶ
604 1052 719 1089 πάντα
736 1050 877 1101 δεύτερα
893 1043 980 1087 εἶναι
994 1048 1143 1098 νομίζων

123 1118 182 1152 τοῦ
206 1114 346 1165 φίλτρου
366 1118 424 1151 τοῦ
444 1113 529 1165 πρὸς
549 1112 662 1149 αὐτόν.
685 1111 776 1149 Οὐδὲ
797 1110 864 1162 γὰρ
888 1113 948 1146 τοῦ
970 1111 1143 1162 φιλεῖσθαι

123 1173 241 1223 ἔμελεν
263 1176 356 1225 αὐτῷ
372 1172 468 1224 παρὰ
495 1177 554 1210 τοῦ
571 1173 722 1223 Χριστοῦ
746 1171 847 1221 μόνον
860 1201 869 1218 ,
890 1169 981 1208 ἀλλὰ
1003 1169 1062 1207 καὶ
1082 1172 1141 1206 τοῦ

122 1233 252 1286 σφόδρα
265 1235 374 1284 φιλεῖν
393 1231 494 1270 αὐτόν
512 1248 519 1255 ·
541 1232 623 1269 ὃκαὶ
632 1237 732 1270 τοῦτο
753 1231 906 1282 μάλιστα
923 1224 978 1276 ἦν.
993 1229 1061 1267 Διὰ
1076 1229 1143 1281 γὰρ

121 1297 221 1332 τοῦτο
239 1294 324 1345 πρὸς
340 1298 440 1331 τοῦτο
468 1293 591 1331 ἔὸλεπε
620 1291 743 1343 μόνον,
772 1292 831 1330 καὶ
859 1291 973 1330 πάντα
995 1291 1144 1334 εὐκόλως

120 1355 238 1407 ἔφερεν
258 1370 264 1378 ·
286 1355 320 1392 ἓν
345 1354 411 1407 γὰρ
431 1354 572 1393 ἐσκόπει
604 1354 660 1392 διὰ
692 1354 854 1403 πάντων,
887 1354 927 1392 τὸ
953 1353 1010 1391 τὸν
1038 1353 1143 1391 καλὸν

119 1419 238 1453 τοῦτον
276 1418 456 1466 ἐμπλῆσαι
489 1415 613 1468 ἔρωτα.
649 1415 717 1453 Καὶ
748 1415 887 1467 εὔχεται
919 1416 980 1465 μὲν
1010 1418 1142 1452 ταῦτα·

121 1476 240 1523 ἐπειδὴ
266 1475 301 1514 δὲ
327 1479 389 1514 οὐκ
416 1475 539 1527 ἔμελλε
559 1476 716 1527 γίνεσθαι
739 1475 867 1523 οὕτως,
897 1475 972 1514 οὐδὲ
999 1474 1143 1525 ἔμελλεν

122 1537 277 1586 ἀνάθεμα
313 1531 417 1584 εἶναι,
451 1543 616 1588 πειρᾶται
635 1537 755 1575 λοιπὸν
786 1536 845 1574 καὶ
877 1538 923 1579 εἷς
956 1535 1143 1586 ἀπολογίαν

122 1598 271 1647 {gie-Emi
292 1601 359 1635 τῶν
382 1598 627 1648 ἐγκλημάτων,
643 1598 703 1635 καὶ
721 1597 765 1635 τὰ
785 1597 1022 1649 θρυλλούμενα
1047 1597 1144 1649 παρὰ

120 1657 258 1695 πάντων
276 1660 321 1700 εἷς
342 1659 445 1708 μέσον
464 1658 574 1709 ἄγων,
591 1657 796 1709 ἀνατρέψαι.
822 1658 891 1696 Καὶ
919 1658 999 1709 πρὶν
1020 1660 1066 1701 εἷς
1080 1657 1143 1705 τὴν
1164 1667 1187 1698 C

121 1720 214 1769 σαφῆ
231 1718 363 1756 τούτων
380 1718 569 1770 ἀπολογίαν
590 1719 753 1769 ε’μὸἦναι,
770 1718 814 1757 τὰ
834 1718 1018 1770 σπέρματα
1039 1720 1145 1764 αὐτῆς

120 1778 186 1823 ἤδη
209 1779 552 1830 προκαταὲάλλεται.
574 1778 686 1817 ςΌταν
713 1778 780 1830 γὰρ
803 1778 910 1828 λέγῃ,
928 1774 995 1816 ῗΩν
1021 1783 1042 1825 ἦ
1072 1781 1145 1817 υἱο-

121 1839 218 1877 θεσία
242 1839 301 1876 καὶ
323 1843 344 1885 ἡ
370 1839 450 1884 δόξα
469 1840 529 1878 καὶ
548 1844 568 1886 ἡ
591 1840 775 1890 νομοθεσία
795 1840 853 1879 καὶ
880 1844 901 1886 ἡ
921 1842 1067 1893 λατρεία
1085 1841 1145 1879 καὶ

120 1902 155 1937 αἱ
177 1900 403 1950 ἐπαγγελίαι,
426 1900 520 1939 οὐδὲν
549 1901 634 1938 ἄλλο
653 1901 755 1952 φησὶν
772 1930 781 1947 ,
803 1900 824 1946 ἢ
846 1899 898 1938 ὅτι
924 1903 941 1938 5
973 1901 1062 1944 Θεὸς
1082 1901 1144 1951 μὲν

122 1960 244 2003 αὐτοὺς
264 1960 425 1999 {fietile-co
445 1965 599 2008 σωθῆναι
628 1961 700 2010 (καὶ
721 1965 822 1999 τοῦτο
852 1962 1004 2008 ἐδήλωσε
1026 1963 1068 1999 δι’
1097 1956 1144 1999 ὧν

120 2020 312 2073 ἔμπροσθεν
334 2022 497 2069 ἐποίησε,
519 2022 577 2059 καὶ
601 2023 644 2060 δι’
670 2017 717 2060 ὧν
746 2026 763 2060 5
780 2023 931 2073 Χριστὸς
950 2022 984 2066 ἐξ
1004 2022 1143 2060 ἐκείνων

122 2082 256 2130 ἐγένετο
268 2112 277 2128 ,
296 2081 354 2119 καὶ
371 2083 413 2119 δι’
427 2076 473 2119 ὧν
490 2088 559 2126 τοῖς
572 2082 746 2135 πατράσιν
763 2083 1010 2134 ἐπηγγείλατο)
1023 2099 1031 2106 ·
1047 2083 1146 2121 αὐτοὶ

122 2141 156 2178 δὲ
178 2141 212 2185 ἐξ
232 2142 361 2186 οἰκείας
378 2143 628 2193 ἀγνωμοσύνης
648 2143 906 2194 ἀπεκρούσαντο
925 2144 988 2190 τὴν
1009 2146 1143 2196 εὐεργε-

121 2202 210 2239 σίαν.
230 2203 293 2240 Διὸ
308 2203 367 2240 καὶ
394 2206 507 2241 ἐκεῖνα
527 2202 661 2251 τίθησιν
674 2234 683 2252 ,
704 2204 793 2257 ἅπερ
812 2207 874 2250 τ’ῆς
889 2210 947 2243 τοῦ
969 2207 1059 2243 Θεοῦ
1080 2207 1144 2243 δω-

123 2269 200 2315 ρεᾶς
227 2266 318 2301 ἐστιν
349 2263 546 2301 ἐνδεικτικὰ
577 2264 678 2315 μόνον
694 2294 702 2308 ,
724 2267 784 2302 οὐκ
804 2264 942 2302 ἐκείνων
962 2265 1121 2318 ἐγκώμια
1135 2282 1144 2290 ·

120 2322 177 2359 καὶ
197 2322 263 2374 γὰρ
286 2326 306 2369 ἡ
327 2323 479 2362 υἱοθεσία
501 2326 563 2369 τ’ἧς
593 2326 697 2362 αὐτοῦ
716 2323 837 2375 γέγονε
858 2324 1024 2377 χάριτος,
1045 2326 1104 2364 καὶ
1121 2329 1142 2373 ἡ

120 2383 199 2427 δόξα
227 2384 286 2422 καὶ
314 2387 349 2422 αἱ
372 2385 577 2436 ἐπαγγελίαι
598 2385 659 2423 καὶ
690 2387 707 2423 5
727 2385 842 2437 νόμος.
862 2385 972 2438 Ἅπερ
1005 2387 1143 2426 ἅπαντα
1162 2402 1188 2432 1)

120 2444 304 2492 ἐννοήσας,
325 2445 385 2483 καὶ
403 2446 629 2497 λογισάμενος
648 2446 761 2493 πόσην
789 2450 807 2485 5
841 2448 930 2491 Θεὸς
964 2449 1052 2499 μετὰ
1083 2453 1143 2487 τοῦ

120 2505 252 2547 Παιδὸς
281 2506 468 2552 ἐποιήσατο
494 2506 555 2552 τὴν
585 2507 736 2554 σπουδὴν
757 2509 867 2546 σῶσαι
897 2508 1038 2556 αὐτοὺς,
1066 2512 1142 2548 ἀνε-

122 2564 226 2610 ίότβε
247 2565 336 2615 μέγα
350 2595 359 2611 ,
381 2566 440 2603 καὶ
461 2560 553 2604 εἶπεν
571 2583 578 2590 ·
598 2566 666 2611 εὈς
686 2569 777 2606 ἔστιν
799 2569 982 2620 εὐλογητὸς
1001 2572 1047 2613 εἷς
1066 2571 1144 2615 τοὺς

121 2627 246 2668 αἰῶνας
261 2640 268 2648 ·
300 2625 392 2675 ἀμήν
413 2642 419 2649 ·
447 2626 510 2673 τὴν
540 2626 626 2680 ὑπὲρ
649 2628 788 2666 πάντων
811 2630 1032 2681 εὐχαριστίαν
1059 2633 1142 2669 ἀνα-

120 2685 232 2737 φέρων
254 2685 354 2729 αὐτὸς
374 2689 422 2738 τῷ
444 2689 631 2738 Μονογενεῖ
655 2693 714 2726 τοῦ
735 2691 838 2727 Θεοῦ.
860 2689 908 2727 Τί
927 2689 1014 2741 γὰρ,
1035 2694 1064 2729 εἷ
1084 2692 1144 2730 καὶ

120 2746 230 2798 ἕτεροι
251 2748 518 2797 βλασφημοῦσι,
536 2748 657 2799 φησὶν,
679 2751 755 2786 ἀλλ’
777 2752 880 2799 ἡμεῖς
899 2753 929 2788 οἱ
954 2751 999 2788 τὰ
1029 2752 1141 2804 ἀπόῤ-

121 2809 209 2857 ῥητα
232 2806 358 2850 εἰδότες
381 2809 504 2855 αὐτοῦ,
526 2808 585 2846 καὶ
605 2807 667 2854 τὴν
689 2809 809 2861 σοφίαν
831 2809 894 2857 τὴν
912 2811 1061 2863 ἄφατον,
1083 2813 1143 2851 καὶ

119 2865 182 2911 τὴν
202 2867 366 2918 πρόνοιαν
386 2867 448 2914 τὴν
479 2868 610 2915 πολλὴν
624 2899 633 2916 ,
654 2869 753 2919 ἴσμεν
783 2873 920 2923 σαφῶς,
943 2872 995 2910 ὅτι
1023 2874 1060 2911 οὐ
1083 2877 1142 2912 τοῦ

122 2927 423 2978 βλασφημεῑσθαι,
446 2928 536 2966 ἀλλὰ
555 2934 615 2967 τοῦ
634 2929 834 2974 δοξάζεσθαι
862 2931 963 2976 ἄξιος.
982 2935 1058 2971 Οὐκ
1078 2937 1144 2987 ἀρ·-

121 2987 251 3030 κεσθεὶς
268 2987 303 3026 δὲ
320 2989 422 3026 αὐτοῦ
442 2990 490 3040 τῷ
509 2990 699 3038 συνειδότι,
720 2998 885 3044 πειρᾶται
903 2993 963 3031 καὶ
978 2994 1143 3046 λογισμὸν

120 3046 250 3084 τιθέναι
274 3049 414 3098 λοιπὸν,
435 3050 494 3088 καὶ
520 3053 737 3105 σφοδροτέρῳ
757 3056 953 3105 κεχρῆσθαι
971 3055 1048 3092 κατ’
1078 3056 1140 3092 αὐ-

121 3111 188 3145 τῶν
219 3113 268 3162 τῷ
298 3112 390 3163 λόγῳ
412 3129 419 3136 ·
446 3113 504 3151 καὶ
534 3114 571 3151 οὐ
603 3114 768 3167 πρότερον
803 3117 1022 3156 ἀποτείνεται
1056 3119 1140 3169 πρὸς
1165 3134 1188 3164 Ε

123 3175 261 3223 αὐτοὺς,
279 3176 341 3219 ἕως
360 3178 422 3224 τὴν
449 3179 610 3217 ὑπόνοιαν
640 3180 702 3228 τὴν
731 3184 842 3221 αὐτῶν
861 3185 1044 3236 περιεῖλεν.
1065 3185 1140 3223 Ἵνα

122 3241 188 3291 ἰ’ὰρ
223 3241 270 3290 υ),
307 3242 384 3293 δόξῃ
414 3246 459 3287 ὡς
488 3246 622 3297 ἐχθροῖς
653 3248 892 3300 διαλέγεσθαι,
926 3250 983 3288 καὶ
1010 3251 1140 3303 προϊών

168 3383 178 3396 ‘¹
203 3374 275 3413 Ῑικὶ
356 3378 387 3411 ἦν
405 3372 521 3406 desum
540 3375 572 3406 111
591 3377 644 3418 Α.]

1213 444 1294 492 ctio,
1307 454 1341 482 et
1357 446 1476 483 nullus
1491 460 1604 484 sermo
1619 446 1731 498 possit
1751 446 1851 483 illam
1870 459 1933 497 pro
1952 444 2125 496 dignitate
2142 458 2199 481 re-

1213 520 1352 544 censere
1361 522 1372 556 ,
1387 506 1448 544 sed
1467 507 1528 544 ille
1546 507 1643 544 solus
1658 507 1772 559 ipsam
1789 515 1946 554 noverat,
1961 504 2023 556 qui
2036 505 2099 542 illa
2115 519 2199 544 vere

1213 569 1360 606 affectus
1378 579 1464 607 erat.
1478 571 1552 620 Age
1570 569 1686 620 itaque
1715 569 1791 607 haee
1809 583 1932 606 rursus
1950 568 2058 606 verba
2074 567 2112 605 in
2126 582 2200 606 me-

1213 629 1315 668 dium
1327 631 1760 683 adducamu520ptabarn
1774 634 1876 669 enim
1890 633 2102 669 anathema
2120 644 2202 668 esse

1214 693 1293 741 ipse
1305 705 1385 742 ego.
1403 691 1502 740 Quid
1518 700 1582 738 est,
1599 694 1686 742 Ipse
1700 691 1794 742 ego?
1809 691 1881 736 Qui
1897 691 2056 728 omnium
2075 691 2200 729 doctor

1214 765 1324 801 eram,
1349 753 1411 802 qui
1436 753 1619 790 innumera
1641 753 1811 804 praeclara
1845 766 1950 803 opera
1972 753 2196 804 collegeram,

1215 812 1275 862 qui
1290 813 1387 850 mille
1400 827 1543 851 coronas
1559 813 1822 864 exspectabam,
1839 813 1900 863 qui
1920 813 2022 851 illum
2042 814 2091 851 ita
2105 814 2199 852 desi-

1213 871 1333 910 dcravi
1348 903 1359 921 ,
1378 882 1418 910 ut
1445 874 1519 925 ejus
1537 887 1695 910 amorem
1716 873 1881 910 omnibus
1904 874 2116 925 praeferrem,
2136 875 2198 924 qui

1212 933 1373 984 quotidie
1405 943 1549 985 propter
1581 934 1684 971 illum
1714 948 1813 981 uror,
1833 943 1865 971 et
1887 935 2004 971 omnia
2025 944 2198 986 postpono

1213 993 1324 1030 amori
1336 994 1553 1045 ejus.Neque
1566 994 1660 1030 enim
1677 994 1822 1030 curabat
1836 1002 1986 1043 tantum,
2005 1004 2044 1031 ut
2059 1009 2078 1031 a
2093 994 2198 1032 Chri-

1214 1063 1266 1092 sto
1285 1064 1476 1101 amaretur,
1498 1054 1560 1092 sed
1580 1063 1613 1092 et
1632 1063 1672 1092 ut
1690 1055 1795 1092 illum
1825 1053 2020 1091 admodum
2046 1066 2198 1106 amaret;

1214 1124 1248 1154 et
1263 1116 1330 1154 hoc
1344 1116 1500 1153 maxime
1517 1116 1677 1153 curabat.
1693 1114 1777 1153 Ideo
1791 1115 1897 1163 enim,
1911 1129 1993 1152 cum
2007 1115 2075 1153 hoc
2088 1130 2199 1153 unum

1214 1185 1402 1229 spectaret,
1423 1176 1542 1214 omnia
1574 1177 1678 1214 facile
1709 1176 1841 1214 ferebat
1858 1190 1991 1213 :unum
2013 1176 2106 1214 6111111
2138 1191 2202 1228 per

1216 1238 1335 1276 omnia
1350 1238 1385 1275 in
1404 1237 1522 1275 animo
1540 1237 1706 1286 habebat,
1727 1246 1766 1274 ut
1780 1237 1975 1288 pulchrum
1987 1237 2085 1274 hunc
2103 1251 2200 1275 amo-

1214 1313 1289 1337 rem
1308 1299 1476 1351 expleret.
1500 1299 1582 1337 Haec
1601 1312 1708 1350 porro
1739 1298 1800 1335 ille
1818 1306 1914 1349 optat
1931 1297 2013 1335 :sed
2030 1297 2113 1348 quia
2132 1312 2202 1335 non

1213 1360 1295 1397 talis
1312 1374 1374 1397 nec
1387 1360 1575 1397 anathema
1592 1360 1734 1397 futurus
1753 1368 1838 1406 erat,
1862 1367 1971 1396 tentat
1986 1359 2146 1409 demum,
2163 1367 2202 1395 ut

1215 1430 1334 1458 contra
1364 1423 1600 1459 accusationes
1634 1420 1873 1458 defensionem
1910 1429 2023 1471 paret,
2046 1435 2123 1471 quae
2157 1434 2203 1458 ex

1214 1481 1372 1518 omnium
1390 1496 1532 1519 rumore
1549 1481 1752 1519 ferebantur
1767 1481 1803 1518 in
1823 1480 1983 1518 medium
2009 1480 2203 1528 adducens,

1214 1551 1254 1579 ut
1274 1543 1428 1580 confutet
1447 1542 1521 1580 illa.
1542 1545 1592 1580 Ac
1611 1542 1821 1594 priusquam
1839 1542 1885 1579 ad
1907 1542 2007 1579 1113111
2023 1541 2203 1580 defensio—

1215 1617 1294 1640 nem
1310 1603 1401 1641 serio
1417 1603 1548 1652 veniat,
1564 1603 1639 1654 ejus
1654 1603 1785 1640 semina
1795 1603 1871 1654 jam
1887 1603 1988 1654 prius
1999 1603 2098 1654 jacit.
2113 1603 2203 1639 Cum

1215 1663 1309 1700 enim
1323 1662 1424 1709 dicit,
1435 1664 1606 1714 Quorum
1623 1664 1780 1714 adoptio
1799 1671 1836 1700 et
1855 1663 1981 1714 gloria
1993 1671 2029 1699 et
2050 1663 2204 1713 legisla-

1215 1726 1267 1760 tio
1286 1731 1323 1760 et
1350 1724 1479 1761 cultus
1504 1732 1539 1761 et
1561 1725 1848 1775 promissiones,
1867 1722 1958 1759 nihil
1978 1722 2080 1759 aliud
2102 1721 2204 1772 dicit,

1213 1798 1321 1835 quam
1330 1783 1425 1834 quod
1437 1785 1533 1822 Deus
1546 1783 1691 1835 quidem
1707 1783 1785 1821 illos
1795 1783 1911 1821 salvos
1921 1783 2035 1820 facere
2041 1783 2146 1822 vellet
2156 1786 2205 1832 (et

1213 1845 1281 1883 hoc
1295 1845 1438 1896 quidem
1446 1845 1641 1884 declaravit
1653 1859 1715 1897 per
1725 1859 1778 1895 63,
1794 1859 1873 1895 quae
1892 1853 1992 1882 antea
2003 1845 2146 1891 fecerat,
2159 1858 2206 1882 ex

1215 1923 1266 1958 60,
1287 1907 1382 1958 quod
1404 1907 1566 1945 Christus
1587 1922 1632 1945 ex
1650 1907 1722 1945 illis
1742 1916 1839 1944 ortus
1859 1906 1916 1953 sit,
1937 1916 1970 1944 et
1991 1921 2052 1958 per
2067 1920 2107 1943 ea
2127 1920 2205 1956 quae

1214 1970 1376 2022 patribus
1408 1969 1604 2021 promisit):
1628 1968 1697 2020 ipsi
1726 1978 1844 2006 autem
1863 1982 1907 2006 ex
1927 1968 2065 2018 ingrato
2086 1968 2206 2006 animo

1214 2045 1277 2069 suo
1296 2029 1507 2068 beneficium
1527 2030 1743 2081 repulerunt.
1767 2029 1853 2067 Ideo
1873 2028 1935 2066 illa
1954 2029 2069 2066 50111111
2087 2028 2204 2080 ponit,

1215 2106 1294 2142 quae
1314 2090 1398 2128 doni
1418 2090 1484 2128 Dei
1502 2099 1584 2128 sunt
1603 2090 1748 2138 indicia,
1766 2104 1837 2128 non
1857 2089 2000 2127 illorum
2022 2090 2204 2128 encomia:

1213 2166 1297 2189 nam
1310 2151 1454 2203 adoptio
1469 2165 1514 2188 ex
1525 2151 1623 2188 illius
1639 2151 1754 2202 gratia
1769 2151 1925 2202 profecta
1941 2159 2005 2197 est,
2025 2159 2063 2187 ut
2081 2159 2113 2187 et
2129 2150 2204 2202 glo-

1214 2212 1283 2262 ria,
1305 2211 1556 2263 promissiones
1576 2221 1609 2249 et
1629 2212 1700 2249 lex.
1725 2211 1813 2257 Quae
1840 2211 1959 2253 omnia
1981 2211 2151 2261 cogitans,
2172 2219 2206 2248 et

1214 2273 1434 2324 perpendens
1452 2281 1623 2322 quantam
1654 2273 1750 2309 Deus
1778 2285 1859 2310 cum
1879 2271 1972 2308 Filio
1993 2285 2115 2308 curam
2137 2271 2204 2308 ha-

1214 2333 1332 2371 buerit
1353 2334 1433 2371 illos
1452 2333 1629 2383 servandi,
1648 2347 1736 2371 voce
1755 2346 1883 2384 magna
1902 2332 2071 2370 clamavit
2091 2341 2124 2369 et
2148 2331 2205 2369 di-

1214 2394 1290 2432 xit:
1310 2396 1385 2445 Qui
1407 2404 1460 2433 est
1489 2396 1709 2433 benedictus
1726 2397 1768 2432 in
1791 2395 1956 2432 soecula:
1977 2408 2120 2442 amen;
2140 2408 2204 2445 pro

1214 2456 1379 2494 omnibus
1410 2457 1486 2509 ipse
1517 2456 1670 2508 gratiam
1709 2456 1860 2494 referens
1892 2455 2087 2507 Unigenito
2119 2455 2200 2493 Dei.

1214 2517 1315 2563 Quid
1344 2517 1452 2567 6111111,
1484 2517 1614 2568 inquit,
1637 2517 1667 2554 si
1698 2517 1759 2553 alii
1779 2515 2058 2567 blasphemant?
2078 2518 2122 2553 At
2141 2530 2205 2553 nos

1213 2579 1274 2629 qui
1294 2593 1420 2616 arcana
1449 2579 1525 2631 ejus
1547 2578 1723 2624 vidimus,
1754 2577 1965 2628 sapientiam
1985 2577 2203 2614 ineffabilem

1213 2648 1247 2676 et
1265 2653 1432 2690 magnam
1461 2639 1738 2690 providentiam,
1763 2637 1855 2675 clare
1887 2637 2020 2675 scimus
2052 2637 2204 2688 dignum

1214 2713 1287 2737 esse
1317 2713 1387 2737 non
1420 2700 1482 2749 qui
1513 2699 1794 2750 blasphemetur,
1823 2697 1885 2735 sed
1918 2698 1980 2747 qui
2020 2697 2203 2748 glorifice-

1213 2769 1284 2798 tur.
1309 2761 1388 2797 Non
1407 2768 1589 2796 contentus
1609 2767 1727 2796 autem
1751 2757 1960 2795 conscientia
1991 2771 2070 2806 5113,
2089 2757 2201 2795 ratio-

1215 2819 1348 2857 cinium
1379 2828 1502 2856 suum·
1515 2826 1627 2856 tentat
1660 2817 1844 2868 adhibere,
1876 2826 1910 2854 et
1941 2817 2204 2855 vehementiore

1215 2889 1335 2918 contra
1352 2879 1434 2917 illos
1450 2893 1608 2917 sermone
1622 2879 1752 2916 instare
1764 2893 1776 2928 3
1799 2892 1862 2916 nec
1882 2878 1980 2930 prius
2009 2878 2090 2916 illos
2115 2877 2204 2915 ado—

1213 2943 1304 2980 ritur
1317 2973 1328 2990 ,
1371 2956 1478 2992 quam
1524 2941 1669 2978 illorum
1714 2939 1952 2991 suspicionem
2005 2938 2201 2977 sustulerit.

1212 3005 1266 3042 Ne
1297 3002 1479 3042 videretur
1511 3001 1605 3039 enim
1636 2999 1801 3038 inimicos
1831 2999 1983 3051 alloqui,
2010 3008 2045 3037 et
2083 3008 2204 3051 postea

1212 3068 1300 3106 dicit
1317 3084 1324 3104 :
1342 3070 1515 3115 Fratres,
1532 3065 1719 3103 voluntas
1749 3065 1874 3102 cordis
1899 3066 1986 3111 mei,
2004 3072 2039 3100 et
2056 3064 2201 3114 suppli·
2218 3078 2308 3107 Rom.
2321 3087 2404 3109 10‚„

1213 3131 1313 3168 catio
1334 3128 1386 3166 ad
1400 3129 1540 3173 Deum,
1554 3139 1624 3177 pro
1645 3125 1722 3162 illis
1742 3133 1799 3162 est
1821 3125 1874 3162 ad
1891 3125 2052 3161 salutem
2073 3139 2083 3159 :
2100 3132 2132 3161 et
2146 3123 2204 3161 hic

1214 3203 1295 3227 cum
1311 3188 1391 3226 aliis
1406 3201 1486 3238 quae
1497 3186 1604 3232 dixit,
1623 3185 1760 3223 curavit
1775 3193 1816 3222 ut
1832 3198 1874 3222 116
1884 3184 2068 3223 videretur
2077 3198 2121 3222 ex
2134 3184 2203 3222 ini-

1214 3249 1348 3289 micitia
1369 3249 1526 3301 proferre
1557 3246 1631 3298 illa,
1660 3260 1738 3298 quae
1769 3254 1887 3285 contra
1915 3244 2010 3298 ipsos
2040 3244 2204 3284 dicturus
