2502 3810
990 283 1231 315 PRAEFArio.
2050 262 2145 326 459

263 568 685 663 SAVILII
745 573 859 657 IN
925 571 1351 661 TOMUM
1420 570 1964 657 TERTIUM.

139 952 311 989 Caeterum
330 949 374 988 de
391 950 481 995 loco,
504 948 567 985 ubi
586 947 726 998 scriptae
744 945 801 986 vel
816 945 919 982 dictae
939 944 1009 982 sint
1028 944 1082 981 hae
1103 944 1139 981 in
1157 944 1301 982 beatum
1322 943 1532 995 Apostolum
1550 957 1569 981 a
1585 946 1719 983 Joanne
1735 953 1853 985 nostro
1870 946 2057 985 elaboratae
2076 947 2152 986 Ex-

89 1012 276 1063 positiones
296 1020 328 1048 et
344 1010 513 1059 bomiliae,
530 1024 548 1047 a
565 1008 677 1046 doctis
691 1007 796 1046 video
815 1005 852 1043 in
867 1005 984 1044 varias
1004 1005 1094 1042 itum
1112 1018 1185 1042 esse
1198 1004 1397 1042 sententias.
1416 1003 1573 1042 Andreas
1586 1005 1767 1042 Dounaeus
1781 1005 1816 1042 in
1832 1006 1923 1043 notis
1939 1007 2012 1045 suis
2024 1006 2154 1045 doctis-

88 1074 187 1111 simis
202 1073 248 1110 ad
265 1087 345 1110 eum
360 1073 479 1109 locum
499 1070 755 1122 Chrysostomi,
773 1068 833 1119 qui
852 1067 1027 1119 reperitur
1047 1068 1152 1105 Tom.
1173 1068 1213 1117 4,
1233 1080 1316 1118 pag.
1336 1069 1351 1104 ’1
1362 1068 1426 1115 96,
1448 1068 1498 1104 15
1517 1082 1524 1102 :
1543 1066 1777 1119 προσέκρουσε
1792 1071 1842 1120 τῷ
1868 1084 1953 1107 ποτε
1972 1073 2155 1123 κρατοῦντι

88 1139 110 1180 ἡ
137 1136 236 1177 πόλις
260 1138 281 1180 ἡ
302 1134 455 1185 ἡμετέρα
478 1143 542 1170 etc.
557 1163 566 1181 ,
592 1132 708 1170 omnia
729 1132 804 1168 haec
823 1131 858 1167 in
877 1131 1023 1167 beatum
1040 1130 1192 1167 Paulum
1210 1129 1404 1167 Antiochiae
1427 1130 1558 1181 scripta
1579 1129 1722 1168 videtur
1739 1144 1891 1169 asserere
1910 1147 1918 1167 :
1939 1146 2021 1169 cum
2040 1141 2156 1170 tamen

87 1195 132 1232 (16
151 1196 221 1232 11115
242 1195 327 1246 ipsis
344 1195 378 1232 in
401 1194 599 1245 Epistulam
618 1193 665 1230 ad
689 1193 910 1230 Colossenses
929 1191 1166 1229 certissimum
1186 1191 1231 1228 sit
1252 1190 1401 1243 scriptas
1421 1191 1528 1229 fuisse
1543 1192 1602 1229 vel
1621 1191 1761 1230 habitas
1779 1193 2099 1246 Constantinopoli,
2118 1203 2158 1232 ut

88 1271 131 1294 ex
146 1257 372 1307 sequentibus
391 1256 550 1307 liquebit.
575 1257 703 1293 Contra
722 1255 903 1307 βιογράφοι
915 1284 924 1301 ,
941 1254 1004 1305 qui
1017 1254 1151 1291 bellam
1171 1253 1273 1291 nobis
1292 1253 1538 1305 excogitarunt
1558 1254 1716 1292 fabulam
1733 1255 1832 1293 illam
1851 1255 1894 1293 de
1910 1256 2022 1294 Paulo
2040 1256 2077 1294 in
2096 1272 2159 1294 au-

90 1334 164 1357 rem
188 1318 342 1357 dictante
362 1327 480 1356 nostro
501 1318 644 1367 Joanni,
674 1332 752 1368 quae
771 1317 952 1366 scriberet,
971 1331 1119 1367 eamque
1137 1331 1213 1354 rem
1232 1317 1360 1355 Proclo
1382 1319 1394 1365 (
1411 1317 1475 1367 qui
1493 1326 1571 1354 tum
1589 1317 1814 1356 ministrabat
1837 1318 2105 1371 Chrysostomo,
2126 1330 2160 1358 et

89 1391 208 1434 postea
226 1383 260 1419 in
280 1382 483 1434 episcopatu
502 1380 695 1430 successit)
717 1395 780 1433 per
797 1380 904 1418 rimas
923 1379 1052 1431 visam,
1075 1388 1201 1418 cuncta
1226 1379 1393 1419 videntur
1416 1380 1600 1419 vindicare
1618 1381 1937 1434 Constantinopoli.
1960 1382 2102 1433 Neutri,
2122 1392 2161 1421 ut

91 1445 229 1497 opinor,
249 1459 330 1482 vere
351 1460 358 1481 :
378 1443 570 1482 rectissime
594 1443 756 1494 Photius,
778 1443 838 1494 qui
855 1456 935 1495 pag.
958 1445 1028 1482 201
1055 1442 1220 1481 editionis
1238 1445 1390 1495 August.
1415 1443 1574 1482 mediam
1598 1453 1692 1482 secat
1706 1444 1816 1493 viam,
1834 1444 1890 1482 his
1906 1445 2023 1484 verbis
2042 1464 2049 1484 :
2071 1446 2162 1485 ἀλλὰ

92 1507 153 1550 τὰς
192 1506 260 1558 μὲνΔ
281 1509 327 1550 εἷς
351 1506 407 1544 τὸν
435 1506 624 1544 ἀπόστολον
653 1505 868 1558 συγγραφὰς,
896 1505 987 1544 ἐστὶν
1015 1505 1050 1549 ἐξ
1075 1507 1187 1544 αὐτῶν
1207 1506 1344 1544 ἐκείνων
1366 1509 1576 1558 ἐπιγνῶναι,
1600 1506 1698 1545 ποῖαί
1720 1522 1758 1545 τε
1779 1509 1889 1545 αὐτῶν
1918 1510 1952 1546 ἐν
1973 1507 2164 1560 Ἀντιοχείᾳ

94 1568 303 1621 διατρίὸοντι
329 1567 582 1614 ἐξεπονήθησαν
596 1598 605 1615 ,
627 1566 663 1604 αἳ
682 1567 740 1605 καὶ
761 1568 890 1616 μᾶλλον
908 1565 1157 1617 διηκρίὸωνται
1171 1596 1180 1614 ,
1207 1566 1266 1604 καὶ
1285 1572 1383 1604 ποῖαι
1406 1567 1686 1619 ἀρχιερατεύοντι
1706 1567 1930 1615 ἐποιήθησαν.
1954 1567 2013 1605 Ex
2035 1568 2165 1618 quibus

94 1631 214 1668 verbis
241 1631 404 1680 quamvis
422 1644 485 1667 nec
505 1630 570 1679 ibi,
591 1643 654 1667 nec
679 1643 842 1679 usquam,
860 1628 958 1679 quod
977 1628 1099 1675 sciam,
1124 1629 1170 1666 ab
1195 1628 1272 1680 ipso
1291 1629 1420 1667 diserte
1435 1630 1671 1681 exprimatur,
1693 1644 1764 1681 quo
1782 1645 1928 1682 quaeque
1942 1631 2020 1669 loco
2035 1631 2167 1683 scripta

94 1693 234 1741 fuerint,
249 1693 315 1731 hoc
329 1702 444 1731 tamen
458 1693 630 1730 habemus
649 1692 949 1730 Antiochenorum
964 1700 998 1729 et
1017 1692 1488 1744 Constantinopolitanorum
1502 1693 1691 1745 κριτήριον,
1704 1693 1875 1731 nimirum
1891 1694 1954 1742 τὴν
1973 1695 2165 1747 ἀκρίδειαν.

96 1758 175 1802 Quo
194 1765 309 1793 tamen
324 1756 491 1808 κριτηρίῳ
509 1755 637 1794 certius
655 1755 828 1792 habemus
847 1754 946 1792 aliud
963 1764 996 1792 et
1009 1754 1126 1792 minus
1137 1755 1250 1792 fallax
1270 1754 1306 1792 in
1324 1755 1518 1804 nonnullis,
1533 1755 1686 1793 auctoris
1703 1756 1814 1808 ipsius
1833 1757 1952 1795 verba.
1964 1757 2038 1794 Ubi
2050 1766 2166 1795 autem

96 1818 162 1855 ho(-
181 1818 414 1855 destituemur
432 1818 591 1856 subsidio
606 1820 742 1869 (neque
761 1818 855 1856 enim
875 1818 911 1855 in
925 1818 1089 1855 omnibus
1105 1817 1194 1856 illus]
1216 1832 1261 1856 ex
1274 1818 1394 1856 verbis
1415 1819 1661 1870 Chrysostomi
1680 1828 1824 1871 apparet
1842 1823 1868 1868 ),
1892 1818 2168 1871 confugiendum

96 1880 161 1917 crit
180 1879 226 1917 ad
246 1880 343 1931 prius
364 1879 457 1917 illud
473 1884 535 1927 τῆς
555 1881 733 1932 ἀκριέείας
753 1880 927 1933 κριτήριον
940 1909 949 1926 ,
963 1880 1031 1918 1106
1043 1888 1106 1929 est,
1121 1873 1175 1917 res
1194 1879 1443 1931 probabilibus
1459 1879 1669 1930 conjecturis
1685 1878 1927 1930 expendenda.
1943 1883 1993 1919 Ac
2009 1895 2051 1919 ne
2062 1882 2169 1935 longe

96 1943 273 1991 abeamus,
293 1941 337 1980 de
358 1942 475 1994 priore
493 1942 538 1980 ad
558 1943 760 1980 Corinthios
780 1957 986 1995 expressum
1004 1942 1177 1980 habemus
1202 1956 1247 1980 ex
1266 1942 1376 1994 ipsius
1398 1942 1642 1995 Chrysostomi
1663 1942 1782 1980 verbis
1802 1942 2055 1995 testimonium,
2080 1947 2167 1984 scri-

97 2015 174 2057 ptas
190 2006 296 2042 fuisse
317 2005 482 2043 homilias
498 2006 577 2043 illas
601 2005 810 2043 Antiochiae.
832 2007 947 2043 Locus
965 2015 1031 2055 cst,
1049 2005 1199 2043 homilia
1220 2005 1392 2056 vigesima
1409 2005 1525 2056 prima
1546 2019 1581 2056 p.
1599 2006 1690 2054 579,
1710 2007 1733 2042 7
1752 2020 1760 2041 t
1782 2006 1840 2043 καὶ
1858 2010 1968 2045 ταῦτα
1989 2010 2023 2046 ἐν
2040 2009 2168 2048 Ἀντιο-

97 2068 194 2119 χεία,
220 2071 252 2106 ἐν
273 2063 297 2119 ἦ
316 2072 451 2120 πρῶτον
473 2067 713 2121 ἐχρημάτισαν
732 2068 947 2122 Χριστιανοί.
979 2068 1027 2106 Et
1051 2068 1197 2119 quidem
1221 2068 1338 2105 Photii
1362 2067 1538 2121 κριτήριον
1562 2067 1646 2105 111116
1666 2067 1795 2119 scripto
1816 2069 1969 2120 perbelle
1988 2073 2167 2121 convenit,

97 2145 178 2168 cum
198 2131 288 2168 nihil
303 2131 346 2168 sit
370 2131 508 2183 uspiam
525 2133 569 2169 ab
589 2134 723 2171 Joanne
750 2141 868 2169 nostro
899 2131 971 2169 illis
987 2131 1207 2169 sermonibus
1223 2131 1394 2183 scriptum
1417 2130 1631 2181 accuratius,
1653 2130 1743 2168 nihil
1763 2132 1932 2170 limatius.
1951 2134 2004 2171 De
2022 2135 2165 2174 Sermo-

97 2192 201 2229 nibus
217 2192 252 2229 in
272 2192 469 2244 Epistolam
488 2193 536 2231 ad
553 2193 690 2243 Titum,
708 2194 896 2246 plusquam
914 2194 1098 2245 probabile
1113 2202 1175 2242 est,
1189 2193 1331 2230 habitos
1351 2192 1475 2230 itidem
1496 2192 1605 2230 fuisse
1623 2193 1832 2231 Antiochiae.
1858 2194 1918 2232 Sic,
1937 2195 2030 2232 enim
2049 2196 2168 2247 loqui-

98 2265 155 2292 tur
174 2255 320 2292 homilia
342 2255 456 2303 tertia,
475 2270 557 2308 pag.
579 2257 670 2303 5931),
689 2257 740 2294 45
759 2272 766 2292 :
787 2256 821 2294 τί
840 2256 880 2294 ἂν
901 2255 992 2294 εἴποι
1012 2273 1064 2300 τις
1082 2256 1161 2310 περὶ
1179 2259 1247 2294 τῶν
1272 2257 1317 2298 εἷς
1338 2255 1463 2299 τόπους
1484 2254 1732 2307 ἀπερχομένων
1748 2256 1889 2300 ἐκείνοις
1908 2258 2067 2308 (scilicet
2082 2260 2168 2299 Ἰου-

97 2318 203 2361 δαίοις
218 2322 229 2366 J
247 2318 500 2369 ἇφιερωμένους
516 2334 525 2365 ;
541 2318 599 2357 τὸν
618 2321 652 2356 ἐν
673 2319 794 2371 Δάφνῃ
809 2319 912 2370 λέγω,
931 2318 970 2357 τὸ
989 2322 1050 2365 τῆς
1068 2319 1264 2371 Ματρώνης
1279 2318 1464 2370 λεγόμενον
1481 2317 1669 2364 σπήλαιοντ
1687 2327 1737 2355 est
1754 2328 1873 2356 autem
1888 2321 2039 2372 Daphne
2054 2322 2168 2361 notis-

97 2380 227 2417 simum
242 2380 334 2417 illud
347 2381 593 2418 suburbanum
608 2381 882 2419 Antiochenum.
898 2383 979 2421 Jam
997 2381 1042 2420 de
1058 2381 1289 2421 Sermonibus
1306 2381 1342 2419 in
1363 2380 1564 2433 Epistolam
1575 2380 1620 2418 ad
1634 2381 1870 2432 Colossensos,
1888 2383 2061 2434 quicquid
2073 2385 2169 2424 dicat

97 2441 322 2479 doctissimus
338 2443 530 2490 Dounaeus,
544 2450 680 2481 certum
699 2451 749 2480 est
764 2443 1070 2496 Constantinopoli
1084 2443 1233 2496 scriptos
1249 2444 1356 2481 fuisse
1370 2443 1415 2481 ab
1429 2443 1553 2481 eodem
1564 2443 1639 2495 jam
1653 2443 1817 2496 episcopo
1834 2460 1841 2480 τ
1858 2444 1895 2482 id
1912 2446 2007 2496 quod
2020 2461 2064 2485 ex
2076 2449 2169 2486 mul-

99 2504 143 2541 tis
162 2504 247 2542 locis
266 2504 310 2541 ad
337 2505 443 2542 finem
469 2504 576 2542 ethici
595 2505 690 2542 tertii
718 2505 796 2543 luce
815 2505 946 2544 clarius
971 2516 1128 2559 apparet,
1151 2520 1234 2559 pag.
1255 2507 1343 2554 107,
1367 2506 1391 2542 l.
1416 2505 1467 2542 tl:
1488 2521 1496 2541 z
1521 2504 1569 2555 μὴ
1593 2504 1660 2557 γὰρ
1684 2505 1752 2556 ἐγὼ
1775 2506 1900 2558 δίδωμι
1924 2508 1986 2555 τὴν
2012 2510 2168 2562 εἰρήνην;

101 2566 207 2616 Atqui
227 2581 331 2618 supra
357 2567 380 2604 1.
404 2570 428 2604 2
445 2567 512 2605 hoc
533 2568 673 2605 dixerat
690 2568 877 2620 proprium
895 2583 968 2607 esse
985 2573 1044 2607 τοῦ
1070 2571 1260 2622 ἐφεστῶτος
1279 2572 1341 2615 τῆς
1362 2567 1587 2614 Ἐκκλησίας.
1609 2569 1681 2604 Aut
1700 2568 1729 2605 si
1753 2569 1940 2621 presbyter
1962 2570 2033 2607 dici
2054 2581 2168 2623 potest

102 2629 277 2680 προεστὼς
297 2632 359 2675 τῆς
380 2630 605 2679 Ἐκκλησίας,
624 2631 721 2681 quod
736 2646 805 2670 non
819 2641 921 2684 puto,
937 2633 974 2670 in
993 2633 1081 2671 urbe
1095 2632 1329 2685 episcopalem
1348 2630 1466 2669 sedem
1480 2630 1645 2679 habente,
1663 2639 1755 2667 certe
1768 2631 1864 2682 quod
1878 2633 2035 2682 sequitur
2048 2634 2074 2672 1.
2093 2636 2141 2675 41
2157 2650 2165 2670 :

103 2690 165 2732 ἕως
186 2690 213 2725 δ’
238 2689 276 2726 ἂν
294 2690 350 2726 ἐπὶ
370 2692 428 2728 τοῦ
450 2689 568 2741 Θρόνου
590 2690 710 2729 τούτου
732 2692 913 2742 καθήμεθα
936 2701 1014 2738 etc.,
1035 2691 1079 2729 (16
1094 2693 1302 2744 presbytero
1322 2690 1395 2728 dici
1412 2704 1481 2728 non
1498 2699 1624 2742 potest.
1646 2690 1692 2728 Et
1712 2691 1804 2728 illud
1820 2707 1854 2743 p.
1877 2692 1968 2742 108,
1992 2693 2014 2731 5
2037 2710 2048 2729 :
2067 2700 2167 2733 τοῦτο

102 2751 168 2803 γάρ
188 2752 261 2789 ἐστι
280 2751 319 2788 τὸ
338 2755 398 2798 τῆς
415 2754 607 2798 ἐπισκοπῆς
619 2753 766 2803 ἀξίωμα,
782 2754 1065 2793 manifestissime
1080 2755 1259 2793 convincit
1276 2768 1398 2793 verum
1415 2767 1502 2803 esse,
1522 2752 1617 2803 quod
1631 2752 1786 2791 dicimus
1803 2754 1848 2792 de
1865 2755 1921 2792 his
1935 2755 1971 2793 in
1988 2756 2167 2808 Epistolas

102 2814 148 2851 ad
163 2814 380 2852 Colossenses
389 2815 564 2853 Homiliis.
580 2817 620 2853 In
636 2825 822 2867 utramque
835 2818 941 2855 etiam
955 2818 1002 2856 ad
1017 2819 1347 2857 Thessalonicenses
1365 2816 1611 2868 Chrysostomi
1623 2815 1796 2855 Homilias
1805 2817 1861 2855 aio
1875 2818 2022 2870 scriptas
2037 2819 2167 2858 dictas-

102 2890 145 2913 16
164 2877 476 2930 Constantinopoli.
499 2880 552 2916 De
572 2879 700 2931 priore,
727 2880 853 2918 homil.
874 2881 1076 2932 undecima,
1100 2895 1183 2934 pag.
1204 2882 1296 2931 9217,
1320 2882 1369 2918 ’17
1392 2896 1399 2916 :
1424 2883 1453 2918 εἰ
1471 2879 1539 2932 γὰρ
1557 2878 1742 2923 ὑπεύθυνος
1758 2880 1924 2931 ἐγενόμην
1943 2885 2006 2928 τῆς
2026 2882 2166 2921 πάντων
2179 2898 2227 2925 11111

103 2942 198 2988 ὑμῶν
223 2941 434 2992 προστασίας
461 2950 544 2989 etc„
566 2942 610 2980 de
629 2943 837 2994 posteriore,
860 2943 985 2982 homil.
1011 2954 1152 2995 quarta,
1174 2957 1254 2996 pag.
1279 2943 1370 2992 258,
1393 2943 1455 2980 lin.
1476 2945 1527 2980 Ἦ
1545 2958 1552 2978 :
1570 2941 1610 2980 σὺ
1631 2941 1666 2979 δὲ
1694 2942 1799 2986 ἀξιοῖς
1821 2942 1878 2980 τὸν
1897 2943 1980 2981 λαὸν
2000 2943 2086 2996 ὑπὲρ
2107 2948 2166 2983 τοῦ

104 2999 292 3050 ἡγουμένου
313 3006 548 3053 παρακαλεῖν,
568 3012 600 3041 et
621 3017 705 3043 mox
724 3004 787 3042 lin.
809 3006 857 3044 25
882 3021 889 3042 :
911 3010 971 3044 τοῦ
989 3011 1195 3059 κρατοῦντος
1213 3022 1220 3042 :
1239 3019 1316 3056 quae
1338 3018 1407 3042 non
1423 3003 1491 3041 nisi
1512 3004 1676 3056 episcopo
1696 3004 1884 3042 convenire
1906 3014 2069 3056 possunt.
2087 3007 2167 3044 Ser-

106 3074 207 3096 mone
227 3070 349 3110 quarto
370 3062 406 3100 in
431 3062 628 3115 Epistolam
642 3065 688 3103 ad
716 3065 900 3115 Hebraeos,
917 3080 999 3118 pag.
1021 3066 1113 3116 454,
1135 3065 1294 3116 loquitur
1315 3074 1355 3102 ut
1381 3065 1580 3117 episcopus,
1603 3063 1647 3101 de
1665 3063 1708 3100 iis
1726 3077 1843 3114 agen5,
1862 3064 1923 3115 qui
1945 3065 2102 3116 praeficas
2123 3065 2170 3104 ad

108 3121 287 3172 planctum
304 3123 468 3162 ciendum
482 3126 684 3165 conducunt
700 3143 708 3164 :
725 3128 833 3167 πολὺν
848 3129 967 3172 αὐτοὺς
986 3129 1108 3181 χρόνον
1121 3159 1130 3177 ,
1148 3128 1264 3179 inquit
1282 3127 1344 3165 lin.
1363 3129 1427 3174 50,
1447 3130 1509 3172 τῆς
1521 3126 1707 3174 ἐκκλησίας
1722 3126 1886 3178 ἀπείρξω,
1899 3130 1946 3170 ὡς
1959 3128 2017 3165 τὸν
2035 3130 2170 3168 εἰδωλο-

108 3185 258 3235 λάτρηνε
280 3194 313 3222 et
331 3186 393 3224 lin.
412 3187 483 3226 58:
503 3191 533 3226 εἰ
553 3189 587 3228 δὲ
605 3190 652 3240 μὴ
669 3191 842 3241 βούλεσθε,
856 3196 957 3242 ἡμεῖς
976 3193 1038 3230 οὐκ
1058 3191 1253 3243 ἀνεχόμεθα
1266 3190 1334 3237 ἤθη
1355 3194 1499 3228 τοιαῦτα
1513 3190 1650 3241 ὀλέθρια
1666 3191 1708 3239 τῇ
1725 3190 1894 3241 ἐκκλησίᾳ
1913 3192 2167 3243 ἐπεισαγαγεῖν,

109 3246 203 3291 Quin
220 3255 253 3283 et
269 3245 304 3283 in
325 3246 400 3298 ipso
415 3248 517 3287 titulo
529 3250 615 3288 editi
633 3251 802 3290 dicuntur
820 3267 994 3291 sermones
1015 3253 1070 3290 illi
1092 3253 1127 3290 111
1146 3252 1346 3304 Epistolam
1368 3251 1413 3290 ad
1432 3251 1598 3288 Hebraeos
1624 3251 1712 3301 μετὰ
1731 3251 1794 3297 τὴν
1811 3251 1974 3302 κοίμησιν
1999 3255 2113 3302 αὐτοῦ,
2135 3262 2174 3292 ut

111 3307 300 3346 verisimile
315 3309 360 3346 sit
374 3311 539 3350 extremis
555 3314 772 3366 temporibus
785 3314 898 3353 dictos
915 3316 1034 3354 fuisse.
1051 3317 1104 3353 De
1123 3315 1314 3368 posteriorc
1332 3314 1379 3352 ad
1401 3313 1603 3352 Corinthios
1619 3312 1853 3352 subdubitare
1866 3329 1921 3352 me
1938 3315 2031 3367 cogit
2047 3316 2173 3367 dictio,

111 3385 215 3420 quam
237 3371 270 3407 in
285 3372 445 3422 proxime
468 3376 682 3426 memoratis,
700 3377 807 3429 paulo
822 3378 1063 3431 ἀκριὲεστέρα.
1080 3379 1117 3417 Si
1133 3387 1248 3416 tamen
1272 3377 1411 3428 γνήσιον
1429 3386 1479 3415 est
1495 3376 1633 3414 ethicon
1651 3375 1741 3413 illud
1755 3376 1934 3428 vigesimae
1949 3388 2068 3428 sextae,
2083 3380 2179 3430 quod

113 3432 202 3468 iuter
221 3430 340 3470 ‹loetos
355 3431 542 3485 disceptari
561 3435 678 3483 video,
697 3438 803 3476 verba
822 3448 912 3477 certe
932 3440 992 3477 illa
1007 3453 1088 3492 pag.
1110 3440 1202 3490 687,
1217 3439 1267 3477 28
1288 3454 1296 3474 .·
1315 3439 1451 3491 καὶγὰρ
1468 3439 1525 3477 καὶ
1547 3439 1691 3477 ἐνταῦθα
1717 3440 1974 3479 Κωνσταντῖνον
1994 3440 2050 3479 τὸν
2073 3442 2180 3493 μέγαν
