2502 3810
706 266 749 294 IN
787 266 927 295 EPlST.

86 347 149 393 τὴν
169 346 282 398 ψυχὴν
306 348 409 383 αὑτοῦ
431 345 563 391 τίθησιν
585 345 671 398 ὑπὲρ
692 348 759 383 τῶν
781 346 975 397 προὸάτων.
996 347 1107 384 Τοῦτο

87 412 104 446 ὁ
132 407 243 445 Δαυὶδ
270 406 411 453 ἐποίησε
448 407 626 458 πολλαχοῦ
659 422 696 444 τε
726 408 900 458 ἀλλαχοῦ,
923 406 982 443 καὶ
1004 405 1108 452 ἡνίκα

88 467 218 505 ἄνωθεν
247 466 337 504 κατὰ
373 471 431 504 τοῦ
470 467 580 516 δήμου
610 467 736 510 παντὸς
782 471 803 513 ἡ
835 467 965 518 φοὸερὰ
995 466 1107 512 ἐκείνη

89 527 174 580 ὀργὴ
205 542 331 578 κατεφε
337 542 424 602 ρετο.
442 527 590 565 Πάντων
619 527 687 601 γὰρ
707 527 952 579 σφαττομένων
977 526 1110 576 ἐθεγεν,

87 587 209 663 Ἐγὼ
202 591 219 626 ὃ
241 587 371 638 ποιμὴν
397 587 569 641 ἥμαρτον,
587 604 655 638 εμ)
673 591 689 625 ὃ
709 603 796 637 ποιυ
799 587 840 634 ὴν
856 586 1110 632 ἐκακοποίησα·

91 664 152 686 nott
172 664 286 694 Ουτοι,
308 664 346 685 ‘to
366 664 546 699 πΟῐμνῑΟν,
568 648 602 686 τί
621 647 808 719 ΕπΟί”ΙΙ“,<ἲανὶ
832 647 900 684 Δια
923 661 1023 684 τουτο
1054 661 1113 683 xm
1134 651 1156 680 B

87 710 125 745 ἐν
144 711 186 759 τῇ
208 708 338 759 αἱρεσει
356 711 424 745 τῶν
441 709 617 759 τιμωριῶν
639 707 776 745 ἐκείνων
793 709 829 744 οὐ
852 706 952 757 λιμον
983 705 1113 752 είλετο,

91 771 128 806 οὐ
147 768 262 812 δίωξιν
285 771 416 820 ἐχθρῶν
432 799 441 816 ,
462 769 551 806 ἀλλὰ
576 768 634 806 τὸν
655 767 752 819 παρὰ
780 771 839 805 τοῦ
863 769 954 806 Θεοῦ
973 765 1113 817 πεμπό-

92 845 192 879 μενον
215 829 381 877 θάνατον,
405 831 448 866 δι’
469 824 506 867 οἷ
527 828 723 880 προσεδόκα
743 827 821 871 τοὺς
841 826 902 877 μὲν
931 828 1057 870 ἄλλους
1080 828 1114 864 ἐν

92 890 264 942 ἀσφαλείᾳ
298 889 548 936 καταστήσειν,
584 888 685 926 αὐτὸν
720 888 755 925 δὲ
787 888 855 940 πρὸ
893 890 961 925 τῶν
999 887 1115 925 ἄλλων

91 951 252 989 ἁπάντων
265 950 594 1002 κατενεχθήσεσθαι.
618 949 764 995 Ἐπειδὴ
787 948 823 986 δὲ
839 952 939 986 τοῦτο
958 949 1020 985 οὐκ
1038 946 1116 998 ἐγέ-

92 1028 182 1059 νετο,
205 1015 321 1064 θρηνεῖ
340 1012 397 1048 καὶ
414 1011 529 1062 λέγει·
547 1010 608 1047 Ἔν
630 1009 743 1059 ἐμοὶῆ
764 1007 841 1060 χείρ
862 1024 940 1046 σου·
959 1010 988 1044 εἷ
1004 1008 1038 1045 δὲ
1056 1010 1117 1044 οὒκ

94 1074 214 1124 ἀρκεῖ,
244 1072 303 1108 καὶ
334 1074 367 1109 ἐν
388 1074 437 1121 τῷ
470 1070 553 1121 οἴκῳ
579 1073 639 1106 τοῦ
661 1068 792 1120 πατρός
813 1084 890 1118 μου.
907 1067 1002 1118 Ἐγὼ
1026 1067 1116 1119 γὰρ,

91 1133 206 1184 φησὶν,
232 1135 249 1169 ὅ
270 1130 402 1181 ποιμὴν
422 1130 590 1181 ἥμαρτον.
608 1129 751 1167 Ωσανει
779 1129 908 1180 ἔ)εγεν,
938 1127 1023 1165 ότι
1009 1130 1038 1166 εἰ
1057 1128 1116 1166 καὶ

90 1196 210 1230 Βοῦτοι
224 1191 425 1242 ἥμαρτον,ε
415 1190 478 1242 γὼ
495 1189 712 1232 ὑπεύθυνος”
690 1206 784 1239 ημην
802 1192 844 1240 τῇ
863 1187 1017 1241 τιμωρίᾳ
1035 1191 1051 1226 ὃ
1068 1187 1115 1239 μὴ

90 1251 348 1303 διορθούμενος·
369 1250 451 1290 οταν
470 1249 506 1289 δὲ
529 1266 589 1288 και
605 1250 686 1300 ἐμὸν
706 1250 746 1287 τὸ
765 1249 961 1325 ἁμάρτημα
988 1266 1031 1300 ῃ,
1049 1248 1116 1299 ἐγω

91 1313 222 1356 δίκαιος
241 1312 281 1350 ἂν
299 1312 371 1358 εἴην
390 1313 505 1350 δοῦναι
518 1311 581 1358 τὴν
598 1310 782 1362 τιμωρίαν.
798 1311 867 1349 Καὶ
885 1310 952 1364 γὰρ
970 1310 1030 1348 αὖ
1016 1326 1118 1357 ησαι
1138 1317 1161 1348 C

91 1374 131 1412 τὸ
159 1374 319 1425 ἔγκλημα
353 1373 474 1420 θέλων,
497 1372 536 1410 τὸ
571 1376 629 1410 τοῦ
663 1372 824 1422 ποιμένος
850 1371 970 1418 ἔθηκεν
997 1371 1118 1421 ὄνομα.

96 1434 200 1473 Οὕτω
218 1438 298 1486 γοῦν
317 1433 380 1481 τὴν
412 1433 516 1485 ὀργὴν
546 1433 703 1481 ἔστησεν,
737 1432 826 1470 οὕτω
847 1432 910 1479 τὴν
944 1431 1118 1484 ἀπόφασιν

97 1495 356 1533 ἀνεκαλέσατο·
387 1494 547 1533 τοσοῦτόν
569 1496 662 1532 ἐστιν
691 1493 953 1544 ἐξομολόγησις·
980 1493 1121 1537 Δίκαιος

95 1555 162 1607 γὰρ
185 1558 308 1593 ἑαυτοῦ
329 1555 520 1607 κατήγορος
549 1557 583 1593 ἐν
608 1554 830 1608 πρωτολογία
845 1569 852 1577 ·
872 1558 1031 1593 τοσοῦτον
1056 1570 1119 1599 κη-

93 1616 235 1666 δεμονία
271 1616 330 1654 καὶ
366 1615 565 1666 συμπάθεια
586 1615 748 1666 ποιμένος
768 1615 920 1667 ἀρίστου.
954 1614 1022 1652 Καὶ
1052 1614 1119 1666 γὰρ

94 1676 333 1730 ἓσπαροίττετο
355 1679 457 1713 αὐτοῦ
476 1675 520 1713 τὰ
544 1676 731 1728 σπλάγχνα
749 1675 946 1713 πιπτόντων
967 1674 1120 1722 ἐκείνων,

91 1737 251 1789 καθάπερ
283 1737 416 1775 παίδων
436 1735 588 1787 γνησίων
606 1735 888 1811 ἀναιρουμένων·
917 1736 968 1773 διὸ
987 1735 1045 1773 καὶ
1067 1737 1119 1773 ἐπ’

93 1797 196 1834 αὐτον
214 1797 277 1844 τὴν
290 1796 396 1871 ὀργὴν
414 1798 552 1835 ἐλθεῖν
535 1812 577 1843 ης
562 1796 644 1835 ίου.
662 1797 762 1834 Και’
748 1813 781 1834 εν
800 1800 891 1850 ἀρχῃ
910 1796 945 1833 δὲ
961 1812 1022 1843 της
1035 1811 1120 1848 σφα-

91 1860 156 1907 γῆς
183 1860 284 1895 τοῦτο
304 1857 465 1903 ἐποίησεν
484 1873 537 1905 αν,
567 1859 597 1894 εἷ
628 1857 677 1907 μὴ
706 1873 765 1895 και
787 1857 993 1908 βαδίζουσαν
1012 1856 1118 1903 αὐτὴν

92 1918 160 1968 ὁδῷ
189 1918 248 1955 καὶ
278 1918 363 1970 πρὸς
398 1918 498 1956 αὐτὸν
529 1917 622 1964 ἥξειν
651 1918 810 1964 ἤλπιζεν.
835 1917 922 1956 εὈτε
952 1923 1030 1968 γοῦν
1051 1911 1119 1955 εἶδε

92 1983 192 2017 τοῦτο
212 1978 273 2029 μὲν
292 1979 340 2029 μὴ
359 1978 552 2030 γινόμενον,
569 1978 716 2021 ἐκείνους
731 1978 766 2016 δὲ
787 1978 1041 2029 ἐπινεμομένην
1055 1977 1117 2025 τὴν

92 2039 288 2114 συμφορὰν,
327 2039 442 2077 οὐκέτι
467 2040 622 2091 ἤνεγκεν,
656 2041 731 2077 ἀλλ’
764 2039 898 2091 ἀνήφθη
921 2041 1067 2089 μᾶλλον,
1095 2038 1116 2085 ἢ

92 2099 150 2137 ἐπὶ
177 2115 236 2137 του
257 2098 391 2149 Αμνὼν
425 2114 484 2136 του
511 2099 746 2152 πρωτοτόκου.
768 2099 859 2138 Τότε
880 2099 947 2151 γὰρ
971 2100 1117 2138 θάνατον

93 2175 156 2198 ουκ
173 2159 218 2209 ᾔτ
220 2175 301 2207 ησε,
320 2175 378 2197 νυν
395 2159 471 2197 δεα
451 2159 538 2203 ἀξιοῖ
553 2160 621 2212 πρὸ
634 2163 703 2197 τῶν
720 2160 877 2197 ἅλλιων
851 2165 980 2198 πεσεῖν.
996 2161 1118 2198 Τοιοῦ-

91 2236 149 2258 τον
166 2224 252 2258 εἶναι
269 2220 338 2294 χρὴ
360 2220 417 2258 τὸν
438 2221 591 2272 ἄρχοντα
610 2251 618 2267 ,
645 2221 704 2258 καὶ
725 2222 857 2271 μᾶλλον
876 2227 951 2264 ταῖς
977 2222 1117 2273 ἑτέρων,

36 2283 42 2287 ’
90 2280 112 2327 ἢ
127 2288 202 2325 ταῖς
222 2281 362 2324 οἰκείαις
377 2283 492 2332 ἀλγεῖν
513 2288 716 2334 συμφοραῖς
731 2284 897 2320 Τοιουτον
913 2297 997 2332 γουν
1011 2299 1044 2320 τι
1060 2283 1119 2320 καὶ

90 2341 108 2361 ¹³
123 2342 180 2379 ἐπὶ
206 2345 264 2379 τοῦ
288 2342 410 2385 παιδὸς
431 2342 568 2389 ἔπαθεν,
588 2341 644 2379 ἵνα
675 2343 806 2394 μάθῃς,
828 2342 881 2380 ὅτι
900 2343 994 2380 οὐδὲν
1013 2343 1118 2382 πλέον

93 2406 161 2441 τῶν
180 2402 382 2477 ἀρχομένων
398 2403 456 2441 τὸν
471 2404 580 2440 παῖδα
596 2403 717 2455 ἐφίλει.
732 2403 857 2441 Καίτοι
871 2420 910 2454 γε
926 2403 1118 2448 ἀκόλαστος

92 2468 135 2510 ἠν
149 2467 168 2501 ὃ
185 2463 362 2507 νεανίσκος
381 2467 441 2501 καὶ
464 2464 698 2517 πατραλοίας,
720 2466 795 2502 ἀλλ’
809 2465 903 2515 ὅμως
919 2464 1040 2515 ἔλεγε·
1055 2466 1118 2509 Ἰίς

93 2524 196 2562 δώσει
217 2539 276 2574 μοι
298 2523 442 2562 θάνατον
463 2525 540 2562 ἀντὶ
557 2541 640 2563 σου·
631 2555 641 2572 ,
661 2524 708 2563 Τί
738 2525 867 2577 λέγεις,
892 2527 920 2562 ὠ
943 2526 1117 2577 μακάριε,

93 2584 153 2622 καὶ
172 2584 312 2622 πάντων
334 2584 524 2636 ἀνθρώπων
557 2584 754 2636 πραότατε,
778 2587 910 2623 ἀνελεῖν
933 2601 971 2623 σε
990 2586 1115 2624 ἐσπού-

95 2644 193 2687 δαζεν
214 2647 231 2682 ὃ
253 2650 357 2692 παῖς,
393 2644 453 2682 καὶ
478 2644 612 2697 μυρίοις
636 2660 674 2682 σε
694 2645 883 2697 περιέὸαλε
898 2651 1034 2689 κακοῖς·
1058 2646 1116 2684 καὶ

92 2704 150 2742 ὅτε
169 2707 207 2743 ἐκ
226 2705 331 2754 μέσου
347 2704 477 2756 γέγονε,
495 2705 551 2743 καὶ
577 2705 616 2743 τὸ
628 2705 793 2756 τρόπαιον
811 2705 894 2752 ἔστη
906 2735 915 2751 ,
933 2706 1011 2743 τότε
1027 2706 1112 2758 εὔχῃ

94 2769 288 2817 σφαγῆναι,
305 2766 374 2804 Ναὶ
388 2795 397 2813 ‚
413 2765 528 2818 φησίν,
545 2767 597 2804 Οὐ
613 2765 680 2818 γὰρ
695 2766 771 2816 ἐμοὶ
787 2766 946 2812 νενίκηκε
959 2766 998 2803 τὸ
1013 2782 1118 2819 στρα-

93 2826 252 2872 τόπεδον,
278 2827 354 2865 ἀλλ’
375 2827 426 2864 ἔτι
445 2827 668 2877 πολεμοῦμαι
700 2826 926 2880 σφοδρότερον
945 2827 966 2872 ἢ
985 2828 1116 2879 πρότε-

96 2900 164 2939 ρον,
181 2887 239 2925 καὶ
261 2886 305 2924 τὰ
324 2887 510 2939 σπλάγχνα
537 2903 596 2938 μοι
625 2887 849 2925 διακόπτεται
864 2893 921 2926 νῦν
943 2887 1116 2938 μειζόνως.

95 2942 204 2986 Οῧτοι
223 2947 284 2998 μὲν
299 2943 355 2987 οὖν
376 2952 389 2968 ⁰
408 2951 476 2986 τῶν
497 2947 811 3000 ἐγκεχειρισμένων
830 2948 1036 3001 ἐφρόντιζον.

152 3206 196 3245 Ὁ
216 3206 251 3245 δὲ
272 3208 440 3260 μακάριος
456 3209 620 3262 Ἀὸραὰμ
638 3212 697 3249 καὶ
719 3214 787 3249 τῶν
804 3215 865 3250 οὐκ
885 3213 1118 3262 ἔμπεπιστευ·

146 3348 159 3362 -1
184 3339 247 3379 [A.
266 3345 299 3370 et
315 3350 419 3382 marg.
437 3339 539 3372 Savil·
559 3342 641 3380 οὗτος
656 3345 819 3388 {malorem}

146 3391 163 3414 b
187 3390 278 3421 Unus
294 3388 406 3422 Codex
425 3396 470 3425 ἐπὶ
487 3397 538 3425 τοῦ
557 3391 717 3436 Ᾱὸεσαλὼμ
734 3399 851 3428 ἔπαθεν.

969 265 1026 293 AD
1064 265 1152 294 ROH
1163 284 1171 291 .

1213 263 1365 293 HOMIL.
1408 264 1533 292 XXIX.

2065 246 2153 308 809

1173 359 1245 395 gne
1273 353 1357 382 erat
1376 347 1622 394 mactabatc's,
1647 353 1682 382 et
1702 357 1787 381 oves
1817 357 1894 380 non
1921 344 2151 394 pascebatis.

1176 404 1224 441 Et
1243 404 1406 442 Christus
1430 405 1556 457 optimi
1578 403 1730 457 pastoris
1749 418 1909 442 normam
1925 404 2084 453 efferens,
2099 403 2155 440 di-

1178 465 1295 502 cebat:
1311 467 1442 503 Bonus
1475 474 1606 515 pastor
1639 468 1815 503 animam
1845 479 1956 503 suam
1987 465 2056 502 dat
2087 477 2157 515 pro
2171 475 2263 501 Joan.
2288 479 2335 500 ιο.

1180 530 1312 565 ovibus
1331 531 1420 566 suis.
1442 528 1518 566 Hoc
1539 528 1661 566 David
1678 538 1755 565 tum
1777 528 1900 565 multis
1913 527 1948 564 in
1960 528 2046 565 locis
2061 527 2157 576 fecit,
2178 522 2208 542 ¹¹

1180 596 1257 624 tum
1279 588 1386 625 ctiam
1404 602 1485 626 cum
1513 589 1685 626 terribilis
1706 589 1765 626 illa
1788 589 1840 626 ira
1860 603 1877 625 e
1893 589 1976 626 caelo
1996 588 2161 625 immine-

1179 647 1241 684 bat
1258 657 1379 685 contra
1400 657 1515 685 totum
1540 648 1734 699 populum:
1748 662 1830 685 cum
1845 662 1965 686 omnes
1992 648 2086 686 enim
2103 662 2160 686 oc-

1182 706 1395 757 ciderentur,
1425 707 1565 745 dicebat
1582 723 1590 744 ε
1615 710 1699 759 Ego
1728 717 1862 759 pastor
1891 712 2061 760 peccavi,
2094 723 2160 760 ego
2178 726 2206 745 2.
2218 717 2293 753 Reg.
2309 713 2359 754 24.

1180 776 1316 818 pastor
1336 770 1467 820 inique
1486 771 1544 819 egi
1557 784 1571 810 ,·
1591 771 1668 815 isti,
1692 771 1758 819 qui
1770 783 1863 820 grex
1884 778 1986 818 sunt,
2002 771 2097 820 quid
2107 771 2163 822 fe·
2181 767 2213 794 17

1182 836 1316 865 cerunt
1326 832 1342 864 Ρ
1354 827 1507 878 Ideoque
1516 842 1598 865 cnm
1613 827 1814 879 eligendum
1828 828 2045 880 supplicium
2059 840 2162 879 esset,

1182 901 1251 926 non
1269 889 1419 936 famem,
1440 903 1510 926 non
1537 888 1695 926 hostium
1725 889 2033 941 persequutionem
2049 891 2165 942 elegit,

1184 949 1245 986 sed
1261 964 1281 987 a
1308 951 1384 986 Deo
1411 949 1609 987 immissam
1635 959 1803 999 mortem3
1828 949 1924 999 quod
1952 961 2168 1002 exspectaret

1184 1008 1271 1046 alios
1284 1009 1432 1058 quidem
1445 1010 1480 1046 in
1501 1019 1577 1047 tuto
1595 1010 1775 1062 ponendos
1796 1024 1883 1059 esse,
1904 1025 1939 1048 se
1959 1020 2075 1048 autem
2090 1022 2169 1050 ante

1184 1069 1273 1106 atios
1301 1083 1422 1107 omnes
1441 1070 1710 1121 percutiendum
1741 1072 1830 1108 fore.
1850 1071 1944 1117 Quia
1976 1086 2059 1110 vero
2078 1072 2171 1109 illud

1186 1143 1255 1167 non
1273 1129 1322 1167 ita
1342 1130 1501 1181 contigit,
1518 1130 1617 1182 luget
1631 1146 1671 1169 ac
1690 1131 1778 1169 dicit
1796 1149 1803 1168 :
1819 1135 1869 1169 In
1889 1147 1949 1170 me
1964 1135 2014 1170 sit
2033 1147 2171 1170 manus

1187 1199 1280 1236 tua,·
1301 1190 1330 1229 si
1349 1205 1433 1230 vero
1451 1206 1520 1229 non
1539 1192 1622 1230 satis
1642 1193 1701 1243 sit7
1723 1196 1841 1231 etiam
1857 1197 1899 1231 in
1921 1195 2033 1231 domo
2047 1197 2172 1245 patris

1187 1257 1272 1290 mei.
1304 1254 1403 1305 Ego,
1426 1252 1534 1299 enim,
1558 1253 1688 1304 inquit,
1707 1263 1844 1303 pastor
1868 1257 2041 1306 peccavi.
2062 1257 2114 1291 Ac
2142 1255 2173 1293 si

1187 1313 1331 1362 diceret,
1345 1313 1497 1352 Etiamsi
1510 1314 1564 1352 illi
1577 1314 1815 1366 peccaverint,
1824 1328 1889 1366 ego
1903 1315 2079 1353 obnoxius
2090 1329 2173 1367 sup-

1187 1375 1295 1427 plicio
1309 1389 1420 1423 eram,
1438 1375 1499 1426 qui
1516 1389 1585 1413 non
1613 1376 1751 1414 correxi
1766 1392 1773 1412 :
1788 1390 1869 1414 cum
1884 1391 1967 1416 vero
1989 1385 2174 1428 peccatum

1189 1436 1233 1474 sit
1269 1451 1404 1487 meum,
1426 1450 1490 1488 ego
1523 1451 1644 1489 poenas
1680 1437 1765 1475 dare
1785 1437 1906 1475 dobeo.
1930 1437 2070 1475 Etenim
2097 1437 2174 1475 cul-

1189 1511 1273 1549 pam
1288 1511 1417 1549 augere
1434 1498 1571 1548 volens,
1589 1498 1740 1550 pastoris
1756 1512 1884 1536 nomen
1900 1498 2101 1551 usurpavit.
2120 1500 2173 1536 Ita

1189 1572 1271 1610 ergo
1293 1558 1384 1596 iram
1403 1558 1555 1606 sedavit,
1579 1559 1628 1596 ita
1656 1559 1863 1597 sententiam
1895 1559 2052 1598 revocari
2072 1574 2174 1597 cura-

1189 1619 1243 1657 vit
1258 1635 1266 1655 :
1280 1627 1419 1656 tantum
1430 1619 1524 1658 valet
1541 1619 1877 1657 confessionustus
1894 1620 1999 1667 enim,
2011 1623 2053 1657 in
2065 1623 2173 1672 prin·
2189 1630 2283 1658 Pron.
2306 1628 2351 1658 18.

1190 1682 1288 1731 cipio
1308 1682 1508 1726 sermonis,
1528 1689 1732 1718 accusator
1747 1689 1803 1718 est
1821 1683 1881 1718 sui
1895 1697 1907 1718 .-
1923 1689 2019 1719 tanta
2048 1696 2103 1720 res
2124 1691 2175 1719 est
2193 1680 2241 1707 ¹7·

1190 1740 1394 1778 sollicitudo
1408 1749 1442 1778 et
1453 1741 1711 1779 commiseratio
1722 1741 1848 1794 optimi
1861 1742 2023 1793 pastoris.
2031 1742 2174 1780 Etenim

1188 1801 1265 1853 ejus
1285 1802 1424 1840 viscera
1444 1801 1736 1855 discerpebantur
1754 1803 1826 1841 illis
1841 1803 2063 1851 cadentibus,
2086 1819 2126 1842 ac
2145 1805 2175 1843 si

1189 1862 1264 1913 ejus
1293 1862 1437 1913 genuini
1469 1862 1536 1899 filii
1559 1872 1787 1900 necarentur:
1805 1863 1953 1914 ideoque
1976 1864 2068 1902 iram
2087 1865 2123 1902 in
2139 1880 2176 1903 se

1190 1922 1349 1962 converti
1367 1923 1591 1975 precabatur.
1609 1923 1656 1961 Et
1674 1923 1776 1961 initio
1793 1924 1898 1961 caedis
1917 1924 2008 1961 illud
2025 1925 2175 1973 fecisset,

1189 1983 1257 2020 nisi
1277 1992 1494 2034 grassantem
1508 1982 1608 2020 illam
1619 1983 1664 2021 ad
1681 1998 1718 2022 se
1731 1998 1870 2034 qnoque
1890 1992 2075 2021 venturam
2098 1999 2177 2036 spe-

1190 2053 1299 2082 rasset
1315 2060 1322 2080 :
1339 2058 1419 2082 cum
1438 2058 1546 2096 porro
1568 2044 1662 2084 vidit
1680 2045 1771 2082 illud
1791 2060 1865 2084 non
1882 2046 1971 2095 ficri,
1995 2047 2175 2084 calamita-

1189 2114 1260 2142 tem
1279 2119 1362 2144 vero
1392 2105 1473 2142 illos
1499 2105 1756 2157 opprimentem
1789 2120 1858 2143 non
1891 2107 1984 2144 ultra
2003 2107 2098 2155 tulit,
2115 2108 2176 2145 sed

1189 2166 1302 2218 magis
1319 2180 1485 2204 accensus
1496 2176 1564 2217 est,
1583 2181 1690 2217 quam
1704 2182 1810 2219 super
1825 2170 1985 2206 Amnone
2000 2168 2175 2220 primoge-

1189 2227 1262 2265 nito
1283 2241 1358 2266 suo.
1384 2228 1488 2265 Tunc
1507 2227 1603 2265 enim
1621 2237 1772 2265 mortem
1795 2228 1863 2265 sibi
1879 2242 1948 2266 non
1969 2229 2176 2280 postulavit,

1188 2302 1282 2326 nunc
1302 2301 1386 2327 vero
1410 2288 1450 2326 id
1470 2297 1635 2340 precatur
1654 2297 1693 2326 ut
1715 2298 1794 2326 ante
1808 2289 1897 2326 alios
1917 2288 2030 2326 cadat.
2051 2289 2178 2326 Talem

1188 2359 1326 2402 oportet
1346 2364 1419 2388 esse
1437 2349 1652 2401 principem,
1675 2350 1788 2401 magis
1819 2349 1864 2387 de
1895 2350 2048 2388 aliorum
2071 2365 2177 2401 qnam

1187 2411 1232 2449 de
1249 2412 1323 2449 suis
1341 2411 1602 2449 calamitatibus
1620 2410 1752 2449 dolere.
1780 2411 1869 2448 Tale
1884 2411 2071 2462 quidpiam
2087 2425 2178 2461 quo—

1188 2487 1256 2523 que
1275 2486 1358 2524 erga
1377 2471 1498 2509 filium
1519 2483 1642 2523 passus
1659 2480 1725 2519 est,
1755 2480 1797 2508 ut
1816 2471 1967 2509 disceres
1987 2472 2091 2509 illum
2108 2486 2178 2509 non

1187 2534 1316 2584 magis,
1341 2547 1449 2584 quam
1468 2533 1630 2571 subditos
1644 2562 1655 2581 ,
1675 2532 1793 2569 filium
1812 2532 1994 2573 dilexisse.
2019 2533 2178 2571 Tametsi

1187 2594 1280 2632 enim
1299 2594 1454 2632 lascivus
1475 2602 1561 2631 esset
1585 2593 1728 2645 juvenis
1747 2602 1780 2630 et
1799 2594 1976 2644 parricida
1993 2609 2002 2643 3
2023 2603 2176 2632 attamen

1188 2654 1347 2692 dicebat:
1367 2655 1460 2704 Quis
1475 2654 1584 2690 dabit
1599 2654 1695 2690 mihi
1708 2661 1749 2690 ut
1762 2656 1907 2690 moriar
1915 2667 1985 2704 pro
2003 2659 2064 2691 te?
2079 2654 2176 2699 Quid
2192 2675 2221 2696 2.
2233 2666 2310 2703 Περ,
2329 2667 2373 2696 18.

1186 2716 1298 2764 dicis,
1319 2730 1339 2753 o
1361 2716 1474 2765 beate,
1498 2714 1729 2764 omniumque
1750 2715 1938 2752 hominum
1960 2716 2176 2754 mitissime?
2192 2708 2242 2736 33·

1190 2787 1224 2815 te
1242 2777 1339 2815 filius
1359 2775 1520 2813 occidere
1555 2784 1701 2813 conatus
1721 2784 1786 2825 est7
1809 2784 1842 2813 et
1861 2776 1896 2813 in
1913 2775 2011 2814 mille
2030 2785 2062 2814 te
2083 2777 2177 2814 mala

1190 2838 1358 2890 conjecit;
1373 2846 1406 2874 ct
1423 2851 1504 2874 cum
1523 2836 1584 2873 ille
1599 2835 1643 2873 de
1660 2835 1775 2873 medio
1796 2836 1956 2874 sublatus
1973 2846 2038 2887 est,
2055 2846 2088 2874 et
2103 2846 2176 2875 tro-

1189 2900 1391 2953 paeumjam
1405 2907 1562 2936 erectum
1574 2906 1636 2945 est,
1649 2906 1733 2934 tunc
1746 2907 1895 2935 mortem
1905 2898 2029 2949 optas?
2043 2897 2176 2946 Etiam,

1189 2961 1304 3011 inquit
1321 2959 1517 2998 :exercitus
1544 2958 1638 2996 enim
1665 2971 1763 2995 mens
1785 2972 1855 2996 non
1875 2958 1965 2995 mihi
1986 2957 2090 3007 vicit3
2116 2959 2178 2996 sed

1189 3023 1307 3060 adhuc
1325 3020 1566 3060 vehementius
1588 3019 1790 3071 impugnor,
1807 3033 1915 3069 quam
1933 3029 2049 3069 antea,
2070 3029 2104 3057 et
2119 3021 2177 3058 vi-

1190 3097 1286 3121 scera
1318 3096 1395 3120 mea
1426 3094 1520 3118 nnnc
1550 3079 1664 3130 magis
1695 3078 1957 3131 discerpuntur.
1978 3079 2024 3116 Hi
2058 3080 2177 3131 itaque

1191 3157 1261 3191 eos,
1280 3142 1341 3192 qui
1358 3141 1426 3179 sibi
1443 3139 1621 3178 commissi
1642 3139 1793 3186 fuerant,
1814 3139 1996 3176 curabant.

1246 3204 1423 3242 5.Beau1s
1441 3215 1524 3240 vcro
1544 3199 1725 3237 Abraham
1745 3199 1852 3237 ctiam
1870 3213 2006 3246 corum,
2026 3200 2090 3251 qui
2106 3200 2175 3238 sibi

1215 3354 1224 3367 ι
1251 3341 1352 3383 [Post
1369 3339 1416 3371 οὖν
1433 3337 1468 3367 Α.
1493 3343 1525 3368 et
1543 3345 1646 3377 marg.
1668 3332 1769 3367 Savil.
1785 3334 1933 3366 inserunt
1957 3334 2112 3375 §mv-m]

1931 3449 1994 3485 53.
