2502 3810
120 1764 203 1790 Pauli
219 1762 287 1800 Epi-

100 1805 191 1835 stnlae,
204 1805 286 1833 elalll

100 1847 254 1881 Seripturffl

101 1887 170 1914 lilani
188 1887 288 1924 legen-

103 1930 145 1955 111.

311 258 403 303 818

310 365 465 395 coronat.
512 355 610 401 Quid
650 354 735 392 huic
774 355 914 392 ornatui
949 369 1013 406 par
1034 355 1051 391 't'
1095 354 1158 391 ubi
1195 366 1289 390 nunc

307 426 390 454 sunt
432 415 567 454 divitiae
603 424 742 464 vestrae,
787 415 885 465 queis
926 415 1084 465 undique
1129 414 1288 452 circum—

306 475 443 514 fluitis?
473 475 536 512 ubi
561 475 662 512 faciei
693 475 809 512 cultus
841 484 874 512 et
904 476 1073 513 ornatus?
1106 475 1169 512 ubi
1195 489 1288 513 vana

304 535 445 586 gloria?
492 535 598 572 Disce
628 534 787 572 mulieris
821 544 1010 581 ornatum,
1044 549 1113 572 non
1146 536 1286 587 corpori

303 595 605 646 circumpositum,
628 594 688 633 sed
706 595 767 645 qui
785 596 941 632 animam
959 604 1116 642 exornet,
1139 604 1171 633 et
1189 609 1285 633 nun-

304 669 410 705 quam
429 655 625 707 deponatur
631 672 643 707 3
674 656 733 707 qui
757 670 826 694 non
846 656 882 693 in
907 670 987 694 arca
1005 656 1202 708 reponitur,
1224 655 1285 693 sed

303 716 340 754 in
362 717 468 754 caelis.

356 777 393 815 4.
429 777 577 828 Respice
607 778 765 815 laborem
798 779 942 816 illorum
979 779 1073 816 cirea
1106 777 1284 830 praediea-

303 837 447 885 tionem,
467 839 631 890 martyrii
650 852 828 885 coronam,
852 839 887 876 in
908 839 1066 891 pecuniis
1090 839 1282 876 liberalita-

304 908 388 945 tem,
419 913 501 950 erga
533 900 683 937 Paulum
713 900 951 947 dilectionem,
987 915 1069 952 erga
1101 900 1285 937 Christum

302 974 459 998 amorem
479 976 487 997 z
507 961 624 1015 confer
652 961 728 998 istis
757 970 832 1010 tua,
866 961 1025 998 studium
1053 960 1145 998 circ-a
1176 975 1286 1012 pecu—
1308 973 1331 1002 Ε

302 1021 413 1069 niam,
445 1030 617 1059 certamen
638 1036 719 1059 cum
739 1022 1000 1065 meretricibus,
1030 1022 1287 1059 contentionem

304 1095 369 1133 pro
387 1082 498 1130 foen03
526 1090 559 1119 et
578 1090 661 1119 tunc
679 1082 819 1120 videbis
837 1082 984 1132 quinam
1004 1082 1058 1119 illi
1076 1082 1223 1131 fuerint,
1253 1091 1286 1119 et

304 1142 383 1192 quis
410 1151 448 1178 tu
469 1142 526 1180 sis.
559 1142 776 1193 Iulo-potius
805 1156 874 1179 non
894 1142 999 1179 modo
1022 1143 1193 1191 conseras,
1225 1142 1287 1179 sed

303 1203 468 1240 aemulare
495 1203 678 1240 mulierem
700 1203 931 1254 depositoque
958 1203 1042 1241 foeni
1066 1217 1169 1240 onere
1199 1204 1287 1255 (hoc

304 1272 356 1301 est
375 1263 467 1300 enim
486 1264 774 1301 vestimentorum
800 1269 969 1311 sumtus),
998 1273 1162 1301 ornatum
1190 1265 1284 1302 acci-

303 1338 348 1376 pe
363 1324 546 1369 caelestem‚
565 1334 596 1361 et
613 1324 708 1361 disee
724 1325 816 1361 unde
832 1325 917 1362 tales
936 1325 1020 1362 sacti
1039 1325 1108 1362 sint
1125 1326 1288 1363 Priscilla

302 1394 337 1421 et
355 1385 417 1434 qui
435 1398 516 1421 cum
534 1385 595 1420 illa
623 1393 733 1421 erant.
760 1385 949 1422 Undenam
970 1385 1056 1422 tales
1079 1386 1164 1422 facti
1181 1387 1287 1423 sunt?

301 1447 368 1483 Per
403 1446 493 1483 duos
526 1460 635 1482 annos
667 1447 819 1483 Paulum
856 1446 1012 1497 hospitio
1045 1457 1282 1498 acceperunt:

298 1507 484 1544 biennium
503 1515 619 1543 autem
640 1506 742 1552 illud,
765 1507 854 1557 quid
873 1521 944 1544 non
965 1507 999 1543 in
1020 1507 1136 1544 anima
1164 1521 1285 1545 eorum

789 271 826 299 S.
862 269 1046 300 JOANNIS
1080 267 1319 298 CHRYSOST.

299 1567 480 1604 effecerit?
499 1567 600 1612 Quid
618 1580 700 1616 ergo
717 1567 856 1615 faciam,
877 1567 1027 1617 inquies,
1050 1567 1111 1617 qui
1134 1568 1286 1605 Paulum
1310 1580 1335 1607 A

300 1642 370 1665 non
388 1627 526 1664 habeo?
559 1627 598 1666 Si
623 1627 791 1672 volueris,
822 1627 961 1678 plenius
990 1627 1093 1664 illum
1121 1628 1283 1677 habebis,

301 1703 407 1738 quam
427 1688 480 1725 illi
497 1704 505 1724 :
522 1702 634 1738 neque
661 1688 755 1724 enim
776 1688 854 1725 illos
880 1688 982 1724 Pauli
1004 1698 1209 1740 conspectus
1228 1698 1286 1726 m-

302 1750 351 1787 les
371 1748 463 1797 fecit,
492 1748 557 1787 sed
581 1749 688 1785 verba
708 1748 821 1786 Pauli.
842 1749 980 1798 Itaque,
1007 1748 1036 1785 si
1059 1748 1226 1795 volueris,
1250 1758 1284 1786 et

302 1810 453 1846 Paulum
479 1819 512 1846 et
531 1811 676 1847 Petrum
696 1818 729 1846 et
748 1811 917 1847 Joannem
938 1818 970 1845 et
998 1817 1110 1845 totum
1134 1809 1286 1860 prophe-

301 1881 419 1909 tarum
449 1871 596 1908 chorum
625 1884 706 1907 cum
723 1869 889 1921 apostolis
909 1869 1056 1907 habebis
1085 1870 1286 1919 frequenter

301 1942 417 1970 tecum
439 1940 694 1969 conversantes.
718 1931 847 1982 Accipe
864 1931 1049 1968 beatorum
1074 1931 1219 1968 illorum
1239 1932 1286 1968 li-

300 1995 397 2043 bros,
415 2002 446 2030 et
457 1993 532 2043 lege
546 1992 745 2042 frequenter
756 1992 901 2028 illorum
912 1991 1119 2043 scripturas,
1135 2001 1169 2028 et
1180 2001 1212 2029 te
1224 2006 1287 2044 po-

302 2062 420 2092 terunt
437 2053 543 2090 talem
563 2053 715 2095 efficere,
749 2052 863 2102 qualis
887 2061 961 2089 erat
978 2052 1288 2090 tabernaculorum

301 2113 441 2165 opificis
451 2126 554 2149 uxor.
565 2111 610 2148 Et
624 2111 711 2161 quid
721 2110 801 2148 dico
811 2110 1130 2162 Pa11lm113‘lps11n1,
1146 2111 1174 2147 si
1187 2111 1288 2158 velis,

302 2173 450 2211 habebis
466 2172 566 2209 Pauli
581 2172 777 2208 Dominum
801 2187 808 2206 :
825 2185 905 2207 nam
924 2186 986 2222 per
1007 2171 1110 2208 Pauli
1127 2172 1289 2222 linguam

303 2233 378 2284 ipse
402 2241 435 2269 te
459 2232 669 2281 alloquetur.
694 2231 741 2267 Et
763 2231 834 2267 alio
850 2245 990 2280 quoque
1021 2230 1126 2268 modo
1158 2232 1289 2282 poteris

304 2294 401 2330 hunc
411 2293 597 2344 suscipere,
612 2306 693 2329 cum
707 2301 843 2328 sanctos
860 2291 1043 2342 suscipies,
1061 2306 1141 2328 cum
1157 2293 1212 2340 iis,
1227 2293 1288 2342 qui

305 2355 341 2392 in
357 2354 458 2391 illum
475 2353 554 2390 cred
562 2361 635 2398 unt,
653 2352 873 2388 ministrabis
886 2367 893 2387 t
906 2352 956 2388 sic
971 2361 1004 2388 ct
1017 2352 1231 2389 abeuntibus
1246 2353 1288 2389 il-

304 2416 361 2464 lis,
382 2415 493 2452 multa
507 2413 646 2465 pietatis
662 2421 889 2449 monumenta
903 2412 1064 2449 habebis.
1080 2413 1176 2449 Solet
1193 2413 1286 2449 enim

305 2492 344 2515 ea
366 2491 486 2514 mensa
513 2476 548 2512 in
570 2489 640 2525 qua
656 2483 796 2511 sanctus
817 2473 982 2521 comedit,
1008 2482 1040 2510 et
1056 2474 1139 2511 sella
1160 2474 1196 2511 in
1219 2488 1287 2524 qua

306 2537 410 2584 sedit,
438 2545 471 2573 et
488 2535 598 2572 lectus
614 2534 649 2570 in
670 2547 740 2584 quo
760 2534 886 2585 jacuit,
917 2533 1018 2570 illum
1048 2534 1109 2583 qui
1134 2535 1288 2585 suscepit

305 2609 550 2648 compungere,
565 2594 670 2632 etiam
681 2602 866 2644 postquam
878 2593 938 2630 ille
948 2593 1089 2630 abierit.
1102 2595 1287 2641 Quantum

304 2667 408 2710 putas
421 2663 667 2707 compunctam
677 2653 1063 2700 fuisseSunamitidem,
1081 2654 1115 2690 in
1126 2654 1288 2705 superius

305 2718 472 2757 conclave
487 2715 578 2753 illud
588 2714 855 2765 ingredientem,
872 2714 933 2752 ubi
946 2714 1110 2752 manebat
1123 2714 1286 2762 Elisaeus,

305 2780 486 2817 videntem
513 2789 668 2814 mensam
687 2783 722 2812 et
742 2775 883 2823 lectum,
914 2775 950 2812 in
978 2789 1048 2825 quo
1067 2784 1207 2813 sanetus
1227 2776 1287 2813 ille

304 2841 471 2895 jacebat?
493 2848 659 2890 quantam
681 2838 763 2874 inde
781 2838 945 2889 pietatem
963 2840 1186 2890 conceperit?
1209 2839 1288 2876 Nisi

306 2904 403 2942 enim
431 2902 498 2939 hoc
526 2901 574 2938 ita
604 2908 702 2946 esset,
725 2912 793 2936 non
824 2899 1027 2950 projecisset
1052 2899 1140 2936 illuc
1171 2899 1286 2937 filium

308 2973 502 3010 mortuum,
535 2961 603 2998 nisi
629 2960 783 2997 multum
812 2958 977 2996 utilitatis
1018 2959 1102 2997 inde
1135 2960 1284 2998 tulisset.

310 3027 402 3064 Nam
431 3023 461 3061 si
490 3035 552 3059 nos
582 3029 661 3072 post
688 3029 827 3057 tantum
856 3019 1024 3070 temporis
1046 3019 1200 3070 spatium
1226 3019 1288 3057 illo

309 3084 473 3138 ingressi,
510 3082 572 3120 ubi
603 3081 735 3119 Paulus
765 3080 942 3125 manebat,
966 3079 1028 3116 ubi
1058 3080 1190 3131 ligatus
1221 3089 1286 3129 est,

312 3148 375 3186 ubi
389 3146 479 3184 sedit
491 3153 524 3182 et
539 3142 715 3188 disseruit,
733 3142 910 3191 quasialis
925 3141 1090 3179 assumtis
1101 3141 1286 3193 erigimur,

306 3218 342 3246 ‘et
357 3209 403 3245 ad
418 3206 490 3245 diei
504 3205 600 3242 illius
614 3203 891 3241 recordationem
906 3214 949 3240 ex
963 3202 1050 3240 locis
1061 3202 1147 3254 ipsis
1158 3204 1287 3241 remit-

310 3269 418 3306 timur
435 3283 442 3302 :
459 3280 540 3303 cum
565 3264 682 3301 adhuc
710 3272 864 3300 recentes
890 3277 943 3300 res
970 3272 1094 3310 essent,
1124 3278 1193 3313 quo
1218 3279 1287 3302 non

310 3327 491 3379 religionis
515 3327 641 3363 affectu
662 3324 895 3362 movebantur
914 3323 952 3372 ii,
977 3323 1039 3374 qui
1059 3338 1139 3361 011111
1161 3325 1286 3376 pletate

356 3455 368 3469 Ξ
393 3442 503 3476 Codex
521 3454 602 3475 ulmo·
624 3448 772 3476 ffmizzv-
793 3441 919 3483 [Paulo
941 3450 1017 3474 asslc
1035 3444 1070 3474 Α.
1098 3446 1297 3486 §vagu-amm]

1364 269 1569 302 ARCHIEP.
1608 272 1962 305 CONSTANTINOP.

1359 357 1504 400 πλοῦτος
1524 360 1737 409 ὁπανταχοῦ
1753 358 1967 410 περιρρέων,
1995 362 2061 398 ποῦ
2082 361 2122 399 δὲ
2143 364 2160 400 ὁ
2178 363 2245 400 τῶν
2265 362 2375 414 ὄψεων

1357 418 1627 468 καλλωπισμός;
1658 421 1724 456 ποῦ
1745 418 1780 456 δὲ
1797 421 1818 464 ἡ
1840 417 1920 462 δόξα
1935 423 1956 465 ἡ
1975 422 2076 468 >nav-153
2099 422 2291 473 Κατάμαθε
2315 427 2378 469 τῆς

1356 478 1516 527 γυναικὸς
1534 478 1592 516 τὸν
1621 478 1765 528 κόσμον,
1797 478 1853 515 τὸν
1886 481 1923 516 οὐ
1956 479 2094 530 σώματι
2125 483 2375 532 περικείμενον,

1357 537 1446 576 ἀλλὰ
1465 538 1578 590 ψυχὴν
1600 539 1865 582 καλλωπίζοντα
1877 568 1887 585 ,
1909 539 1966 578 τὸν
1982 541 2144 580 οὐδέποτε
2164 543 2373 592 ἀποτιθέμε-

1355 613 1424 644 νον,
1440 599 1496 636 τὸν
1515 600 1577 636 οὐκ
1594 601 1626 636 ἐν
1645 599 1800 651 κιέωτίῳ
1818 599 1990 648 κείμενον,
2012 601 2101 640 ἀλλὰ
2126 609 2195 646 τοῖς
2220 606 2375 656 οὐρανοῖς

1355 659 1631 710 ἓναποκείμενον.

1410 781 1522 820 Βλέπε
1538 784 1651 820 αὐτῶν
1666 784 1723 822 τὸν
1739 784 1817 837 περὶ
1832 784 1871 822 τὸ
1889 784 2052 837 κήρυγμα
2068 785 2186 832 πόνον,
2202 784 2259 823 τὸν
2275 787 2310 823 ἐν
2324 788 2373 837 τῷ

1358 842 1536 895 μαρτυρίῳ
1553 843 1733 895 στέφανον,
1760 845 1822 891 τὴν
1841 846 1874 882 ἐν
1894 851 1964 888 τοῖς
1982 845 2142 897 χρήμασι
2162 845 2374 897 φιλοτιμίαν,-

1356 902 1419 949 τὴν
1437 904 1517 954 περὶ
1535 905 1673 941 Παῦλον
1697 905 1852 955 ἀγάπην,
1874 906 1913 943 τὸ
1935 906 2014 956 περὶ
2041 906 2098 943 τὸν
2125 906 2276 958 Χριστὸν
2295 906 2375 955 φίλ-

1355 979 1433 1014 τρον
1449 979 1456 986 ·
1481 965 1665 1015 παράὸαλε
1684 965 1813 1008 τούτοις
1827 965 1872 1003 τὰ
1893 965 1954 1011 σὰ,
1971 966 2034 1012 τὴν
2054 965 2134 1016 περὶ
2150 965 2193 1003 τὰ
2208 965 2376 1017 χρήματα

1358 1024 1524 1070 σπουδὴν,
1546 1025 1608 1071 τὴν
1638 1026 1722 1078 πρὸς
1748 1026 1810 1069 τὰς
1835 1026 2088 1079 πορνευομένας
2117 1027 2282 1076 ἅμιλλαν,
2312 1025 2375 1072 τὴν

1356 1086 1441 1137 πρὸς
1459 1085 1516 1122 τὸν
1537 1085 1661 1136 χόρτον
1680 1086 1888 1137 φιλονεικίαν
1903 1102 1910 1109 ·
1930 1087 1990 1123 καὶ
2005 1087 2084 1124 τότε
2098 1087 2192 1139 ὄψεις
2207 1086 2297 1129 τίνες
2313 1087 2375 1136 μὲν

1357 1147 1502 1193 ἐκεῖνοι,
1532 1146 1583 1189 τίς
1603 1146 1637 1184 δὲ
1660 1147 1711 1184 σύ.
1734 1149 1888 1184 ’Μᾶλλον
1917 1147 1951 1185 δὲ
1975 1146 2023 1197 μὴ
2055 1148 2239 1199 παράὸαλε
2260 1146 2375 1196 μόνον,

1358 1207 1447 1245 ἀλλὰ
1462 1208 1520 1245 καὶ
1533 1208 1635 1254 ζήλου
1652 1207 1714 1255 τὴν
1729 1215 1875 1260 γυναῖκα
1890 1239 1899 1256 ,
1917 1209 1977 1247 καὶ
1993 1209 2036 1246 τὰ
2052 1208 2180 1261 φορτία
2192 1211 2254 1253 τῆς
2269 1207 2377 1259 χλόης

1359 1269 1555 1318 ἀποθεμένη
1586 1273 1704 1317 (τοῦτο
1735 1269 1800 1320 γὰρ
1821 1273 1841 1315 ἡ
1864 1273 1932 1307 τῶν
1949 1269 2096 1320 ἱματίων
2121 1270 2349 1316 πολυτέλεια)
2367 1299 2376 1316 ,

1357 1329 1516 1378 λάμὲανε
1531 1329 1587 1366 τὸν
1609 1331 1648 1365 ἐκ
1666 1335 1724 1367 τοῦ
1740 1332 1881 1380 οὐρανοῦ
1901 1330 2044 1378 κόσμον,
2067 1330 2126 1366 καὶ
2147 1330 2297 1379 μάνθανε
2316 1329 2378 1367 πό-

1360 1392 1413 1425 θεν
1435 1389 1588 1439 ἐγένοντο
1615 1394 1761 1426 τοιοῦτοι
1780 1393 1810 1426 οἱ
1833 1390 1912 1440 περὶ
1932 1389 2162 1439 Πρίσκιλλαν.
2192 1389 2305 1426 Πόθεν
2320 1384 2376 1425 οῦν

1359 1448 1534 1499 ἐγένοντο,
1557 1448 1625 1486 Δύο
1652 1449 1711 1495 ἔτη
1730 1450 1787 1487 τὸν
1805 1451 1945 1487 Παῦλον
1977 1449 2221 1501 ἐξενοδόχησαν
2235 1465 2243 1472 ·
2261 1449 2319 1496 ἔτη
2342 1449 2378 1487 δὲ

1359 1509 1416 1547 δύο
1432 1510 1465 1546 τί
1484 1512 1544 1547 οὐκ
1559 1509 1598 1546 ἂν
1618 1511 1728 1547 αὐτῶν
1744 1510 1928 1561 εἰργάσατο
1942 1509 2004 1557 τὴν
2023 1511 2156 1562 ψυχήν,
2177 1510 2224 1548 Τί
2240 1506 2296 1548 οῦν
2312 1510 2378 1560 ἐγὼ

1359 1571 1479 1616 πάθω,
1497 1570 1612 1621 φησὶν,
1627 1570 1681 1608 ὅτι
1695 1572 1837 1608 Παῦλον
1853 1574 1913 1609 οὐκ
1928 1572 2015 1623 ἔχω,
2033 1571 2117 1609 Ἐὰν
2139 1571 2259 1623 θέλῃς,
2277 1573 2380 1623 οἰκριὦ

1359 1631 1519 1683 δέη-τερον
1541 1631 1632 1682 ἔχεις
1653 1630 1674 1677 ἢ
1696 1634 1837 1669 ἐκεῖνοι·
1859 1632 1932 1670 οὐδὲ
1954 1632 2021 1683 γὰρ
2040 1632 2187 1675 ἐκείνους
2208 1635 2228 1678 ἡ
2251 1633 2326 1683 ὄψις
2358 1635 2377 1678 ἡ

1358 1691 1498 1729 Παύλου
1515 1690 1686 1733 τοιούτους
1706 1692 1878 1739 ἐποίησεν,
1901 1692 1990 1730 ἀλλὰ
2002 1691 2046 1730 τὰ
2063 1692 2204 1743 ῥήματα
2221 1692 2378 1730 Παύλου.

1358 1751 1486 1795 “QG-tc,
1513 1754 1541 1788 εἰ
1564 1752 1787 1802 βουληθείης,
1810 1752 1870 1790 καὶ
1890 1754 2030 1790 Παῦλον
2065 1753 2124 1792 καὶ
2158 1753 2292 1804 Πέτρον
2319 1752 2379 1790 καὶ

1360 1811 1523 1858 Ἰωάννην
1551 1812 1610 1849 καὶ
1635 1816 1704 1849 τῶν
1725 1816 1910 1864 προφητῶν
1934 1814 2071 1852 ἅπαντα
2088 1814 2146 1852 τὸν
2166 1814 2268 1865 χορὸν
2291 1813 2380 1863 μετὰ

1359 1876 1427 1911 τῶν
1448 1873 1649 1911 ἀποστόλων
1681 1873 1764 1917 ἕξεις
1792 1874 1976 1924 ὃμιλοῦντά
2004 1890 2057 1912 σοι
2077 1876 2253 1921 διηνεκῶς.
2282 1873 2380 1911 Aoi&

1360 1934 1427 1987 γὰρ
1444 1937 1511 1971 τῶν
1530 1933 1710 1985 μακαρίων
1728 1934 1856 1972 τούτων
1873 1935 1934 1978 τὰς
1957 1935 2115 1986 βίὸλους,
2134 1935 2195 1973 καὶ
2215 1934 2379 1985 ἐντύγχα-

1362 2011 1396 2032 νε
1414 1997 1579 2043 διηνεκῶς
1599 2001 1673 2037 ταῖς
1691 1995 1830 2033 ἐκείνων
1850 2002 2020 2049 γραφαῖς,
2040 1995 2099 2034 καὶ
2120 1994 2323 2042 δυνήσονταί
2342 2010 2380 2032 σε

1362 2060 1507 2102 ποι-ἧσαι
1533 2055 1623 2093 κατὰ
1655 2055 1717 2101 τὴν
1744 2060 1804 2093 τοῦ
1828 2061 2033 2103 σκηνοποιοῦ
2059 2063 2217 2107 γυναῖκα.
2246 2055 2315 2094 Καὶ
2347 2054 2381 2092 τί

1362 2115 1452 2166 λέγω
1471 2117 1632 2163 Παῦλον,
1660 2115 1720 2154 Ἂν
1753 2115 1820 2168 γὰρ
1847 2117 1982 2168 ἐθέλῃς,
2005 2116 2064 2155 καὶ
2087 2116 2190 2154 αὐτὸν
2212 2115 2297 2160 ἕξεις
2322 2116 2380 2153 τὸν

1363 2175 1503 2213 Παύλου
1524 2176 1705 2222 Δεσπότην
1721 2193 1728 2200 ·
1747 2177 1802 2214 διὰ
1821 2176 1888 2228 γὰρ
1907 2181 1969 2223 τῆς
1990 2177 2131 2215 Παύλου
2149 2176 2307 2228 γλώττης
2322 2175 2381 2213 καὶ

1363 2237 1491 2279 ἐκεῖνός
1519 2253 1572 2275 σοι
1598 2236 1805 2280 διαλέξεται.
1840 2237 1911 2276 Καὶ
1957 2238 2081 2288 ἑτέρως
2115 2236 2150 2274 δὲ
2184 2236 2288 2274 πάλιν
2323 2237 2382 2272 δυ-

1361 2296 1449 2347 νήσῃ
1486 2296 1647 2340 δέξασθαι
1685 2300 1807 2334 τοῦτον
1825 2326 1834 2343 ,
1875 2297 1957 2334 ὅταν
2003 2296 2081 2340 τοὺς
2125 2297 2242 2346 ἁγίους
2281 2295 2380 2346 δέξῃ,

1361 2357 1441 2394 ὅταν
1494 2357 1570 2400 τοὺς
1613 2360 1660 2400 εἷς
1708 2360 1834 2395 ἐκεῖνον
1876 2357 2098 2400 πιστεύοντας
2145 2357 2358 2408 θεραπεύσῃς
2372 2371 2379 2379 ·

1361 2417 1450 2455 οὕτω
1489 2417 1547 2455 καὶ
1588 2417 1805 2455 ἀπελθόντων
1854 2417 1992 2455 ἐκείνων
2007 2447 2016 2465 ,
2058 2416 2172 2455 πολλὰ
2225 2417 2381 2467 ὑπομνή-

1362 2494 1454 2527 ματα
1491 2478 1669 2521 εὖλαὲείας
1695 2477 1792 2522 ἔξεις.
1818 2473 1903 2516 Οἵδε
1942 2478 2008 2529 γὰρ
2048 2478 2107 2515 καὶ
2142 2477 2298 2530 τράπεζα
2328 2479 2379 2529 ἐφ’

1359 2533 1400 2584 ἧς
1421 2541 1438 2575 ὁ
1454 2539 1548 2589 ἅγιος
1566 2538 1693 2590 ἔφαγε,
1722 2539 1780 2576 καὶ
1810 2539 1961 2592 καθέδρα
1988 2540 2039 2590 ἐφ’
2068 2532 2109 2584 ἧς
2135 2537 2293 2585 ἐκάθισε,
2320 2538 2380 2575 καὶ

1359 2598 1459 2645 κλίνη
1481 2601 1531 2650 ἐφ’
1551 2594 1591 2644 ἧς
1607 2599 1792 2645 κατεκλίθη
1805 2629 1814 2646 ,
1835 2598 2022 2643 κατανύξαι
2038 2599 2094 2636 τὸν
2115 2598 2379 2648 ὑποδεξάμενον,

1360 2660 1419 2697 καὶ
1436 2659 1642 2703 ἀπελθόντος
1656 2659 1802 2697 ἐκείνου.
1817 2661 1900 2703 Πῶς
1913 2664 1993 2711 γοῦν
2014 2659 2077 2697 οἴει
2093 2659 2156 2705 τὴν
2177 2661 2378 2709 Σωναμῖτιν

1359 2721 1493 2767 ἐκείνην
1513 2720 1788 2759 κατανύττεσθαι
1800 2750 1810 2767 ,
1831 2724 1845 2741 ⁸³
1858 2722 2075 2758 εἰσελθοῦσαν
2104 2722 2150 2763 εἷς
2167 2719 2207 2757 τὸ
2225 2721 2380 2771 ὑπερῷον

1361 2782 1440 2819 ἔνθα
1460 2780 1646 2830 κατέμενεν
1662 2784 1681 2818 ὁ
1702 2780 1923 2826 Ἐλισσαῖος,
1943 2782 2078 2831 ὁρῶσαν
2096 2779 2158 2826 τὴν
2188 2780 2379 2830 τράπεζαν,

1360 2841 1423 2887 τὴν
1442 2840 1563 2887 κλίνην
1578 2842 1629 2891 ἐφ’
1647 2835 1687 2885 ἧς
1701 2843 1718 2877 ὁ
1736 2840 1830 2890 ἅγιος
1850 2841 1977 2882 ἐκεῖνος
1991 2840 2173 2887 ἐκάθευδε,
2190 2839 2301 2883 πόσην
2323 2841 2379 2875 ε’ν-

1360 2906 1477 2941 τεῦθεν
1497 2900 1658 2952 δέχεσθαι
1675 2899 1738 2946 τὴν
1764 2900 1964 2946 εὖλάίῗειαη
1986 2899 2076 2938 Οὐδὲ
2093 2899 2161 2950 γὰρ
2189 2898 2242 2945 ἂν,
2272 2900 2300 2935 εἷ
2329 2897 2376 2947 μὴ

1360 2966 1461 3001 τοῦτο
1482 2957 1536 3009 ἦν,
1558 2960 1693 3015 ἔρριψεν
1713 2963 1785 2999 ἐκεῖ
1807 2960 1845 2998 τὸ
1869 2959 2006 2997 παιδίον
2023 2959 2156 3009 νεκρὸν,
2175 2960 2205 2996 εἷ
2228 2957 2275 3008 μὴ
2292 2960 2379 2996 πολέ-

1360 3024 1425 3070 λὴν
1440 3023 1567 3060 ἐκεῖθεν
1590 3024 1781 3073 ἐκαρποῦτο
1796 3019 1859 3066 τὴν
1873 3018 2054 3069 ὠφέλειαν.
2072 3020 2116 3056 Εἰ
2130 3018 2197 3071 γὰρ
2215 3018 2302 3068 μετὰ
2321 3035 2379 3056 το-

1362 3087 1482 3121 σοῦτον
1506 3081 1628 3133 χρόνον
1659 3080 1841 3124 εἰσιόντες,
1872 3078 1952 3116 ἔνθα
1973 3079 2088 3129 ἔμεινε
2112 3079 2276 3124 Παῦλος,
2299 3079 2378 3116 ἔνθα

1360 3145 1458 3191 ἐδέθη
1473 3174 1482 3191 ,
1501 3143 1580 3181 ἔνθα
1599 3140 1800 3179 συνεκάθισε
1833 3139 1891 3176 καὶ
1926 3139 2105 3190 διελέχθη,
2137 3138 2355 3189 πτερούμεθα
2368 3168 2377 3184 ,

1359 3205 1520 3257 καὶπρὸς
1542 3201 1631 3248 ι’τὴν
1653 3201 1794 3251 μνήμην
1823 3202 1886 3244 τῆς
1914 3199 2048 3251 ἡμέρας
2080 3199 2148 3236 ἀπὸ
2175 3201 2243 3236 τῶν
2263 3199 2376 3236 τόπων

1358 3263 1677 3316 παραπεμπόμεθα·
1693 3262 1743 3299 ἔτι
1758 3260 1932 3312 νεωτέρων
1948 3262 2015 3296 τῶν
2028 3259 2243 3312 πραγμάτιον
2258 3260 2376 3306 ὄντων,

1356 3325 1390 3362 τί
1412 3324 1560 3375 πάσχειν
1582 3322 1670 3365 εἰκὸς
1687 3321 1763 3364 τοὺς
1786 3323 1861 3370 μετ’
1890 3320 2070 3363 εὐλαὸείας
2097 3319 2371 3372 ξενοδοχοῦντας,

1409 3445 1424 3468 ¹*
1450 3444 1515 3485 [τὴν
1532 3450 1652 3485 ,ιι-,ήμην
1670 3446 1777 3479 ἐκείνῳ
1793 3440 1828 3471 A.
1846 3448 1876 3471 et
1894 3437 1994 3471 5-1111.
2014 3439 2044 3469 111
2065 3437 2184 3479 1111115,Ἰ
