2502 3810
160 1371 236 1398 vera
251 1370 327 1397 dile-

140 1413 208 1444 0110,
231 1422 304 1448 quae.

141 1502 232 1528 Joan.
256 1501 303 1529 13.

142 1543 193 1571 36.
233 1548 261 1569 et
295 1541 325 1570 6.

141 1584 192 1619 69.
214 1583 326 1611 Mattlz.

141 1622 170 1652 8.
199 1633 243 1662 ¹9·

144 1860 232 1888 Psal.
255 1869 304 1897 72.

145 1901 194 1929 25.

805 260 823 279 Ι

342 242 434 300 514
803 255 842 285 ε.
881 253 1064 284 1011315
1100 253 1337 283 0111115051.

341 345 554 388 computare,
571 333 776 371 mercenarii
802 333 920 384 potius
941 341 1002 382 est,
1017 346 1123 383 quam
1156 333 1247 383 grati
1272 333 1323 370 fa-

340 397 443 433 muli.
469 397 616 446 Oportet
643 394 737 430 enim
767 393 885 430 omnia
908 403 1051 445 propter
1073 392 1255 430 Christum
1273 394 1324 430 fa-

340 471 427 504 cere,
443 470 511 492 non
525 464 670 506 propter
685 454 881 491 mercedem
899 470 906 490 :
925 453 1003 492 ideo
1020 454 1114 491 enim
1129 454 1324 505 gehennam

339 516 574 553 comminatus
602 525 664 563 est,
680 525 713 553 ct
743 529 892 566 regnum
917 515 1092 567 promisit,
1113 523 1153 551 ut
1177 529 1198 552 a
1223 516 1326 553 nobis

338 585 526 613 amaretur.
549 578 715 613 Amemus
735 575 854 626 itaque
878 575 981 613 illum
1005 585 1045 613 ut
1073 589 1191 613 amare
1221 590 1323 628 opor-

338 645 386 672 tet
405 652 411 671 :
431 636 498 673 hoc
520 650 645 686 magna
675 651 808 674 merces
828 645 891 684 est,
904 636 973 674 hoc
998 650 1147 687 regnum
1172 637 1324 675 0110111-

336 705 427 748 ptas,
447 697 514 734 hoc
533 697 670 734 deliciae
690 707 724 735 et
743 697 855 748 gloria
869 706 902 735 et
919 697 1047 746 honor,
1070 697 1137 734 hoc
1155 698 1232 746 lux,
1253 698 1322 735 hoc

1331 731 1380 757 471

1378 255 1583 286 incunte.
1622 242 1983 290 cos-summopi

1392 336 1450 373 καὶ
1471 336 1790 389 ἀκριὸολογεῖσθαι,
1809 342 1981 389 μισθωτοῦ
1998 341 2127 390 μᾶλλον
2144 339 2284 391 ῥήματά
2301 341 2406 386 ἐστιν,

1390 394 1412 441 ἢ
1429 395 1640 447 εὐγνώμονος
1652 397 1794 436 οἰκέτου.
1816 401 1877 436 Δεῖ
1893 398 1960 450 γὰρ
1976 399 2089 437 πάντα
2109 399 2165 436 διὰ
2184 399 2240 436 τὸν
2258 400 2408 451 Χριστὸν

1392 461 1516 504 ποιεῖν,
1535 458 1572 494 οὔ
1592 457 1647 494 διὰ
1663 457 1718 495 τὸν
1736 456 1904 507 ἲ’μιι-ῐθόν·
1925 459 1985 496 καὶ
2012 459 2080 510 γὰρ
2104 459 2164 497 καὶ
2185 459 2323 510 γέενναν
2354 458 2410 496 διὰ

1390 520 1491 554 τοῦτο
1513 517 1700 564 ἠπείλησε,
1720 517 1780 555 καὶ
1806 518 1984 568 βασιλείαν
2003 520 2254 570 ἐπηγγείλατο,
2275 518 2331 556 ἵνα
2358 533 2412 569 φι-

1390 578 1496 622 λῆται
1517 580 1600 628 παρ’
1630 580 1744 627 ἡμῶν.
1768 577 1984 628 Φιλῆσωμεν
2002 579 2113 617 τοίνυν
2134 580 2253 624 αὐτὸν,
2283 581 2329 620 ὡς
2357 594 2414 630 (pt-

1390 638 1460 674 λεῖν
1490 636 1559 689 χρή
1573 653 1580 661 ·
1614 642 1714 676 τοῦτο
1747 637 1815 690 γὰρ
1848 641 1865 676 ὃ
1897 638 2004 689 μέγας
2038 639 2157 688 μισθὸς
2171 668 2181 684 ,
2202 643 2302 677 τοῦτο
2341 640 2411 688 βα-

1392 697 1504 735 σιλεία
1538 698 1597 735 καὶ
1626 697 1732 744 ἡδονὴ
1747 727 1756 743 ,
1788 702 1888 736 τοῦτο
1919 698 2030 750 τρυφὴ
2065 699 2124 736 καὶ
2156 698 2235 742 δόξα
2266 699 2325 735 καὶ
2357 714 2413 735 τι-

337 757 508 795 immensa
541 758 734 805 beatitudo,
759 773 866 808 quam
889 772 952 796 nec
981 758 1093 796 oratio
1125 758 1320 809 declarare,
1343 767 1370 797 Α
1393 773 1460 806 μη,
1488 758 1588 794 τοῦτο
1608 759 1700 808 φῶς,
1736 762 1836 795 τοῦτο
1869 760 1933 803 ἡεἰ
1943 759 2283 811 μυριομακαριότης,
2302 759 2343 804 ἣν
2374 759 2413 794 οὐ

337 831 399 854 nce
428 832 524 855 mens
544 833 666 870 capere
686 819 808 870 possit.
828 821 967 857 Verum
990 818 1105 856 nescio
1127 833 1196 869 quo
1219 829 1323 871 pacto

337 877 374 914 111
392 877 598 929 hujusmodi
615 893 811 916 sermonem
828 878 1001 916 deductus
1013 878 1095 928 sim,
1107 879 1166 929 qui
1178 879 1322 930 jubeam

337 938 512 987 homines,
531 953 593 977 nec
611 939 850 992 principatum
867 953 929 977 nec
946 940 1097 991 gloriam
1117 948 1324 991 praesentem

337 996 581 1048 despicientes,
607 1011 757 1049 regnum
793 1011 945 1050 praesens
977 1007 1121 1049 propter
1141 998 1323 1036 Christum

338 1056 540 1108 despicere,
559 1057 697 1094 etiamsi
727 1058 780 1095 illi
807 1057 925 1109 magni
944 1067 977 1095 et
1002 1057 1161 1108 generosi
1182 1058 1251 1095 viri
1278 1058 1324 1096 ad

339 1117 430 1155 hanc
458 1118 588 1155 amoris
616 1133 817 1156 mensuram
843 1119 1066 1171 pertigerint.
1092 1119 1188 1157 Aud1
1215 1119 1324 1171 igitur

340 1181 518 1230 quomodo
546 1183 671 1219 Petrus
692 1197 757 1234 pro
775 1183 837 1220 illo
855 1182 990 1229 ardeat,
1010 1183 1183 1233 illumque
1198 1192 1231 1220 et
1249 1183 1325 1220 ani-

339 1256 405 1279 mae
427 1252 460 1280 et
484 1243 566 1281 vitae
593 1257 663 1281 suae
690 1252 723 1281 et
751 1244 915 1281 omnihus
934 1244 1107 1296 praeferat.
1123 1244 1169 1280 Et
1186 1258 1266 1281 cum
1282 1244 1325 1281 il-

339 1301 416 1339 lum
431 1303 649 1355 abnegasset,
680 1318 749 1341 non
774 1313 919 1356 propter
934 1304 1152 1356 supplicium
1168 1305 1325 1355 lugebat,
1347 1310 1369 1339 B

341 1363 400 1400 sed
425 1363 510 1413 quia
528 1362 698 1400 dilectum
717 1373 907 1414 negaverat
927 1380 935 1400 ;
957 1363 1055 1414 quod
1074 1364 1172 1401 omni
1191 1365 1327 1416 suppli-

342 1422 396 1460 cio
413 1423 575 1461 acerbius
593 1423 660 1475 ipsi
677 1432 761 1461 erat.
779 1424 930 1474 Haecque
945 1424 1063 1461 omnia
1075 1433 1154 1461 ante
1170 1424 1326 1476 Spiritus

343 1485 492 1536 gratiam
512 1485 698 1523 exhibuit:
716 1499 876 1536 saepeque
894 1484 1060 1529 instabat,
1078 1484 1198 1522 dicens
1214 1501 1221 1520 :
1244 1486 1326 1534 Quo

344 1547 458 1583 vadis
473 1551 490 1583 Ρ
506 1555 538 1584 et
566 1555 681 1592 antea,
705 1546 777 1582 Ad
804 1559 915 1597 quem
945 1547 1109 1582 ibimus?
1123 1559 1163 1582 ae
1179 1558 1315 1588 rursus,

342 1607 491 1658 Sequar
505 1615 540 1644 le
554 1620 791 1657 quocumque
809 1608 910 1642 ieris.
931 1605 1060 1643 Omnia
1079 1604 1174 1641 enim
1190 1604 1264 1656 ipse
1283 1604 1327 1641 il·

343 1664 387 1701 lis
401 1673 487 1713 erat,
509 1678 549 1701 ac
574 1677 686 1713 neque
704 1663 830 1700 caelum
849 1676 962 1713 neque
983 1676 1133 1713 regnum
1160 1663 1327 1700 caelorum

343 1724 472 1761 dilecto
490 1724 731 1775 praeferebant.
753 1723 810 1760 Tu
831 1722 924 1760 enim
946 1722 1035 1760 1111111
1053 1723 1115 1760 illa
1136 1723 1254 1761 omnia
1273 1738 1323 1772 es,

343 1784 470 1834 inquit.
484 1783 530 1821 Et
547 1783 635 1834 quid
650 1783 804 1833 miraris,
820 1783 847 1821 si
865 1785 990 1821 Petrus
1005 1783 1054 1820 ita
1067 1784 1212 1821 affectus
1227 1785 1325 1822 erat?

343 1846 432 1883 Nam
451 1844 535 1882 audi
552 1845 640 1895 quid
661 1845 833 1897 propheta
850 1843 945 1882 dicat
963 1860 970 1881 :
993 1846 1096 1895 Quid
1110 1848 1212 1883 enim
1231 1848 1327 1884 mihi

343 1915 398 1945 est
416 1909 456 1943 in
468 1907 561 1943 coelo
575 1910 590 1942 .³
602 1914 637 1943 et
652 1920 676 1943 a
689 1915 723 1943 te
738 1906 832 1958 quid
846 1906 958 1943 volui
978 1919 1090 1957 super
1106 1915 1246 1944 terram
1257 1911 1273 1944 Ρ
1284 1907 1328 1945 Id

343 1976 404 2014 cst,
419 1981 486 2004 non
500 1981 622 2004 eorum
635 1981 712 2017 quae
730 1980 885 2016 sursum,
899 1981 960 2004 nec
972 1981 1048 2017 quae
1064 1967 1228 2005 deorsum
1247 1978 1328 2006 sunt

343 2027 444 2065 aliud
462 2028 542 2066 volo
563 2036 687 2080 praeter
706 2036 750 2066 te.
772 2028 848 2065 Hoc
866 2041 966 2065 amor
983 2037 1045 2076 est,
1064 2029 1129 2065 hoc
1148 2027 1293 2067 dilectio
1317 2045 1323 2065 :

344 2089 373 2126 si
403 2089 451 2126 ita
486 2103 656 2137 amemus,
677 2103 740 2126 nec
767 2088 967 2140 praesentia,
988 2102 1049 2125 nec
1074 2089 1193 2126 futura
1223 2089 1330 2140 quid-

345 2161 453 2196 quam
473 2161 546 2184 esse
564 2161 636 2198 prae
657 2160 776 2184 amore
795 2146 855 2183 illo
875 2146 1094 2198 putabimus,
1116 2155 1148 2184 ct
1166 2147 1250 2184 hinc
1271 2161 1328 2184 re-

345 2222 454 2258 gnum
486 2222 753 2258 consequemur,
776 2209 811 2246 in
837 2209 913 2259 ejus
944 2222 1063 2246 amore
1093 2209 1262 2248 laetantes.
1282 2210 1329 2247 Et

344 2268 538 2317 quomodo,
563 2267 715 2317 inquies,
736 2268 804 2305 hoc
835 2267 927 2304 erit.o
949 2268 988 2305 Si
1019 2264 1212 2319 cogitemus
1242 2283 1330 2319 quo-

346 2327 450 2365 inodo
462 2328 565 2365 illum
583 2327 792 2365 contumelia
814 2327 1034 2364 affecerimus
1051 2337 1128 2379 post
1146 2329 1329 2367 innumera

346 2389 472 2426 collata
498 2389 610 2439 bona,
633 2389 707 2440 ipse
728 2402 812 2425 vcro
830 2387 1003 2425 hortando
1022 2390 1296 2439 perseveraverit
1320 2405 1326 2425 ε

345 2450 482 2500 quoties
501 2450 605 2487 illum
623 2458 881 2501 praetercamUS,
905 2448 980 2500 ipse
998 2463 1081 2486 vero
1101 2463 1163 2487 nos
1179 2463 1248 2487 non
1268 2464 1329 2488 ne-

347 2511 473 2561 gligat,
496 2510 556 2547 sed
574 2518 733 2547 accurrat
753 2518 786 2546 et
804 2508 937 2546 alliciat
956 2517 1061 2559 atque
1080 2509 1126 2546 ad
1143 2523 1179 2547 se
1195 2511 1326 2548 trahat.

347 2573 384 2610 s‘i
403 2572 495 2610 enim
523 2572 599 2609 haec
622 2579 655 2608 et
674 2570 805 2608 similia
825 2570 1115 2621 cogitaverimus,
1138 2570 1234 2608 hunc
1251 2586 1329 2611 suc-

348 2633 494 2670 ccndcre
520 2646 674 2670 amorem
693 2631 901 2684 poterimus.
919 2632 1012 2669 Nam
1034 2632 1062 2669 si
1083 2632 1144 2682 qui
1165 2632 1212 2669 ita
1237 2643 1330 2671 amat

348 2703 436 2732 esset
466 2694 573 2731 homo
598 2693 696 2741 vilis,
718 2692 778 2743 qui
801 2705 886 2729 vero
915 2691 963 2729 ita
983 2701 1120 2729 amatur
1137 2707 1201 2730 rex
1225 2703 1330 2743 esset;

348 2769 462 2792 nonne
497 2755 557 2792 hic
599 2753 729 2791 amoris
765 2752 1048 2804 magnitudinem
1084 2756 1331 2793 revereretur?

350 2818 451 2853 Certe
484 2815 654 2853 maxime.
671 2815 760 2852 Cum
790 2827 874 2851 vero
904 2823 1036 2860 contra,
1053 2813 1242 2853 ineffabilis
1271 2816 1331 2853 illa

350 2875 579 2928 pulchritudo
594 2884 627 2913 et
639 2875 751 2926 gloria
768 2884 801 2912 et
814 2874 952 2912 divitiae
967 2875 1057 2925 ejus,
1069 2875 1130 2925 qui
1146 2890 1208 2914 nos
1222 2885 1330 2925 amat,

352 2935 438 2972 tales
451 2935 534 2982 sint,
548 2948 610 2972 nos
629 2947 713 2971 vero
732 2932 930 2971 admodum
948 2933 1050 2982 viles,
1068 2934 1246 2984 quomodo
1261 2948 1330 2973 non

352 2995 451 3033 mille
466 2994 652 3047 suppliciis
666 2993 765 3044 digni
776 2993 981 3041 fuerimus,
972 3002 1020 3030 lta
1035 2994 1124 3031 viles
1139 3004 1172 3032 et
1186 2996 1328 3051 abjecti,

351 3054 413 3105 qui
433 3068 452 3090 a
470 3063 566 3091 tanto
583 3061 616 3090 et
633 3061 703 3089 tam
707 3023 928 3089 ”admirando
945 3065 1051 3103 supra
1070 3052 1217 3090 modum
1237 3068 1331 3092 ama-

353 3129 446 3158 mur,
461 3123 493 3151 et
513 3113 610 3150 illius
631 3126 786 3149 amorem
803 3111 852 3148 sic
872 3111 1129 3162 repudiamus?
1152 3113 1216 3150 Ille
1234 3115 1331 3152 nullo

1349 2044 1372 2075 C

399 3231 413 3253 ¹¹
440 3230 579 3270 [94:954
595 3231 675 3261 ἀλλὰ
688 3230 721 3260 δι’
741 3231 828 3260 23:0¹2
844 3228 880 3259 Α.
900 3233 933 3257 et
950 3236 1053 3268 marg.
1070 3226 1171 3259 Savil.
1192 3228 1202 3269 ]

399 3292 410 3304 a
436 3280 496 3311 Alii.
512 3286 528 3317 ἦ
545 3283 662 3321 μεγάλη
691 3286 889 3324 μάκαριὸτης.
909 3277 982 3319 [Sic
1003 3279 1039 3309 Α.
1059 3286 1091 3310 et
1115 3291 1216 3322 marg.
1242 3280 1355 3321 Salii„

358 3341 390 3364 ιιι
408 3331 572 3372 scripsisse
589 3331 792 3372 suspicamur
810 3332 914 3371 ipsum
929 3327 1048 3372 Chrys.
1065 3330 1074 3373 j

403 3387 416 3408 Ι·
442 3383 500 3415 Alii
520 3388 683 3428 προήχθην,

403 3438 415 3448 “
435 3437 524 3479 [τερί
542 3437 669 3477 ignorat
685 3436 812 3467 ,4.(311111
834 3433 972 3475 simplici
987 3433 1129 3475 genitixo
1148 3433 1209 3466 lioc
1222 3433 1357 3467 verbum

1390 817 1490 868 λόγος
1505 821 1729 869 παραστῆσαι
1746 817 1902 890 δυναται,
1922 821 1960 856 οὐ
1979 822 2056 862 νοῦς
2071 818 2293 856 καταλαὸεῖν
2310 818 2414 855 Ἀλλὰ

1389 877 1456 929 γὰρ
1478 880 1539 916 οὐκ
1570 872 1646 915 οἰδα
1672 881 1746 922 πῶς
1771 880 1818 921 εἷς
1843 878 1984 921 τούτους
2003 877 2217 930 1’ποιρή-,ςθην
2246 893 2325 920 τους
2352 878 2415 915 λό-

1389 954 1479 988 γους,
1501 938 1694 1012 ἀνθρώποις
1711 938 1798 989 μηδὲ
1822 941 1935 990 ἀργῆς
1963 938 2023 976 καὶ
2041 938 2138 985 δόξης
2161 941 2415 1009 καταφρονοῦσι

1390 1002 1452 1044 τ’ἦς
1469 1000 1646 1051 παρούσης
1667 1000 1723 1037 διὰ
1738 1000 1794 1038 τὸν
1817 1001 1909 1052 Χρισ
1912 1016 1968 1038 τον
1992 999 2170 1050 βασιλείας
2189 1001 2265 1036 κελε
2253 1014 2338 1036 ευων
2354 1014 2416 1036 κα-

1390 1065 1569 1113 ταφρονεῖν
1589 1076 1596 1083 ·
1617 1059 1731 1097 καίτοι
1750 1076 1789 1110 γε
1817 1063 1850 1098 οἱ
1872 1059 2016 1110 μεγάλοι
2038 1059 2096 1097 καὶ
2119 1065 2269 1110 γενναῖοι
2296 1059 2417 1111 ἄνδρες

1392 1122 1515 1158 ἐκεῖνοι
1542 1120 1600 1157 καὶ
1624 1122 1672 1163 εἷς
1691 1125 1790 1158 τοῦτο
1809 1120 1848 1158 τὸ
1869 1120 1993 1172 μέτρον
2011 1123 2073 1165 τῆς
2092 1119 2230 1170 ἀγάπης
2251 1119 2417 1170 ἔφθασαν.

1391 1179 1553 1219 Ἄκουσον
1571 1185 1650 1230 γοῦν
1666 1183 1739 1224 πῶς
1756 1184 1772 1218 ὃ
1791 1180 1925 1231 Πέτρος
1940 1183 1956 1199 *
1970 1180 2050 1231 περὶ
2067 1182 2169 1217 αὐτοῦ
2184 1179 2416 1230 περικαίεται,

1393 1241 1453 1278 καὶ
1469 1242 1584 1292 ψυχῆς
1602 1240 1660 1279 καὶ
1680 1244 1769 1286 ζωῆς
1788 1240 1847 1278 καὶ
1865 1241 2004 1278 πάντων
2024 1239 2122 1276 αὐτὸν
2140 1239 2313 1291 προτιθείς
2327 1255 2334 1262 ·
2357 1239 2420 1276 καὶ

1394 1301 1498 1347 ἡνίκα
1521 1301 1555 1339 δὲ
1573 1302 1674 1339 αὐτὸν
1691 1301 1880 1353 ἠρνήσατο,
1897 1302 1933 1338 οὐ
1953 1300 2009 1338 διὰ
2024 1299 2088 1345 τὴν
2109 1301 2251 1338 κόλασιν
2269 1299 2419 1346 ἐπένθει,

1393 1362 1471 1398 ἀλλ’
1493 1361 1614 1405 ἐπειδὴ
1644 1361 1701 1398 τὸν
1725 1360 1935 1409 ποθούμενον
1963 1359 2159 1410 ἠρνήσατο,
2184 1359 2334 1406 ὂπάσης
2359 1376 2416 1398 κο-

1395 1422 1527 1464 λάσεως
1548 1423 1641 1473 αὐτῷ
1668 1420 1872 1473 πικρότερον
1898 1415 1952 1466 ἦν.
1972 1419 2042 1457 Καὶ
2061 1424 2171 1458 ταῦτα
2195 1420 2332 1458 ἅπαντα
2350 1421 2423 1473 πρὸ

1393 1483 1456 1526 τῆς
1474 1485 1533 1519 τοῦ
1550 1481 1755 1531 Πνεύματος
1773 1480 1916 1532 χάριτος
1938 1480 2171 1527 ἐπεδείκνυτο,
2188 1480 2246 1518 καὶ
2266 1484 2421 1533 συνεχῶς

1396 1542 1554 1580 ἐπέκειτο
1569 1541 1680 1592 λέγων
1695 1557 1703 1565 ·
1725 1543 1799 1579 Ποῦ
1820 1541 1981 1593 ὑπάγεις,
2001 1541 2062 1579 καὶ
2080 1542 2148 1593 πρὸ
2168 1542 2308 1589 τούτου,
2324 1542 2419 1593 Πρὸς

1394 1602 1471 1640 τίνα
1491 1602 1772 1652 ἀπελευσόμεθα,
1789 1602 1847 1640 καὶ
1867 1603 1987 1650 πάλιν,
2003 1602 2244 1648 Ἀκολουθήσω
2261 1617 2315 1640 σοι
2332 1602 2423 1640 ὅπουἸ

1396 1679 1435 1700 αν
1457 1662 1608 1715 ἀπέρχῃ.
1629 1662 1753 1700 Πάντα
1774 1662 1842 1714 γὰρ
1860 1662 1960 1706 αὐτος
1979 1657 2020 1709 ἦν
2042 1663 2170 1707 αὐτοῖς,
2189 1677 2248 1700 και
2266 1661 2343 1699 οὔτε
2363 1663 2418 1699 οὔ-

1397 1739 1496 1775 ρανον
1519 1724 1596 1762 οὔτε
1627 1723 1805 1774 βασιλείαν
1836 1724 1989 1774 οὗρανων
2023 1723 2090 1775 πρὸ
2111 1726 2171 1760 τοῦ
2205 1723 2417 1773 ποθουμενου

1395 1788 1520 1835 ςήγον.
1544 1783 1625 1822 Συ
1615 1784 1681 1835 γάρ
1703 1800 1761 1834 μοι
1779 1783 1870 1822 πάντ
1873 1801 1893 1821 α
1919 1785 2051 1831 ἐκεῖνα,
2069 1783 2165 1835 φησί.
2188 1784 2258 1822 Και
2277 1784 2311 1821 τί
2332 1788 2419 1822 θαυ-

1396 1846 1527 1896 μάζεις,
1543 1847 1572 1883 εἷ
1588 1845 1722 1897 Πετρος
1741 1844 1831 1883 οὕτω
1850 1845 2015 1892 διέκειτο,
2037 1844 2105 1882 Και
2123 1844 2190 1896 γὰρ
2205 1849 2222 1883 ὃ
2239 1860 2420 1897 προφητης

1396 1907 1540 1945 ἄκουσον
1559 1905 1593 1944 τί
1614 1922 1700 1959 φησι
1715 1922 1723 1930 ·
1743 1906 1790 1945 Τί
1809 1906 1876 1958 γάρ
1901 1923 1959 1957 μοι
1978 1905 2128 1957 ὑπάρχει
2147 1908 2181 1944 ἐν
2198 1908 2247 1957 τῷ
2265 1908 2421 1957 οὗρανῷ;

1396 1968 1455 2006 καὶ
1475 1968 1572 2020 παρὰ
1595 1972 1654 2006 σοῦ
1678 1967 1712 2005 τί
1735 1967 1892 2014 ἠθέλησα
1913 1967 1970 2005 ἐπὶ
1989 1971 2050 2013 τ’ἧς
2069 1970 2150 2018 γῆς,
2169 1965 2218 2004 Ὃ
2239 1966 2274 2004 δὲ
2302 1967 2417 2018 λέγει,

1396 2028 1548 2066 τοιοῦτόν
1577 2031 1667 2066 ἐστιν
1686 2043 1694 2052 ·
1712 2029 1749 2066 οὗ
1777 2031 1845 2066 τῶν
1872 2028 1963 2073 ἅνω,
1993 2029 2030 2065 οὐ
2064 2030 2131 2064 τῶν
2159 2027 2254 2065 κάτω
2287 2027 2421 2070 οὐδενὸς

1398 2090 1539 2141 ἐφίεμαι
1561 2090 1690 2142 ἑτέρου,
1710 2091 1787 2128 ἀλλ’
1802 2089 1824 2135 ἢ
1842 2093 1902 2128 σοῦ
1921 2088 2038 2140 μόνου.
2055 2088 2169 2126 Τοῦτό
2195 2090 2288 2127 ἐστιν
2317 2088 2421 2140 ἔρως,

1397 2155 1495 2188 τοῦτο
1512 2150 1609 2202 φιλία
1626 2166 1632 2173 ·
1653 2150 1692 2187 ἂν
1712 2149 1802 2188 οὕτω
1822 2149 2022 2201 φιλήσωμεν
2037 2177 2047 2194 ‚
2063 2151 2100 2186 οὗ
2121 2148 2165 2187 τὰ
2184 2149 2339 2202 παρόντα
2360 2149 2422 2200 μό-

1397 2227 1473 2256 νον,
1497 2213 1572 2248 ἀλλ’
1608 2210 1685 2248 οὐδὲ
1712 2210 1756 2248 τὰ
1787 2211 1959 2261 μέλλοντα
1975 2209 2061 2262 πρὸς
2087 2210 2126 2248 τὸ
2146 2209 2286 2261 φίλτρον
2313 2211 2422 2248 ἐκεῖνο

1397 2271 1602 2321 ἡγησόμεθά
1619 2287 1653 2308 τι
1671 2265 1778 2317 εἶναι,
1799 2272 1857 2308 καὶ
1872 2270 1935 2316 τὴν
1966 2270 2147 2320 βασιλείαν
2164 2272 2316 2308 ἐντεῦθεν
2336 2286 2422 2321 καρ-

2258 2330 2329 2367 Καὶ
2347 2334 2421 2373 πῶς

1399 2391 1497 2428 ἔσται
1529 2394 1641 2437 τοῦτο,
1662 2389 1814 2441 dom-im
1845 2392 1887 2427 E}
1911 2390 2114 2439 ε’ννοῆσομεν
2146 2389 2293 2433 ποσάκις
2320 2391 2420 2429 αὐτὸν

1398 2330 1605 2380 πωσόμεθα,
1628 2332 1860 2381 ἐντρυφῶντες
1890 2332 1994 2367 αὐτοῦ
2014 2333 2056 2380 τῇ
2089 2329 2224 2380 ἀγάπῃ.

1399 2451 1580 2502 ὑὸρίζομεν
1602 2450 1689 2500 μετὰ
1711 2450 1817 2501 μυρία
1836 2450 1961 2500 ἀγαθὰ,
1986 2450 2087 2491 αὐτὸς
2104 2449 2139 2487 δὲ
2164 2451 2288 2496 ἔστηκε
2307 2466 2429 2503 παρα-

1399 2513 1536 2556 καλῶν,
1571 2511 1690 2552 ὁσάκις
1729 2511 1829 2548 αὐτὸν
1860 2510 2151 2562 παρατρέχομεν,
2184 2510 2285 2554 αὐτὸς
2316 2510 2352 2549 δὲ
2383 2513 2420 2549 οὐ

1399 2578 1550 2625 παρορᾷ,
1578 2572 1653 2608 ἀλλ’
1676 2571 1852 2622 ἐπιτρέχει
1868 2571 1927 2608 καὶ
1950 2570 2132 2622 ἐφέλκεται
2160 2570 2219 2608 καὶ
2238 2570 2323 2623 πρὸς
2340 2574 2424 2610 ἑαυ-

1398 2632 1455 2670 τὸν
1472 2634 1674 2670 ἐπισπᾶται.
1690 2631 1750 2669 Ἂν
1768 2631 1833 2683 γὰρ
1852 2634 1963 2669 ταῦτα
1981 2632 2041 2669 καὶ
2057 2630 2101 2668 τὰ
2115 2637 2258 2670 τοιαῦτα
2275 2632 2423 2684 λογισώ-

1402 2696 1506 2743 μεθα,
1536 2691 1752 2742 δυνησόμεθα
1780 2692 1836 2730 τὸν
1864 2692 1967 2730 πόθον
1991 2691 2121 2743 ἀνάψαι
2139 2696 2271 2729 τοῦτον.
2293 2694 2337 2730 Ei.
2356 2692 2423 2744 γὰρ

1402 2753 1579 2804 ανθρωπος
1608 2752 1744 2799 εὐτελὴς
1763 2747 1804 2798 ἦν
1833 2756 1850 2790 ὁ
1877 2752 1967 2790 οὕτω
1996 2754 2125 2804 φιλῶν,
2159 2751 2317 2802 βασιλευς
2345 2753 2379 2790 δε
2406 2755 2424 2789 ὁ

1401 2812 1492 2850 οὕτω
1513 2812 1728 2865 οιλούμενος,
1743 2829 1805 2851 ουκ
1824 2830 1862 2850 αν
1889 2812 2054 2864 ηοέσθηε
2070 2828 2119 2864 τῳ
2135 2816 2194 2849 τοῦ
2215 2812 2366 2864 ἔρωτος
2360 2829 2423 2850 us-

1401 2874 1477 2924 γέθε
1482 2890 1509 2921 ι,
1529 2874 1643 2911 Σῡόδ
1629 2890 1669 2925 ρα
1693 2890 1754 2911 υιεν
1771 2878 1840 2912 οὖν.
1858 2873 2011 2912 ζὈτοιν
1993 2890 2029 2911 οε
2050 2889 2194 2911 τουναντ
2198 2873 2245 2910 ίον
2265 2890 2300 2911 τι
2315 2891 2350 2925 η,
2365 2890 2425 2911 και

1403 2934 1555 2986 ἄφατον
1550 2933 1610 2971 μὲν
1631 2936 1740 2972 ἐκεῖνο
1761 2951 1800 2972 το
1817 2934 1942 2976 κάλλος
1957 2950 2016 2971 και
2032 2934 2088 2979 ἦ
2069 2933 2151 2977 εόξα
2166 2950 2225 2971 και
2245 2937 2263 2972 ὃ
2278 2936 2425 2979 πλοῦτος

1402 2998 1461 3033 τοῦ
1482 2995 1659 3046 φιλοῦντος
1675 2998 1781 3044 ἡμᾶς,
1798 2997 1899 3044 ἡμῶν
1919 2994 1954 3032 δὲ
1980 2993 2092 3040 πολλὴ
2119 2997 2140 3040 ἡ
2159 2995 2332 3043 εὐτέλεια,
2351 2999 2431 3039 πῶς,

1403 3055 1479 3107 οὐχὶ
1502 3054 1624 3106 μυρίας
1652 3056 1756 3104 ἐσμὲν
1784 3055 1960 3098 κολάσεως
1989 3054 2075 3098 ἄξιοι
2100 3056 2131 3091 οἱ
2153 3054 2260 3098 οὕτως
2281 3057 2426 3097 εὐτελεῖς

1404 3117 1463 3154 καὶ
1480 3115 1754 3168 ἀπερριμμένοι,
1771 3116 1866 3167 παρὰ
1891 3115 2043 3153 τοιούτου
2073 3115 2222 3166 μεγάλου
2251 3116 2310 3153 καὶ
2338 3119 2425 3153 θαυ-

1419 3230 1571 3271 junctum
1589 3227 1725 3271 legimus
1739 3227 1835 3266 iufra,
1855 3229 1993 3260 etTom.
2008 3232 2039 3267 4,
2052 3240 2084 3271 p.
2103 3230 2177 3270 542,
2194 3230 2270 3269 A,et
2281 3229 2378 3260 Tom.
2394 3229 2426 3269 8,

1425 3293 1455 3322 p,
1475 3282 1551 3321 470,
1570 3282 1628 3322 B.]

1469 3342 1480 3356 c
1506 3333 1650 3374 [sq-latmo
1667 3333 1702 3362 A.
1721 3330 2198 3374 01111313.5111115101031111115
2212 3331 2310 3373 paulo
2323 3330 2426 3375 post]

1470 3385 1481 3402 Α
1509 3386 1622 3428 [φησίς
1641 3391 1819 3426 ἐννοήσωμεν
1837 3382 1898 3428 Α.]

1883 3452 1893 3473 ,-
1915 3436 1950 3467 A.
1966 3444 1995 3468 cl
2014 3447 2116 3478 marg.
2134 3434 2248 3477 sax-il„
2267 3436 2381 3475 recu-„¹

1470 3444 1479 3455 ⁶
1508 3437 1518 3478 s
1534 3442 1565 3470 τὸ
1579 3442 1628 3470 τοῦ
1647 3441 1754 3482 ἔρωτος
1771 3441 1878 3478 :157290
