2502 3810
643 274 687 304 IN
726 273 751 302 A
757 274 839 303 CTA
876 273 902 302 A
909 271 1157 303 POSTOLORU
1164 271 1212 300 M.

104 358 163 394 δύο
179 357 271 402 πάθη
288 355 361 393 ἐστὶ
375 359 502 402 ταῦτα,
523 355 632 392 δειλία
650 355 708 392 καὶ
724 354 828 405 θυμός
841 372 848 378 ·
872 355 911 392 ἂν
928 357 986 391 τοῦ
1005 354 1111 403 θυμοῦ

1252 270 1405 300 noun„
1445 269 1597 300 XLvnr.
2069 256 2155 314 407

1183 351 1315 388 sionem
1334 350 1504 397 vinceret,
1525 349 1630 387 aliam
1661 362 1801 400 quoque
1826 348 1969 400 aggredi
1996 347 2155 386 audebit.

102 416 293 467 κατάσχῃς,
311 414 450 461 εὔδηλον
469 414 520 452 ὅτι
536 415 595 452 καὶ
613 415 758 458 δειλίας·
775 418 834 453 τοῦ
851 417 956 464 Ουμοῧ
975 415 1010 451 δὲ
1029 428 1113 463 κρα-
1136 424 1159 452 Ι)
1185 411 1351 464 Exempli
1371 426 1488 461 causa,
1507 411 1586 448 duae
1605 411 1784 463 passiones
1803 419 1884 448 sunt
1901 410 2007 447 timor
2025 419 2058 448 et
2077 410 2129 447 ira
2150 425 2157 445 :

100 483 186 524 τεῖς,
206 475 360 521 ἐπιεικὴς
381 476 428 513 ὤν
443 491 450 498 ·
471 476 589 513 οὐκοῦν
611 476 668 513 καὶ
686 479 748 522 τῆς
769 475 896 518 δειλίας
916 474 955 512 ἂν
979 473 1114 526 κρατή-

101 553 175 589 σῃς,
195 537 255 587 ἔσῃ
276 537 441 588 ἀνδρεῖος.
463 537 591 582 Πάλιν,
613 535 652 573 ἂν
669 536 716 587 μὴ
733 535 895 587 περιγένῃ
912 539 970 573 τοῦ
991 537 1112 583 Ουμοῧ,

102 597 243 649 γέγονας
273 595 416 647 θρασύς·
444 596 562 634 τούτου
593 597 627 634 δὲ
651 596 698 647 μὴ
727 596 1009 648 περιγενόμενος,
1037 594 1112 633 οὐδὲ

103 657 208 709 φόὸου
235 656 474 708 περιγενέσθαι
493 656 636 694 δύνασαι
654 672 661 680 ·
688 659 806 695 οὖκοῧν
827 656 885 694 καὶ
905 656 1013 698 δειλὸς
1031 655 1110 706 ἔσῃ·

102 719 162 756 καὶ
183 719 304 756 ταύτὸν
329 718 481 769 γίνεται,
508 713 575 756 οἶον
602 719 640 755 ἂν
668 720 696 756 εἷ
724 720 827 768 σῶμα
850 715 986 758 ἀσθενὲς
1006 715 1113 758 οὕτως

103 780 155 825 εἴη
182 779 240 816 καὶ
271 778 473 830 δύσκρατον,
494 781 540 821 ὡς
558 779 643 830 πρὸς
667 778 787 816 οὐδένα
808 777 910 815 πόνον
932 776 1087 827 ἀντέχειν
1102 791 1110 798 ·

103 845 201 877 τοῦτο
219 839 352 890 ταχέως
368 839 426 876 καὶ
442 838 507 876 ὑπὸ
528 841 661 891 ψυχροῦ
682 838 861 876 ἁλίσκεται
882 837 942 874 καὶ
957 836 1022 874 ὑπὸ
1039 839 1113 886 Θερ-

103 904 184 949 μοῧ·
199 899 238 936 τὸ
249 899 315 951 γὰρ
331 899 520 951 δύσκρατον
533 904 698 945 τοιοῦτον,
708 899 746 936 τὸ
769 898 803 935 δὲ
820 896 985 971 εὔκρατον
997 896 1112 933 πάντα

100 959 299 1010 ὑφίσταται.
317 960 397 996 Πάλ
390 959 524 1006 ιν,ἔ,τι
539 958 780 1009 μεγαλοψυχία
796 956 914 1030 ἀρετὴ,
929 971 988 992 και
1002 971 1114 1005 παρυ-

102 1035 252 1070 φεστηκε
255 1035 271 1055 ν
296 1021 381 1069 αὒτῆ
398 1019 547 1056 ἀσωτία·
567 1018 659 1055 ἔστιν
678 1017 856 1067 οἰκονομία
871 1015 977 1066 ἀρετὴ
995 1015 1054 1052 καὶ
1074 1013 1112 1051 τὸ

101 1080 317 1129 οἰκονομικὸν
348 1083 457 1116 εἶναι·
485 1093 620 1130 παρυφε
607 1078 709 1124 [rem
691 1093 748 1115 κεν
767 1080 788 1123 ἡ
804 1075 971 1128 φειδωλία
1004 1075 1064 1112 καὶ
1090 1078 1110 1120 ἡ

100 1140 320 1190 μικρολογία.

100 1215 174 1249 μεν.
197 1201 329 1236 Οὐκοῦν
350 1200 386 1236 οὐ
406 1197 645 1249 μεγαλόψυχος
660 1201 676 1235 ὁ
694 1198 836 1239 ἄσωτος.
858 1198 965 1243 Πῶς,
986 1196 1030 1234 ‘O
1045 1196 1112 1248 γὰρ

360 1140 456 1191 Φέρε
475 1142 530 1176 οὖν
550 1138 653 1175 πάλιν
676 1153 736 1179 τας
757 1136 882 1189 ἀρετὰς
904 1152 989 1173 συνα
991 1135 1036 1186 γά
1038 1151 1111 1185 γω-

98 1260 166 1297 {neb
194 1259 324 1310 μυρίων
353 1259 577 1309 ἁλισκόμενος
608 1262 750 1305 παθῶν,
778 1261 851 1301 πῶς
871 1257 910 1295 ἂν
931 1257 983 1304 εἴη
1006 1257 1113 1308 μέγας

99 1321 161 1366 τὴν
183 1320 316 1372 ψυχῆν;
337 1321 389 1358 Οὐ
408 1319 475 1373 γὰρ
493 1319 684 1371 χρημάτων
702 1319 775 1357 ’ἐστὶ
793 1318 916 1357 ἀτοῧτο
935 1333 1113 1371 καταφρο-

101 1387 168 1418 νεῖν
183 1411 191 1427 ,
221 1383 296 1418 ἀλλ’
321 1380 376 1432 ὑφ’
400 1380 525 1431 ἑτέρων
549 1380 793 1418 ἐπιτάττεσθαι
819 1383 960 1418 παθῶν·
995 1379 1113 1430 ὥσπερ

102 1441 140 1478 ἂν
161 1441 192 1479 εἴ
215 1457 265 1484 τις
282 1441 347 1478 ὑπὸ
365 1443 501 1492 λῃστῶν
521 1442 741 1479 ἐπιτάττοιτο
757 1441 898 1483 ἐκείνοις
916 1440 1114 1488 ὑπακούειν,

100 1504 162 1539 οὐκ
182 1502 221 1538 ἂν
241 1501 294 1548 εἴη
314 1502 485 1553 ἐλεύθερος
497 1518 504 1525 ·
525 1503 562 1539 οὐ
585 1502 652 1554 γὰρ
668 1503 706 1539 ἐκ
720 1507 778 1540 τοῦ
794 1502 984 1553 χρημάτων
1003 1517 1116 1540 κατα-

103 1569 234 1613 φρονεῖν
255 1562 443 1613 γίνεταιξτὸ
464 1562 662 1600 ἀναλίσκειν
679 1579 688 1609 3
721 1564 797 1599 ἀλλ’
816 1565 855 1600 ἐκ
873 1566 932 1599 τοῦ
957 1562 1005 1612 μὴ
1025 1561 1117 1600 δεόν-

102 1639 169 1665 τως
197 1622 320 1660 εἰδέναι
353 1623 490 1660 διοικεῖν
507 1638 515 1645 “

104 1683 287 1721 ἀπολαύειν
305 1683 457 1731 ἐκείνων,
477 1682 583 1725 οὕτως
599 1682 638 1719 ἂν
652 1683 832 1729 ἠθέλησεν.
865 1683 910 1722 εΟ
927 1683 962 1722 δὲ
977 1686 1025 1727 εἷς
1041 1683 1114 1721 δέον

104 1743 298 1782 ἀναλίσκων
330 1743 373 1780 τὰ
406 1744 572 1795 χρίματα
591 1772 600 1789 ,
633 1737 691 1780 03·-
674 1743 729 1787 -ός
759 1760 831 1782 εστι
855 1760 896 1794 με
899 1743 1115 1796 γαλόὺυχος·

105 1806 239 1856 μεγάλη
271 1820 337 1855 γαρ
364 1805 469 1847 ὄντως
488 1804 582 1878 ὼυχὴ
605 1808 626 1850 ἡ
649 1804 696 1854 μὴ
717 1805 820 1843 πάθει
841 1806 1043 1844 δουλεύουσα
1058 1835 1067 1852 ‚
1093 1809 1115 1851 ἡ

104 1881 210 1915 μηςεν
232 1864 413 1945 ἧγουμεΊνη
428 1865 471 1903 τα
488 1866 656 1917 χρίματα
675 1870 773 1903 εἶναι.
797 1866 966 1912 Πάλιν,
948 1883 969 1913 η
989 1869 1116 1904 οἰκονο-

105 1926 168 1974 μία
194 1927 321 1964 καλόν·
353 1926 466 1963 ΙΊοὕτω
490 1926 548 1963 καὶ
573 1930 590 1964 ὃ
609 1927 822 1976 οἰκονομικός
844 1926 883 1963 ἂν
903 1926 955 1973 εἴη
979 1927 1118 1978 ἄριστος

103 1991 120 2024 ὃ
160 1989 205 2029 εἰς
238 1988 311 2024 δέον
349 1986 542 2025 ἀναλίσκων
558 2016 567 2031 ,
607 1987 666 2023 καὶ
703 1986 750 2037 μὴ
785 1987 904 2030 ἁπλῶς
939 1990 1117 2025 ἀνοικονο-

998 2050 1116 2086 Ἐκεῖ-

1021 2103 1118 2151 οἶτος

105 2170 139 2207 δὲ
176 2170 253 2207 οὐδὲ
296 2169 483 2220 ἀναγκαίας
519 2168 733 2214 ἀπαιτούσης
769 2168 890 2221 χρείας
906 2198 915 2216 ,
953 2172 1014 2215 τῆς
1057 2171 1117 2207 οὖ-

105 2049 234 2098 μήτως.
266 2048 311 2086 ‘H
347 2048 382 2085 δὲ
415 2048 579 2100 φειδ(ι)λία
611 2050 672 2085 οὐκ
702 2047 774 2085 ἔστι
819 2047 954 2086 ταύτόν.

104 2125 158 2151 νος
195 2109 256 2157 μὲν
291 2109 358 2160 γὰρ
389 2109 503 2146 πάντα
534 2110 580 2151 εἷς
605 2108 644 2146 τὸ
676 2108 753 2146 δέον
787 2108 987 2146 ἀναλίσκει·

104 2230 179 2274 σίας
204 2231 349 2268 ἅπτεται
376 2233 443 2267 τῶν
464 2229 669 2281 χρημάτων.
707 2228 750 2266 ‘O
772 2230 985 2280 οῗκονομικὸς
1005 2229 1116 2268 τοίνυν

103 2297 162 2329 τοῦ
185 2289 426 2342 μεγαλοψύχου
452 2290 584 2341 γένοιτο
609 2289 647 2326 ἂν
678 2291 832 2341 ἀδελφός.
866 2292 1001 2329 Οὐκοῦν
1030 2294 1115 2341 ὁμοῦ

100 2352 157 2389 τὸν
187 2351 428 2427 μεγαλόψυχον
456 2350 604 2400 θήσομεν
626 2349 684 2387 καὶ
708 2350 765 2388 τὸν
786 2351 1002 2401 οἰκονομικὸν
1019 2381 1029 2398 ,
1056 2367 1115 2388 και

102 2430 158 2452 τον
180 2414 312 2451 ἄσωτον
340 2428 399 2450 και
422 2412 480 2450 τὸν
501 2410 722 2463 μικρολόγον·
746 2411 935 2463 ἀμφότεροι
959 2411 1026 2463 γὰρ
1048 2415 1097 2450 ἀπ

105 2473 335 2525 μικροὺυχίας
355 2488 456 2510 τουτο
482 2471 697 2523 πάσχουσιν,
728 2487 847 2525 ωσπερ
874 2475 931 2510 οὖν
962 2474 1116 2511 κάκεῖνοι

105 2535 173 2571 ἀπὸ
205 2532 472 2585 μεγαλοψυχίας.
510 2532 572 2578 Μὴ
604 2532 644 2578 δὴ
677 2533 920 2585 μεγαλόψυχον
953 2536 1115 2584 καλῶμεν

104 2595 161 2632 τὸν
196 2593 426 2631 ἀναλίσκοντα
460 2593 598 2639 ἁπλῶς,
628 2593 717 2631 ἀλλὰ
746 2594 804 2631 τὸν
829 2596 876 2637 εἷς
897 2594 969 2632 δέον
991 2595 1114 2633 ἀναλί-

105 2670 248 2693 σκοντα·
271 2653 358 2704 μηδὲ
377 2654 434 2691 τὸν
454 2654 668 2704 οἰκονομικὸν
688 2654 893 2706 μικρολόγον
911 2655 970 2693 καὶ
987 2657 1115 2707 φειδω-

105 2716 184 2760 λὸν,
204 2715 294 2753 ἀλλὰ
318 2716 376 2752 τὸν
405 2714 556 2765 ἀκαίρως
584 2714 783 2766 φειδόμενον
814 2719 882 2753 τῶν
910 2717 1115 2770 χρημάτων.

105 2776 205 2814 Πόσα
230 2779 247 2813 ὃ
274 2774 435 2818 πλούσιος
463 2776 590 2818 ἐκεῖνος
615 2775 792 2813 ἀνάλωσεν
807 2806 816 2823 ,
840 2777 1117 2827 ἐνδιδυσκόμενος

104 2837 282 2888 πορφύραν
297 2836 354 2873 καὶ
375 2835 499 2886 βύσσον
513 2853 522 2883 3
540 2836 631 2874 Ἀλλ’
649 2838 710 2873 οὐκ
720 2831 760 2882 ἦν
774 2837 1032 2890 μεγαλόψυχος·
1050 2838 1118 2877 ὕπὸ

105 2897 171 2948 γὰρ
185 2896 363 2946 ὠμότητος
377 2896 559 2948 κατείχετο
571 2900 592 2942 ἦ
605 2896 700 2948 ψυχὴ
712 2898 893 2945 αὐτοῧ,καὶ
902 2899 969 2937 ὑπὸ
985 2899 1115 2952 μυρίων

106 2959 255 3002 ἡδονῶν·
287 2961 309 3003 ἡ
331 2957 365 2996 δὲ
384 2957 525 3004 τοιαύτη
558 2961 632 3001 πῶς
661 2958 701 2995 ἂν
730 2958 784 3004 εἴη
812 2960 967 3011 μεγάλης
993 2962 1118 3011 Μεγα-

106 3017 256 3068 λόψυχος
274 3012 314 3063 ἦν
335 3021 352 3055 ὁ
370 3017 547 3069 Ἀὸραὰμ,
569 3021 617 3062 εἰς
635 3019 810 3071 ὑποδοχὴν
833 3020 1028 3059 ἀναλίσκων
1049 3025 1117 3059 τῶν

109 3078 223 3124 ξένων,
238 3077 295 3114 τὸν
316 3078 444 3130 μόσχον
466 3079 731 3131 κατασφάττων,
751 3081 810 3117 καὶ
830 3081 910 3124 ἔνθα
929 3083 1035 3134 ἐχρῆν
1051 3112 1060 3129 ,
1083 3084 1120 3120 οὐ

111 3139 211 3186 μόνον
230 3138 432 3191 χρημάτων,
453 3141 527 3177 ἀλλ’
545 3140 621 3178 οὐδὲ
637 3143 700 3185 τῆς
716 3142 829 3192 ιγἰυχῆς
845 3145 906 3187 τῆς
927 3145 1031 3180 αὐτοῦ
1046 3158 1118 3194 φειυ

111 3200 263 3249 δόμενος,
286 3199 345 3237 Ἂν
368 3198 479 3237 τοίνυν
500 3200 627 3251 ἴδωμέν
647 3217 725 3239 τινα
746 3201 943 3253 ι’τράπεζαν
969 3219 1118 3256 παρατι-

153 3307 168 3330 d
187 3307 308 3347 [τοῦτον
335 3305 486 3348 Savi111183
504 3313 598 3351 τοῦτο)
624 3310 661 3340 Β.
679 3309 794 3342 Caeleri
821 3315 920 3345 τοῦτο.
945 3310 996 3343 Cf.
1024 3322 1058 3342 v.
1081 3308 1104 3341 l.

111 3371 141 3402 p.
162 3360 235 3393 363,
256 3358 310 3399 Ε]

386 3399 396 3410 0

154 3422 166 3436 a
187 3411 278 3443 L'uus
296 3414 370 3444 οὕτω
389 3416 443 3455 γαρ
461 3416 520 3446 καί.

552 1623 626 1661 ἐπεὶ
658 1622 689 1659 εἴ
711 1639 750 1673 γε
767 1625 845 1668 ἐνῆν
864 1623 922 1660 καὶ
942 1623 1033 1674 ἔχειν
1057 1639 1116 1660 και
1129 1657 1176 1680 353

1140 1693 1166 1721 A
1188 1687 1298 1727 ietur,
1324 1692 1393 1728 quo
1412 1687 1514 1730 pacto
1536 1687 1629 1716 lecte
1646 1678 1926 1730 dispensandum
1947 1679 2023 1716 sit:

1183 473 1211 510 si
1230 473 1319 510 iram
1339 471 1608 524 compescueris,
1625 472 1788 509 timorem
1808 480 1899 509 certe
1919 470 2052 519 vince53
2071 471 2160 508 iram

1182 543 1300 571 autem
1320 533 1445 579 vincis,
1466 533 1494 570 si
1514 541 1716 570 mansuetus
1733 533 1780 570 sis
1798 549 1805 569 :
1829 532 1938 583 igitur
1952 540 1985 569 et
1998 532 2161 569 timorem

1182 594 1316 641 vinces,
1337 594 1367 631 si
1388 593 1488 631 fortis
1506 593 1627 631 fueris.
1655 595 1791 631 Rursus
1816 593 1846 630 si
1867 593 1958 630 iram
1979 607 2047 630 non
2067 592 2161 630 vice-

1183 654 1244 701 ris,
1266 653 1385 691 audax
1400 654 1485 701 eris;
1506 653 1534 690 si
1553 662 1671 690 autem
1693 653 1761 690 hoc
1783 653 1912 691 vitium
1930 667 1998 690 non
2019 667 2162 704 supera-

1183 713 1290 761 veris,
1324 727 1437 763 neque
1465 712 1627 749 timorem
1655 725 1822 763 superare
1855 712 2014 763 poteris:
2045 712 2163 762 itaque

1182 774 1434 811 formidolosus
1453 774 1542 820 eris3
1563 771 1790 822 idipsumque
1809 772 1954 822 accidit,
1977 787 2017 810 ae
2038 773 2066 810 si
2089 787 2163 810 cor-

1182 847 1249 883 pus
1264 833 1312 870 ita
1331 832 1449 870 debile
1467 831 1574 868 fuerit
1601 840 1633 867 et
1655 831 1747 867 male
1766 840 2015 883 temperatum,
2028 841 2065 869 ut
2085 833 2164 870 nul-

1182 893 1257 930 lum
1273 893 1383 944 possit
1396 893 1484 929 ferre
1499 892 1655 929 laborem
1673 907 1680 927 :
1697 892 1816 928 statim
1827 893 1883 930 vel
1905 907 1924 930 a
1938 893 2068 943 frigore
2079 894 2165 931 vela

1183 954 1297 991 calore
1314 952 1510 1004 abripitur:
1525 953 1594 989 tale
1605 966 1757 1002 namque
1769 961 1820 989 est
1834 952 1886 999 id,
1902 953 1997 1002 quod
2014 962 2064 990 est
2075 953 2166 990 male

1183 1020 1436 1062 temperatum3
1451 1010 1546 1061 quod
1567 1019 1685 1048 autem
1716 1010 1804 1047 bene
1839 1019 2075 1062 temperatum
2094 1019 2145 1048 est
2154 1040 2165 1059 ,

1182 1071 1301 1110 omnia
1320 1071 1478 1110 sustinet.
1492 1073 1649 1109 Rursum
1673 1071 1944 1122 magnanimitas
1969 1071 2081 1110 virtus
2100 1081 2164 1121 est,

1183 1132 1306 1183 illique
1319 1132 1437 1170 vicina
1451 1141 1501 1170 est
1512 1132 1744 1184 prodigalitas
1755 1131 1964 1169 :oeconomia
1975 1131 2087 1170 virtus
2099 1141 2164 1183 est,

1183 1191 1323 1243 ipsique
1340 1192 1459 1232 vicina
1469 1201 1519 1230 est
1532 1192 1748 1244 parsimonia
1763 1201 1795 1229 et
1814 1191 1987 1230 sordities.
2002 1195 2028 1229 A
2035 1206 2076 1243 ge
2085 1206 2168 1244 ergo

1183 1267 1327 1291 rursum
1338 1256 1486 1293 virtutes
1495 1253 1718 1304 colligamus.
1733 1254 1812 1290 Non
1827 1267 1909 1304 ergo
1923 1254 2169 1304 magnanimus

1186 1322 1237 1351 est
1250 1313 1438 1365 prodigus.
1458 1313 1675 1362 Quomodo?
1690 1313 1762 1360 Qui
1784 1313 1880 1351 mille
1902 1314 2041 1366 eapitur
2059 1314 2169 1352 animi
2183 1325 2264 1363 ‘'⁹¹⁴2—

2182 1366 2345 1394 gndnlmus.

1185 1375 1330 1422 morbis,
1370 1375 1550 1425 quomodo
1582 1375 1703 1425 magni
1735 1375 1841 1412 fuerit
1878 1375 2014 1412 animi?
2048 1377 2170 1426 Neque

1185 1435 1277 1472 enim
1298 1435 1359 1472 ille
1373 1435 1541 1487 pecunias
1555 1444 1764 1483 contemnet,
1786 1435 1848 1473 sed
1867 1435 1974 1473 etiam
1993 1436 2073 1474 aliis
2088 1437 2171 1474 sub-

1182 1495 1326 1548 jicietur
1339 1495 1450 1534 animi
1469 1497 1603 1534 morbis
1612 1511 1622 1545 3
1641 1505 1681 1533 ut
1697 1496 1726 1533 si
1745 1496 1825 1547 quis
1841 1496 2039 1534 latronibus
2052 1511 2172 1549 parere

1186 1565 1345 1607 cogatur,
1365 1557 1456 1594 liber
1477 1571 1547 1595 non
1567 1557 1664 1595 erit:
1686 1571 1756 1594 non
1777 1557 1873 1595 enim
1891 1572 1935 1595 ex
1959 1556 2172 1595 divitiarum

1188 1626 1363 1654 contemtu
1401 1617 1443 1654 fit
1462 1631 1629 1669 pecun1a1
1632 1632 1692 1654 um
1707 1617 1880 1669 profusio,
1891 1617 1953 1655 sed
1965 1618 2081 1668 quod
2072 1632 2173 1669 igno·

2046 1693 2128 1717 nam
2143 1679 2172 1717 si

1188 1741 1308 1778 liceiet
1323 1750 1356 1778 et
1381 1740 1460 1778 illas
1478 1740 1627 1779 retinele
1645 1751 1679 1778 et
1699 1741 1771 1778 illis
1797 1741 1880 1790 fini,
1896 1741 1933 1778 id
1954 1741 2079 1791 utique
2097 1742 2171 1781 vel-

1186 1802 1247 1840 let.
1267 1801 1340 1849 Qui
1358 1816 1457 1852 vero,
1474 1811 1513 1839 ut
1529 1811 1680 1854 oportet,
1692 1802 1860 1854 pecunias
1876 1802 2036 1851 insumit,
2057 1803 2086 1840 is
2098 1817 2172 1840 ma-

1188 1862 1376 1913 gnanimus
1395 1871 1445 1900 est
1468 1878 1475 1899 :
1495 1876 1644 1914 magnus
1661 1863 1755 1900 enim
1773 1877 1852 1901 vere
1868 1872 1918 1900 est
1938 1863 1998 1900 ille
2014 1862 2168 1915 animus,

1188 1923 1250 1973 qui
1269 1924 1411 1961 affectui
1434 1937 1504 1960 non
1523 1924 1643 1972 servit,
1659 1923 1720 1974 qui
1735 1924 1827 1961 nihil
1843 1933 1945 1976 putat
1966 1938 2040 1962 esse
2057 1939 2170 1976 pecu—

1189 1983 1276 2021 nias.
1296 1986 1433 2021 Rursus
1452 1984 1644 2021 oeconomia
1668 1984 1802 2021 bonum
1821 1994 1872 2021 est
1890 1999 1897 2020 :
1917 1992 1950 2021 et
1969 1998 2170 2023 oeconomus

1187 2043 1246 2081 ille
1273 2045 1430 2096 optimus
1461 2044 1581 2093 fuerit,
1606 2045 1668 2095 qui
1691 2053 1730 2081 ut
1756 2053 1895 2096 oportet
1928 2045 2086 2095 insumit,
2108 2047 2170 2096 qui

1187 2120 1255 2143 non
1273 2115 1403 2143 temere
1422 2106 1567 2158 spargit.
1585 2108 1631 2142 At
1645 2106 1690 2143 de
1702 2106 1921 2158 parsimonia
1935 2115 1968 2143 et
1983 2107 2170 2145 tenacitate

1186 2181 1257 2205 non
1274 2167 1370 2204 idem
1388 2167 1591 2204 dicendum.
1607 2167 1672 2204 Ille
1688 2182 1840 2217 namque
1859 2168 1989 2217 omnia,
2011 2178 2050 2206 ut
2066 2183 2170 2220 opor-

1187 2237 1236 2266 tet
1258 2228 1406 2265 insumit
1418 2244 1429 2277 3
1442 2228 1502 2265 hic
1517 2242 1600 2266 vero
1622 2242 1665 2265 ne
1690 2228 1842 2266 instante
1862 2228 2008 2279 quidem
2026 2231 2172 2268 necessi-

1186 2297 1257 2326 tate
1286 2287 1453 2340 pecunias
1482 2289 1628 2339 profert.
1649 2288 1880 2326 OEeonomus
1910 2303 1992 2340 ergo
2024 2305 2170 2341 magna—

1187 2348 1275 2386 nimi
1289 2349 1398 2386 frater
1415 2348 1532 2387 fuerit.
1548 2348 1664 2399 Igitur
1676 2349 1781 2386 simul
1800 2363 1973 2401 ponemus
1986 2351 2170 2401 magnani—

1187 2422 1287 2446 mum
1306 2418 1339 2446 et
1352 2423 1591 2457 oeconomum,
1612 2408 1718 2445 simul
1733 2409 1926 2460 prodigum
1940 2419 1972 2447 et
1993 2419 2170 2448 tenacem:

1187 2471 1329 2521 utrique
1347 2471 1441 2508 enim
1463 2484 1507 2508 ex
1525 2469 1723 2522 pusillitate
1741 2470 1851 2507 animi
1881 2471 1949 2508 hoe
1966 2472 2170 2523 patiuntur;

1187 2532 1280 2570 sicut
1299 2541 1332 2568 et
1353 2531 1407 2568 illi
1430 2545 1476 2568 ex
1503 2531 1804 2581 magnanimitate.
1825 2532 1878 2569 Ne
1893 2531 2003 2582 igitur
2022 2547 2169 2584 magna—

1187 2593 1325 2630 nimum
1340 2591 1558 2643 appellemus
1575 2605 1668 2638 eum,
1685 2591 1748 2641 qui
1764 2600 1892 2629 temere
1904 2592 2088 2643 impendit,
2107 2594 2169 2631 sed

1188 2667 1283 2702 eum,
1306 2651 1366 2701 qui
1382 2660 1502 2701 erogat
1516 2659 1555 2687 ut
1572 2659 1708 2702 oportet
1720 2665 1731 2699 3
1751 2664 1863 2701 neque
1880 2665 2100 2690 oeconomum
2112 2653 2168 2691 di-

1188 2727 1308 2750 camus
1325 2726 1473 2764 parcum
1492 2720 1524 2748 et
1543 2720 1714 2757 tenacem,
1737 2711 1795 2748 sed
1825 2725 1920 2759 eum,
1941 2712 2003 2762 qui
2034 2713 2167 2751 intem-

1189 2776 1324 2828 pestive
1345 2773 1504 2826 pecuniis
1525 2772 1650 2824 parcit.
1665 2773 1806 2818 Quanta
1825 2773 1926 2811 dives
1949 2774 2010 2811 ille
2032 2774 2168 2813 insum-

1190 2837 1247 2885 sit,
1267 2836 1327 2887 qui
1358 2835 1574 2873 induebatur
1592 2848 1756 2886 purpura
1776 2843 1809 2871 et
1836 2834 1972 2886 bysso?
2001 2835 2069 2875 Sed
2099 2850 2166 2874 non
2182 2857 2252 2885 Luc.
2270 2856 2315 2884 ,6¹

1191 2907 1264 2936 erat
1283 2896 1531 2948 magnanimus
1551 2911 1559 2931 :
1577 2895 1693 2932 anima
1711 2909 1862 2944 namque
1875 2896 1949 2947 ejus
1965 2905 1997 2933 et
2017 2897 2168 2936 crudeli-
2187 2907 2231 2936 ¹9-

1191 2968 1265 2996 tate
1277 2967 1309 2995 et
1332 2957 1430 2994 mille
1444 2955 1688 3008 voluptatibus
1702 2955 1942 3004 detinebatur3
1958 2956 2034 2994 haec
2053 2967 2169 2996 autem

1192 3019 1371 3071 quomodo
1391 3032 1518 3068 magna
1538 3017 1668 3054 fuerit?
1685 3017 1935 3068 Magnanimus
1955 3027 2028 3056 erat
2055 3020 2166 3058 Abra-

1192 3082 1289 3125 ham,
1311 3079 1372 3130 qui
1395 3078 1442 3116 ad
1462 3077 1737 3129 hospitalitatem
1764 3077 1930 3128 pecunias
1957 3078 2169 3129 insumebat,

1192 3141 1347 3180 vitulum
1362 3138 1552 3187 mactabat,
1571 3147 1604 3174 et
1616 3137 1677 3174 ubi
1694 3151 1781 3189 opus
1796 3147 1880 3186 erat,
1900 3152 1969 3176 non
1988 3141 2093 3178 motio
2112 3155 2170 3192 pe-

1193 3202 1321 3251 cuniis,
1340 3199 1400 3238 sed
1416 3199 1522 3237 etiam
1535 3198 1660 3236 animae
1677 3212 1746 3236 suae
1759 3213 1826 3236 non
1843 3201 2019 3251 parcebat.
2035 3201 2071 3240 Si
2089 3216 2170 3254 crgo

1217 3310 1233 3333 b
1256 3307 1351 3340 Idem
1369 3306 1453 3339 Cod.
1479 3312 1630 3352 τράπεζαν
1647 3311 1753 3349 ἔχοντα
1768 3311 1909 3351 nvn-2377.
1929 3308 2007 3350 [Sic
2023 3310 2060 3344 Α.
2077 3310 2113 3341 B.
2131 3311 2172 3344 C.

1174 3363 1252 3393 Mox
1269 3359 1368 3393 Savil.
1390 3365 1534 3405 τρύξοντα
1550 3369 1610 3400 pro
1627 3357 1761 3401 ἔχοντα]
