2502 3810
98 949 167 977 Act.
183 957 232 988 27.

92 1569 184 1597 N'um.
205 1576 250 1597 12.

99 1611 146 1646 14.

91 1690 194 1718 Exod.
225 1691 277 1720 32.

92 1731 144 1759 32.

96 1780 121 1798 1.
141 1771 218 1808 Reg.
231 1771 277 1801 15.

93 1810 142 1838 35,

128 2297 189 2324 Cur
204 2296 277 2323 Pau-

94 2338 138 2364 ius
165 2344 192 2364 et
218 2337 283 2364 Bar-

96 2379 183 2405 nabas
199 2388 283 2415 sepa-

95 2424 207 2446 rantur.

98 2474 241 2543 23Tliess.
253 2473 282 2503 3.

97 2523 105 2541 1
142 2535 146 2541 .

317 205 407 251 292
794 205 830 233 S.

314 285 427 322 multo
450 293 618 336 tempore,
636 293 669 321 et
687 284 831 320 fortasse
852 296 919 319 non
940 282 1094 318 multum
1114 281 1288 318 habebant

313 359 402 396 opus
413 361 423 393 3
446 346 508 382 illo
527 353 643 381 autem
661 344 812 393 migrare
826 342 1020 393 oportebat.
1040 340 1088 378 Et
1111 349 1288 392 pertrans-

312 404 385 441 iens
404 405 546 442 demum
565 401 810 454 proficiscitur.
836 402 898 438 10.
936 402 985 437 Ut
1012 408 1142 437 autem
1158 403 1288 438 visum

311 465 424 508 vidit,
447 465 576 500 statim
608 463 854 512 qucesivimus
875 460 1067 511 proficisci
1092 462 1133 496 in
1155 461 1288 496 Mace-

309 523 478 567 doniam,
507 524 600 558 certi
612 522 723 573 facti
751 521 854 572 quod
879 528 1057 557 vocasset
1085 532 1153 557 nos
1178 520 1287 557 Deus

304 582 572 633 evangelizare
583 585 647 619 eis.
661 583 675 618 1
687 584 701 618 1
714 583 972 633 ..Navigantes
983 589 1112 618 autem
1126 595 1150 618 a
1169 582 1285 618 Troa-

304 643 352 679 de
368 651 469 679 recto
494 655 606 680 cursu
630 645 806 680 venimus
830 646 870 680 in
899 643 1222 688 Samothraciam,
1249 650 1286 680 et

300 705 475 754 sequenti
493 704 555 740 die
582 704 802 755 Neapolim,
824 706 885 741 12.
903 712 939 741 et
960 704 1049 741 inde
1065 704 1280 755 Philippos,

302 775 386 813 quoe
404 771 460 800 est
474 765 602 814 prima
628 767 751 815 partis
770 765 1014 801 Macedonia?
1039 765 1190 811 civitas,
1215 776 1283 800 co-

302 822 420 858 lonia.
442 824 610 861 Eramus
634 833 763 861 autem
783 827 824 860 in
843 826 917 861 hac
943 826 1035 861 urbe
1053 825 1187 861 diebus
1207 825 1282 861 ali-

302 894 393 936 quot
411 887 665 936 conferentes.
682 884 742 923 Sic
759 885 812 922 illi
833 885 936 922 etiam
958 884 1120 921 Christus
1137 892 1281 936 apparet

301 944 435 995 dicens,
456 947 600 984 Coesari
620 954 655 983 te
675 953 819 996 oportet
847 947 941 983 sisti.
962 944 1100 981 Deinde
1124 944 1201 981 loca
1226 958 1280 981 re-

300 1015 429 1056 censet,
447 1005 631 1043 historiam
649 1005 779 1057 quippe
795 1014 929 1051 texens,
946 1013 978 1041 et
994 1003 1178 1041 ostendens
1199 1004 1279 1041 ubi-

299 1081 380 1104 nam
399 1075 556 1104 moratus
581 1067 647 1116 sit3
670 1066 871 1117 indicatque
899 1065 1002 1103 illum
1029 1065 1064 1102 in
1084 1065 1279 1116 majoribus

298 1137 488 1177 moratum,
504 1127 591 1165 alias
614 1127 837 1178 praeteriisse.
858 1126 1023 1177 Dignitas
1048 1135 1099 1164 est
1126 1125 1280 1164 civitatis

298 1188 470 1225 coloniam
484 1202 567 1226 esse.
582 1187 654 1226 Sed
669 1187 848 1239 superiora
862 1195 1073 1238 repetamus.
1086 1186 1281 1223 Necessita-

296 1256 367 1285 tem
385 1249 556 1286 Barnabae
572 1249 736 1300 imponit,
751 1248 873 1286 dicens
890 1263 898 1283 ε
920 1249 1125 1285 Visitemus
1144 1249 1281 1285 civita-

297 1317 365 1359 tes,
397 1312 439 1346 in
464 1312 601 1361 quibus
629 1310 949 1347 annuntiavimus
980 1309 1154 1346 verbum.
1182 1306 1281 1345 Licet

295 1382 364 1406 non
381 1378 556 1421 oporteret
575 1383 697 1421 rogare
719 1382 815 1418 eum,
835 1382 939 1419 quem
961 1377 1079 1420 postea
1099 1375 1280 1406 accusatu-

297 1442 357 1465 rus
377 1439 461 1466 erat.

347 1495 384 1533 4.
413 1495 490 1532 Hoc
504 1494 611 1532 etiam
632 1494 723 1532 circa
743 1496 859 1532 Deum
878 1503 911 1531 et
930 1495 1094 1546 Moysem
1113 1493 1277 1544 legimus.

295 1555 361 1592 Ille
377 1557 596 1606 rogat,Deus
613 1555 794 1603 irascitur3
810 1563 847 1591 ut
863 1554 1003 1604 quando
1018 1554 1132 1591 dicits:
1156 1554 1197 1591 Si
1211 1566 1279 1604 pa·

297 1625 354 1654 ter
378 1620 459 1669 ejus
484 1619 694 1669 exspuisset
719 1619 760 1653 in
782 1617 929 1667 faciem
952 1618 1050 1666 ejus;
1070 1624 1102 1652 et
1123 1628 1277 1663 rursum,

295 1680 459 1716 Dimitte
479 1693 552 1727 me,
569 1687 604 1715 et
623 1681 745 1714 iratus
761 1677 894 1714 delebo
909 1676 1094 1726 populum
1110 1676 1229 1720 Ῐιιιηε,ι
1245 1684 1278 1711 et

295 1739 437 1777 Samuel
463 1738 606 1789 quando
637 1738 782 1788 lugebat
810 1737 956 1775 Sa'ulsm
975 1750 1062 1787 :per
1089 1745 1278 1786 utrumque

294 1799 387 1837 enim
408 1813 535 1850 magna
557 1799 722 1837 eveniunt
739 1798 843 1836 bona.
866 1797 926 1835 Sic
949 1805 982 1834 et
1007 1810 1100 1833 nunc
1118 1796 1179 1833 ille
1203 1796 1278 1833 ira-

292 1859 413 1908 scitur,
428 1859 486 1896 sed
504 1873 573 1897 non
593 1860 671 1896 iste.
692 1858 767 1895 Hoc
783 1857 879 1909 apud
894 1871 955 1894 nos
972 1856 1056 1893 item
1085 1856 1211 1894 evenit.
1230 1855 1278 1893 Et

291 1919 460 1957 dissensio
495 1919 665 1971 apposite,
696 1927 735 1956 ut
754 1918 814 1956 ille
834 1917 1044 1966 erudiretur,
1060 1930 1123 1954 nec
1139 1916 1278 1955 videre-

292 1990 349 2019 tur
367 1995 441 2019 rem
463 1995 537 2019 esse
553 1995 702 2019 scenam.
716 1982 840 2030 Neque
859 1978 952 2016 enim
971 1978 1033 2029 qui
1054 1992 1191 2029 semper
1205 1992 1277 2016 ces-

292 2051 396 2092 serat,
414 2043 473 2080 hic
486 2056 556 2080 non
570 2042 740 2089 cessisset,
757 2041 820 2092 qui
836 2041 885 2078 ita
901 2040 1053 2078 Paulum
1067 2040 1222 2088 amabat,
1237 2048 1278 2077 ut

292 2103 439 2140 antehac
451 2111 622 2152 quaereret
635 2116 717 2140 eum
732 2101 892 2148 Tarsi‚ct
906 2101 952 2138 ad
966 2101 1143 2153 apostolos
1158 2100 1276 2152 ipsum

293 2163 542 2211 introduceret,
563 2172 595 2200 et
615 2163 874 2213 eleemosynam
894 2175 1117 2199 communem
1133 2162 1274 2209 faceret,

293 2232 328 2260 et
342 2223 438 2273 quod
452 2223 499 2260 ad
517 2223 647 2274 dogma
666 2223 802 2271 attinet,
823 2221 1056 2259 communiter
1073 2221 1276 2272 susciperet,

295 2286 418 2336 Itaque
434 2299 502 2323 non
516 2294 660 2337 propter
670 2285 763 2321 hanc
775 2297 850 2321 rem
866 2283 975 2320 iratus
991 2282 1124 2320 fuisset.
1138 2282 1208 2321 Sed
1224 2297 1277 2320 se-

297 2355 479 2398 parantur,
501 2355 540 2383 ut
570 2346 734 2393 doceant,
755 2353 788 2381 et
814 2358 877 2395 per
907 2343 1175 2394 separatiomem
1207 2357 1277 2391 cos,

299 2405 357 2455 qui
375 2404 534 2441 doctrina
548 2417 609 2441 sua
623 2403 784 2454 egebant,
797 2402 982 2439 instituant
997 2417 1004 2439 :
1020 2410 1058 2437 ut
1072 2401 1179 2438 etiam
1193 2401 1279 2438 alibi

298 2466 380 2504 facit
391 2466 511 2503 dicens
528 2481 535 2501 :
555 2467 628 2503 Vos
645 2473 774 2502 autem
791 2478 837 2501 ne
851 2464 1120 2516 defatigemini
1138 2465 1278 2501 honum

286 2527 496 2579 facientes.
513 2525 560 2563 Et
578 2525 665 2562 alios
686 2523 831 2574 quidem
850 2523 1021 2576 increpat,
1037 2523 1139 2575 jubet
1156 2533 1276 2561 autem

298 2587 385 2624 hene
397 2587 508 2624 facere
521 2599 604 2636 erga
615 2599 745 2623 omnes.
763 2584 838 2622 Hoc
849 2584 954 2622 etiam
971 2584 1007 2621 in
1023 2584 1278 2631 consuetudine

298 2647 482 2684 habemus.
496 2646 565 2683 Hic
575 2655 691 2683 autem
703 2644 793 2682 mihi
808 2644 978 2682 videntur
992 2644 1053 2681 alii
1064 2659 1204 2695 quoque
1216 2645 1276 2683 in—

298 2706 435 2758 dignati
456 2720 529 2744 esse
548 2706 584 2743 in
599 2705 766 2742 Paulum.
783 2704 830 2742 Et
852 2713 970 2756 postea
987 2704 1061 2754 ille,
1078 2704 1163 2757 ipsis
1181 2719 1276 2743 seor-

300 2782 379 2805 sum
389 2767 565 2814 adductis,
580 2766 699 2803 omnia
710 2765 808 2815 facit,
825 2775 957 2815 monet,
974 2765 1148 2803 hortatur.
1161 2766 1277 2803 Multa

298 2838 411 2880 potest
424 2828 623 2877 concordia,
636 2827 750 2864 multa
770 2827 897 2864 caritas
910 2842 917 2862 ι
930 2826 1064 2864 etiamsi
1077 2841 1141 2878 pro
1151 2841 1187 2864 re
1200 2842 1278 2865 ma-

297 2903 365 2940 gna
379 2903 495 2940 roges,
517 2888 654 2927 etiamsi
678 2887 848 2939 indignus
865 2888 927 2937 sis,
951 2896 1096 2938 propter
1110 2888 1276 2939 proposi-

296 2958 373 2986 tum
397 2949 565 2997 audieris,
581 2962 625 2986 ne
643 2948 778 2985 timeas.
799 2947 1120 2993 Perambulabat,
1143 2947 1274 2998 inquit,

296 3012 481 3048 civitates.
492 3011 545 3047 Et
560 3023 644 3046 ecce
659 3016 742 3046 erat
758 3008 967 3058 discipulus
984 3010 1136 3045 nomine
1148 3009 1274 3045 Timo-

297 3071 419 3117 theus,
445 3074 511 3122 qui
543 3071 802 3107 testimonium
828 3070 995 3106 habebat
1025 3070 1274 3121 asratribus,

297 3134 362 3181 qui
381 3140 493 3168 erant
509 3132 662 3179 Lystris
681 3139 716 3167 et
732 3132 870 3167 Iconii.
894 3132 1024 3181 Magna
1041 3129 1131 3167 fides
1153 3130 1276 3168 Timo-

869 203 1052 232 JOANNJS
1087 201 1328 231 CHRYSOST.
1369 203 1574 234 ARCHIEP.
1616 205 1970 236 CONSTANTINOP.

1362 282 1678 334 τιπεράσαςλοιπὸν
1693 284 1827 328 ἔξεισιν.
1843 285 1908 329 (Ως
1919 287 1955 324 δὲ
1969 287 2008 324 τὸ
2016 287 2132 339 ὅραμα
2146 281 2244 333 εἶδεν,
2255 286 2378 328 εὐθέως

1363 343 1580 392 ἐζητήσαμεν
1605 344 1750 387 ἐξελθεῖν
1777 347 1824 388 εἷς
1847 347 2085 395 Μακεδονίαν,
2106 348 2378 398 συμῧιδοίζοντες

1362 401 1415 439 ὅτι
1430 402 1689 454 προσκέκληται
1712 407 1806 454 ἡμᾶς
1825 408 1842 442 ὃ
1860 405 1986 459 Κύριος
2006 407 2293 457 εὐαγγελίσασθαι
2314 410 2377 444 αὖ-

1362 462 1449 504 τούς.
1469 462 1688 515 Ἀναχθέντες
1702 464 1737 502 δὲ
1754 465 1822 502 ἀπὸ
1832 466 1999 516 Τρωάδος
2013 467 2315 519 εὐθυδρομήσαμεν
2332 469 2377 510 εἷς

1362 523 1610 575 Σαμοθρᾴκην,
1628 527 1670 575 τῇ
1697 540 1734 561 τε
1760 524 1904 576 ἐπιούσῃ
1927 528 1972 568 εἷς
1988 526 2177 575 Νεάπολιν,
2196 527 2323 565 ἐκεῖθέν
2340 543 2377 564 τε

1359 584 1408 624 εἷς
1428 583 1643 630 Φιλίππους,
1664 583 1740 629 ἥτις
1759 584 1833 622 ἐστὶ
1852 584 1975 636 πρώτη
1993 589 2055 631 τῆς
2073 587 2291 630 Μακεδονίας
2310 588 2378 625 πό-

1357 644 1422 690 λις,
1440 643 1619 681 κολώνεια.
1655 637 1771 694 τΗμεν
1793 643 1828 682 δὲ
1844 646 1877 681 ἐν
1895 645 1982 695 αὐτῇ
2003 649 2046 696 τῇ
2065 647 2166 683 πόλει
2188 646 2378 698 διατρίὸον-

1357 718 1412 746 τες
1437 704 1569 755 ἡμέρας
1594 704 1701 747 τινάς.
1727 704 1849 747 Οὕτως
1869 706 1960 756 αὐτῷ
1980 705 2039 742 καὶ
2058 709 2075 742 ὁ
2094 706 2244 756 Χριστὸς
2264 707 2378 756 φαίνε-

1356 779 1414 801 ται
1432 762 1542 816 λέγων
1555 793 1564 809 ,
1585 764 1640 802 ὅτι
1656 763 1810 816 Καίσαρί
1830 780 1868 802 σε
1887 765 1938 801 δεῖ
1953 769 2188 816 παραστῆναι.
2211 760 2300 804 Εἶτα
2319 767 2376 804 λε’-

1355 839 1408 871 γει
1430 824 1489 862 καὶ
1513 823 1590 868 τοὺς
1615 823 1762 871 τόπους,
1790 825 1850 862 ἅτε
1878 824 2030 876 ἱστορίαν
2051 824 2294 876 ἐξηγούμενος,
2318 826 2377 862 καὶ

1308 883 1330 912 Β
1355 883 1487 927 δεικνὺς
1511 890 1577 923 ποῦ
1606 885 1818 936 ἐνεχρόνισε·
1844 885 1904 922 καὶ
1926 885 2119 933 δείκνυσιν,
2148 885 2202 924 ὅτι
2234 888 2268 923 ἐν
2300 891 2377 928 ταῖς

1354 945 1507 994 μείζοσι,
1526 945 1587 988 τὰς
1610 945 1645 982 δὲ
1672 946 1779 989 ἄλλας
1798 945 1941 997 παρῄει.
1974 944 2126 994 Ἀξίωμα
2146 948 2219 983 ἐστι
2244 945 2378 988 πόλεως

1352 1008 1374 1051 ἡ
1396 1006 1577 1044 κολώνεια.
1591 1006 1682 1043 Ἀλλ’
1703 1006 1830 1043 ἄνωθεν
1849 1005 1977 1056 ἴδωμεν
1997 1006 2041 1044 τὰ
2061 1005 2238 1058 εἰρημένα.
2254 1005 2374 1056 Ἀνάγ-

1351 1082 1416 1113 κην
1444 1067 1642 1118 περιτίθησι
1675 1069 1723 1118 τῷ
1751 1067 1917 1118 Βαρνάὲᾳ
1941 1071 2003 1113 τῆς
2035 1067 2233 1118 ἀποδημίας
2249 1067 2373 1117 λέγων·

1353 1127 1651 1179 Ἐπισκεψώμεθα
1669 1127 1731 1170 τὰς
1748 1127 1876 1175 πόλεις,
1895 1130 1929 1166 ἐν
1947 1122 2000 1171 αἷς
2015 1127 2295 1179 κατηγγείλαμεν
2316 1128 2373 1165 τὸν

1350 1188 1463 1240 λόγον.
1493 1188 1616 1226 Καίτοι
1638 1191 1697 1226 οὐκ
1718 1188 1787 1225 ἔδει
1803 1187 1916 1232 ἀξιοῦν
1943 1189 2046 1227 αὐτὸν
2067 1188 2240 1238 μέλλοντα
2257 1203 2372 1234 κατη-

1352 1256 1465 1301 γορεῖν
1487 1249 1576 1300 μετὰ
1594 1253 1720 1287 ταῦτα.

1402 1495 1516 1532 Τοῦτο
1532 1493 1592 1531 καὶ
1611 1494 1667 1532 ἐπὶ
1687 1497 1747 1531 τοῦ
1762 1494 1854 1530 Θεοῦ
1872 1492 2004 1543 γίνεται
2020 1492 2079 1529 καὶ
2099 1495 2158 1529 τοῦ
2175 1492 2353 1535 Mum-502<
2365 1508 2373 1516 ·

1349 1557 1367 1592 ὃ
1390 1555 1452 1604 μὲν
1473 1554 1579 1602 ἀξιοῖ,
1599 1558 1616 1592 ὁ
1643 1554 1678 1592 δὲ
1703 1553 1888 1606 ὀργίζεται,
1913 1547 1998 1590 Οῗον
2027 1555 2072 1595 ὡς
2091 1552 2172 1590 ὅταν
2198 1553 2282 1605 λέγῃ
2301 1569 2308 1575 ·
2328 1555 2373 1590 Εἰ

1349 1618 1367 1653 ὃ
1389 1614 1506 1665 πατὴρ
1535 1616 1641 1659 αὐτῆς
1673 1614 1856 1651 ἐνέπτυσεν
1886 1615 1935 1655 εἷς
1967 1613 2006 1650 τὸ
2038 1613 2223 1663 πρόσωπον
2246 1615 2371 1658 αὐτ-’ἧς-

1349 1675 1407 1712 καὶ
1426 1673 1546 1721 πάλιν,
1568 1673 1668 1725 Ἄφες
1689 1689 1743 1724 με,
1760 1673 1818 1710 καὶ
1839 1673 2007 1723 θυμωθεὶς
2024 1672 2192 1724 ἐξαλείψω
2212 1674 2269 1711 τὸν
2289 1674 2371 1711 λαὸν

1348 1740 1464 1773 τοῦτον
1483 1750 1490 1757 ·
1513 1734 1573 1772 καὶ
1591 1737 1608 1771 ὁ
1629 1733 1800 1782 Σαμουὴλ
1815 1763 1826 1779 ,
1847 1732 1926 1770 ὅταν
1947 1735 2055 1783 πενθῇ
2084 1733 2141 1770 τὸν
2164 1733 2280 1771 Σαούλ
2295 1749 2302 1756 ·
2326 1735 2368 1771 δι’

1348 1794 1520 1847 ἑκατέρων
1551 1794 1619 1847 γὰρ
1646 1794 1781 1845 μεγάλα
1809 1793 1942 1844 γίνεται
1973 1793 2098 1844 ἀγαθά.
2118 1794 2224 1831 Οὕτω
2244 1793 2284 1840 δὴ
2312 1794 2371 1831 καὶ

1349 1858 1494 1894 ἐνταῦθα
1513 1858 1529 1893 ὁ
1547 1856 1608 1907 μὲν
1630 1855 1802 1908 ὀργίζεται
1817 1884 1826 1902 ,
1846 1858 1863 1892 ὃ
1883 1854 1917 1892 δὲ
1938 1856 1999 1892 οὐκ
2017 1853 2080 1891 ἔτι.
2105 1855 2219 1891 Τοῦτο
2239 1854 2298 1892 καὶ
2317 1857 2368 1905 ἐφ’

1348 1920 1447 1968 ἡμῶν
1464 1916 1607 1968 γίνεται.
1628 1916 1699 1954 Καὶ
1718 1919 1735 1953 ὃ
1751 1915 1972 1968 παροξυσμὸς
1992 1913 2152 1961 εἰκότως,
2170 1913 2226 1951 ἵνα
2244 1916 2371 1957 ἐκεῖνος

1347 1978 1539 2028 παιδευθῇ,
1559 1977 1618 2014 καὶ
1645 1976 1693 2026 μὴ
1717 1975 1796 2027 δόξῃ
1826 1975 1935 2022 σκηνὴ
1964 1975 2003 2012 τὸ
2023 1981 2173 2025 πρᾶγμα
2202 1968 2301 2012 εἶναι.
2323 1976 2376 2012 Οὐ

1347 2037 1415 2090 γὰρ
1432 2038 1472 2075 ἂν
1489 2041 1506 2076 ὁ
1528 2042 1707 2088 πανταχοῦ
1727 2037 1847 2083 εἴκων,
1871 2037 2018 2073 ἐνταῦθα
2041 2037 2101 2073 οὐκ
2121 2029 2205 2078 εἶξεν
2219 2065 2228 2083 ,
2250 2039 2267 2073 ὁ
2283 2034 2374 2072 οὕτω

1347 2100 1488 2136 Παῦλον
1514 2101 1644 2150 φιλῶν,
1671 2097 1761 2135 ὥστε
1792 2096 1851 2134 καὶ
1870 2095 1938 2147 πρὸ
1963 2095 2082 2133 τούτου
2103 2097 2252 2142 ζητῆσαι
2272 2096 2374 2133 αὐτὸν

1348 2160 1383 2195 ἓν
1405 2161 1548 2211 Ταρσῷ,
1565 2159 1624 2196 καὶ
1647 2158 1733 2211 πρὸς
1757 2157 1835 2200 τοὺς
1861 2156 2073 2199 ἀποστόλους
2100 2157 2200 2194 αὐτὸν
2222 2159 2373 2208 ἀπενεγ-

1348 2225 1432 2266 κεῖν,
1443 2219 1501 2256 καὶ
1513 2219 1575 2265 τὴν
1593 2219 1827 2268 ἐλεημοσύνην
1848 2217 1964 2262 κοινὴν
1981 2222 1995 2237 ²¹
2007 2217 2239 2268 ἐργάσασθαι,
2254 2217 2312 2255 καὶ
2328 2217 2374 2255 τὶ

1349 2278 1439 2315 κατὰ
1458 2279 1497 2316 τὸ
1515 2279 1627 2328 δόγμα
1647 2282 1744 2327 κοινῇ
1771 2276 2037 2319 καταδέξασθαι.
2067 2279 2145 2314 Οὐκ
2169 2277 2208 2314 διν
2237 2271 2294 2314 οῦν
2316 2277 2372 2314 διὰ

1350 2343 1500 2376 τοιοῦτον
1519 2345 1666 2389 πρᾶγμα
1686 2337 1839 2389 ὠργίσθη
1858 2352 1864 2359 ·
1888 2336 1977 2374 ἀλλὰ
1997 2336 2204 2387 χωρίζονται
2227 2337 2289 2373 ἀπ’
2314 2339 2373 2373 ἀλ-

1350 2400 1488 2446 λήλων,
1506 2400 1596 2438 ὥστε
1625 2400 1809 2437 παιδεῦσαι
1834 2397 1892 2434 καὶ
1921 2397 2112 2447 ἀπαρτίσαι
2132 2396 2188 2433 διὰ
2209 2400 2268 2433 τοῦ
2298 2412 2371 2447 χω·

1354 2465 1476 2512 ρισμοῦ
1494 2459 1573 2502 τοὺς
1602 2459 1781 2509 δεομένους
1803 2460 1864 2502 τῆς
1884 2459 1966 2509 παρ’
1987 2459 2099 2493 αὐτῶν
2123 2456 2349 2498 διδασκαλίας
2363 2472 2370 2479 ·

1351 2521 1468 2572 ὥσπερ
1493 2515 1549 2557 οῦν
1575 2520 1633 2558 καὶ
1659 2522 1811 2570 ἀλλαχοῦ
1840 2523 1932 2555 ποιεῖ
1952 2517 2058 2567 λέγων
2076 2532 2083 2540 ·
2105 2517 2227 2567 <Υμεῖς
2254 2516 2289 2553 δὲ
2320 2516 2369 2567 μὴ

1352 2584 1529 2619 ἕκκακεῖτε
1554 2581 1593 2618 τὸ
1618 2580 1722 2618 καλὸν
1751 2582 1938 2620 ποιοῦντες.
1953 2577 2023 2615 Καὶ
2041 2579 2188 2628 ἐπιτιμᾷ
2209 2577 2268 2627 μὲν
2290 2577 2369 2614 ἑτέ-

1352 2658 1439 2694 ροις,
1459 2642 1587 2680 κελεύει
1615 2641 1650 2678 δὲ
1669 2640 1708 2678 τὸ
1725 2640 1828 2678 καλὸν
1854 2643 1963 2676 ποιεῖν
1983 2638 2068 2689 πρὸς
2087 2637 2232 2681 πάντας.
2257 2639 2369 2675 Τοῦτο

1350 2703 1408 2741 καὶ
1433 2705 1465 2740 ἐν
1485 2706 1527 2754 τῇ
1550 2701 1710 2752 συνηθείᾳ
1731 2703 1906 2749 ποιοῦμεν.
1937 2698 2112 2736 Ἐνταῦθα
2142 2712 2200 2747 μοι
2231 2699 2369 2736 δοκοῦσι

1350 2763 1408 2801 καὶ
1421 2762 1479 2800 ἄλ)
1488 2778 1518 2800 οι
1538 2764 1841 2813 συναγανακτῆσαι
1855 2762 1904 2811 τῷ
1917 2758 2061 2809 Παύλῳ.
2075 2758 2146 2796 Καὶ
2155 2757 2274 2795 λοιπὸν
2289 2760 2366 2794 κατ’

1351 2824 1439 2862 ἰδίαν
1464 2823 1641 2866 κάκείνους
1667 2821 1784 2860 λαὸὼν
1814 2820 1929 2857 πάντα
1957 2825 2048 2856 ποιεῖ
2094 2819 2153 2856 καὶ
2185 2825 2367 2870 παραινεῖ·

1350 2885 1409 2923 καὶ
1439 2888 1599 2922 νουθετεῖ.
1627 2882 1748 2921 Πολλὰ
1778 2886 1800 2928 ἦ
1831 2881 1973 2931 ὁμόνοια
2001 2880 2165 2925 δύναται,
2199 2880 2311 2917 πολλὰ
2344 2883 2366 2925 ἡ

1351 2946 1469 2998 ἀγάπη
1486 2962 1493 2969 ·
1523 2945 1585 2983 κᾶν
1608 2944 1695 2995 ὑπὲρ
1725 2943 1876 2994 μεγάλου
1903 2942 2025 2988 ἀξιοῖς,
2054 2941 2118 2978 κᾶν
2147 2940 2282 2984 ἀνάξιος
2306 2934 2368 2991 ἧς,

1350 3008 1419 3046 ἀπὸ
1446 3011 1508 3054 τῆς
1533 3005 1766 3058 προαιρέσεως
1786 3003 2007 3052 ἀκουσθήση,
2038 3001 2084 3051 μὴ
2110 3001 2227 3053 φοὲοῦ.
2259 3000 2367 3050 Διῆρ-

1348 3085 1442 3122 χετο,
1465 3068 1565 3121 φησὶ,
1580 3067 1641 3110 τὰς
1662 3066 1790 3107 πόλεις.
1812 3064 1882 3101 Καὶ
1899 3062 1969 3100 ἰδοὺ
1989 3057 2030 3108 ἦν
2053 3062 2209 3112 μαθητὴς
2224 3061 2367 3111 ὀνόματι

1349 3131 1541 3182 Τιμόθεος,
1561 3130 1597 3172 ὃς
1622 3130 1848 3178 ἐμαρτυρεῖτο
1868 3125 1934 3162 ὑπὸ
1958 3127 2025 3162 τῶν
2054 3127 2085 3162 ἓν
2117 3123 2285 3175 Λύστροις
2307 3122 2366 3159 καὶ

295 3191 382 3242 thei,
403 3191 464 3242 qui
484 3191 528 3229 ab
543 3191 708 3229 omnibus
725 3190 966 3229 testimonium
981 3191 1099 3230 habet.
1122 3192 1277 3240 Quando
1299 3203 1322 3233 Ε
1348 3191 1483 3244 Ἰκονίῳ
1509 3191 1676 3241 ἀδελφῶν.
1702 3184 1876 3236 1ἸἱΙεγοίλη
1901 3188 1922 3231 ἡ
1949 3185 2065 3229 πίστις
2091 3189 2150 3224 τοῦ
2171 3183 2364 3234 Τιμοθέου,

336 3340 348 3353 ²¹
375 3335 552 3373 ἐργάσασθαι
567 3331 658 3364 deest
674 3333 706 3363 in
723 3330 932 3374 quibusdam,

1403 3332 1420 3355 ¹>
1436 3330 1528 3362 Unus
1547 3332 1665 3372 μεγάλη
1683 3331 1700 3367 ἡ
1722 3330 1811 3370 χάρη-’ς
1827 3329 1878 3359 τοῦ
1894 3328 2048 3364 Τιμοθέου.
