2466 3805
729 184 768 213 {N
812 184 929 213 ACTA
964 179 1298 211 APOSTOLORUM
1333 177 1488 208 HOMIL.

109 262 206 301 δοῦσι
226 263 282 300 τὸν
312 262 462 310 Ἰησοῦν.
491 263 562 301 Καὶ
583 263 662 315 πρὶν
691 263 713 310 ἢ
744 267 866 311 εἰπεῖν,
895 266 960 302 ποῦ
995 256 1088 300 εἶπεν
1106 263 1124 298 ὁ

107 322 236 368 Δαυὶδ,
256 321 349 372 λέγει
363 322 406 360 τὰ
422 325 653 374 πεπραγμένα
674 326 768 377 αὐτῷ
775 355 784 372 ,
801 323 857 362 ἵνα
877 323 946 361 ἀπὸ
965 326 1033 360 τῶν
1053 338 1124 360 πα-

108 382 233 433 ρόντων
253 383 312 420 καὶ
332 383 375 421 τὰ
399 383 570 434 μέλλοντα
590 384 832 432 πιστώσηται,
853 384 912 422 καὶ
936 383 1028 435 δείξῃ
1055 382 1122 428 ἤδη

106 443 280 480 δεδωκότα
297 443 409 490 δίκην.
430 444 514 484 ”Οτι
537 445 840 497 κατηριθμημένος
863 440 904 491 ἦν
937 444 995 482 σὺν
1024 447 1122 493 ἡμῖν,

105 502 163 539 καὶ
188 502 295 554 ἔλαχε
320 503 376 541 τὸν
409 506 538 557 κλῆρον
563 510 623 552 τῆς
644 505 818 549 διακονίας
845 505 984 551 ταύτης.
1010 499 1123 547 Οῧτος

105 563 167 612 μὲν
199 558 254 602 οἶν
288 564 460 611 ἐκτήσατο
489 566 616 618 χωρίον
650 569 689 604 ἐκ
721 569 844 616 μισθοῦ
871 569 934 611 τῆς
970 563 1120 606 ἀδικίας.

104 623 244 661 Ἠθικὸν
261 632 352 663 ποιεῖ
378 626 436 664 τὸν
462 627 576 678 λόγον,
596 627 654 665 καὶ
672 627 907 668 λανθανόντως
923 624 985 670 τὴν
1007 624 1121 662 αἰτίαν

104 685 328 732 παιδευτικὴν
355 680 459 725 οὖσαν
489 687 739 725 ἀποκαλύπτει.
759 689 812 724 Οὐ
837 686 930 736 λέγει
959 685 1048 736 γὰρ,
1067 685 1121 723 ὅτι

104 749 134 784 οἱ
153 747 332 785 Ἰουδαῖοι·
351 750 439 795 ἀλλ’,
463 743 559 791 οἶτος
574 749 656 785 αὐτὸ
683 748 863 794 ἐκτήσατο.
879 746 1024 791 Ἐπειδὴ
1052 745 1121 797 γὰρ

104 809 138 843 αἱ
165 807 273 857 ψυχαὶ
300 810 368 844 τῶν
395 809 544 845 ἀσθενῶν
565 810 628 859 οὐχ
646 807 734 844 οὕτω
755 807 840 858 πρὸς
873 806 916 843 τὰ
948 805 1120 856 μέλλοντα

102 868 240 916 ὁρῶσιν,
263 869 309 909 ὧς
337 866 422 917 πρὸς
450 867 493 904 τὰ
526 867 701 917 παρόντα,
738 866 818 917 περὶ
850 868 913 910 τῆς
942 865 1120 916 παρούσης

103 924 199 971 δίκης
239 925 444 977 διαλέγεται.
487 926 557 964 Καὶ
589 925 724 977 πρηνὴς
759 924 940 976 γενόμενος
970 925 1119 971 ἐλάκησε

102 984 215 1034 μέσος.
243 988 366 1029 Καλῶς
382 989 443 1024 οὐκ
465 988 499 1024 ἐν
519 989 568 1037 τῷ
588 986 816 1038 ἁμαρτ,”,;.·,ατι
829 1015 838 1032 ,
855 986 931 1022 ἀλλ’
954 987 988 1022 ἐν
1004 988 1045 1036 τῇ
1065 1000 1119 1021 τι*

102 1045 217 1097 μωρίᾳ
247 1047 304 1084 τὸν
331 1046 430 1097 λόγον
462 1048 581 1098 ἐπῆρε.
604 1046 672 1083 Καὶ
697 1044 862 1097 ἐξεχύθη,
882 1045 985 1097 φησὶ,
1005 1044 1120 1082 πάντα

100 1104 143 1141 τὰ
159 1105 344 1157 σπλάγχνα
360 1108 474 1144 αὐτοῧ.
497 1108 609 1144 Τοῦτο
631 1105 854 1158 παραμυθίαν
871 1104 1011 1147 ἐκείνοις
1035 1104 1116 1156 ἔφε-

101 1180 148 1216 ρε.
166 1167 234 1203 Καὶ
249 1167 401 1215 γνωστὸν
420 1167 555 1218 ἐγένετο
572 1173 659 1204 πᾶσι
675 1173 745 1210 τοῖς
759 1169 977 1204 κατοικοῦσιν
994 1165 1119 1217 Ἰερου-

100 1226 219 1276 σαλὴμ
230 1257 240 1275 ,
259 1227 349 1266 ὥστε
367 1230 538 1273 κληθῆναι
564 1228 603 1265 τὸ
621 1227 748 1279 χωρίον
766 1229 874 1265 ἐκεῖνο
890 1231 932 1278 τῇ
954 1226 1023 1278 ἰδία
1040 1228 1119 1264 δια-

98 1287 210 1339 λέκτῳ
231 1289 341 1326 αὐτῶν
370 1287 582 1338 Ἀκελδαμὰ,
604 1287 782 1336 τουτέστι,
803 1287 930 1340 χωρίον
960 1288 1116 1337 αἵματος.

304 1465 324 1474 ω

150 1474 196 1510 Οἱ
214 1472 274 1523 μὲν
286 1476 342 1510 οὐν
356 1472 518 1511 Ἰουδαῖοι
534 1472 643 1521 ταύτῃ
656 1474 698 1524 τῇ
714 1472 931 1525 προσηγορία
948 1472 1118 1511 ἐκάλεσαν

98 1533 197 1581 αὐτὸ,
226 1535 264 1571 οὗ
296 1533 352 1572 διὰ
383 1537 500 1579 τοῦτο,
528 1533 617 1571 ἀλλὰ
639 1533 695 1570 διὰ
717 1533 774 1570 τὸν
792 1533 943 1571 Ἰούδαν·
962 1528 1058 1576 οἶτος
1081 1532 1117 1571 δὲ

96 1597 142 1638 εἷς
161 1597 261 1632 τοῦτο
278 1594 361 1632 αὐτὸ
382 1593 574 1645 μετήγαγε,
593 1594 770 1645 μάρτυρας
788 1593 865 1637 τοὺς
894 1594 1036 1645 ἐχθροὺς
1055 1594 1117 1646 φέ-

98 1672 176 1707 ρων.
191 1657 209 1674 *
222 1657 284 1706 Τῷ
310 1671 346 1692 τε
367 1655 434 1708 γὰρ
452 1657 571 1703 εἰπεῖν,
585 1654 637 1693 ὅτι
653 1655 852 1705 ὠνόμασαν,
870 1655 928 1692 καὶ
954 1658 1003 1707 τῷ
1025 1657 1115 1693 ἐπα-

94 1722 225 1767 γαγεῖν,
243 1717 298 1766 'Hi
325 1716 395 1768 ἰδίᾳ
421 1715 590 1767 διαλέκτιῑ)
612 1718 736 1761 αὐτῶν,
763 1720 862 1754 τοῧτο
883 1717 1004 1762 δηλοῦν
1028 1716 1114 1767 βού-

92 1778 200 1815 λεται.
230 1771 317 1814 Εἶτα
338 1776 426 1827 μετὰ
442 1776 504 1823 τὴν
525 1775 666 1815 ἔκὲασιν
689 1776 822 1820 οἰκείως
849 1777 1027 1829 ἐπεισάγει
1057 1778 1113 1816 τὀν

92 1838 273 1889 προφήτην
290 1838 411 1890 λέγων·
423 1838 634 1889 Γέγραπται
653 1837 721 1890 γὰρ
740 1839 773 1874 ἐν
796 1837 906 1888 βίὸλῳ
923 1839 1092 1889 ῙΓαλμῶν
1105 1855 1112 1862 ·

92 1899 279 1945 Γενηθήτω
298 1902 319 1944 ἡ
348 1898 490 1941 ἔπαυλις
518 1902 630 1937 αὖτῶν
655 1899 782 1951 ἔρημος
795 1927 804 1943 ,
825 1899 882 1936 καί
916 1898 964 1948 μὴ
985 1899 1074 1936 ἔστω
1097 1902 1114 1936 ὃ

91 1963 261 1997 κατοικῶν
294 1962 327 1997 ἐν
356 1962 455 2009 αὐτῇ.
476 1962 508 1997 Τ
511 1965 589 1997 obeo
611 1959 690 2010 περὶ
718 1963 777 1997 τοῦ
805 1959 933 2010 χωρίου
962 1959 1021 1996 καὶ
1052 1963 1114 2006 τῆς

91 2020 212 2063 οἰκίας.
234 2020 303 2057 Καὶ
322 2019 385 2066 τὴν
406 2019 598 2066 ἐπισκοπὴν
616 2022 719 2057 αὐτῆ
734 2020 872 2058 λα’ὃέτω
887 2019 1000 2072 ἕτερος
1014 2035 1022 2043 ·
1039 2036 1114 2063 του-

91 2081 204 2127 τέστι,
235 2080 297 2126 τὴν
330 2080 455 2131 ἀρχὴν,
484 2079 548 2126 τὴν
579 2080 782 2130 ἱερωσύνην.
800 2079 918 2118 εὨστε
945 2082 1007 2117 οὐκ
1044 2082 1111 2132 ἐμῇ

91 2141 212 2192 γνώμη
233 2146 331 2179 τοῦτο
349 2141 530 2192 τυγχάνει,
548 2143 623 2178 ἀλλ’
645 2140 773 2178 ἐκείνου
791 2145 849 2178 τοῦ
868 2144 979 2178 ταῦτα
994 2157 1112 2193 προει-

92 2201 246 2251 ρηκότος.
261 2200 338 2238 Ἵνα
356 2201 424 2253 γὰρ
441 2200 488 2251 μὴ
512 2200 588 2252 δόξῃ
613 2200 753 2252 μεγαλῳ
769 2200 953 2251 πράγματι
971 2202 1109 2251 ἐπιχει-

91 2267 172 2311 ρεῖν,
201 2261 258 2298 καὶ
288 2261 432 2313 τοιούτῳ
451 2260 511 2312 οἵῳ
531 2264 548 2298 ὅ
569 2260 738 2313 Χριστὸς,
773 2260 928 2311 ἐπήγαγε
950 2260 1110 2312 μάρτυρα

87 2322 145 2359 τὸν
165 2322 357 2373 προφήτην.
387 2324 448 2359 Δεῖ
467 2316 541 2369 οὖν,
564 2322 647 2373 φησὶ
659 2352 669 2370 ,
688 2324 757 2359 τῶν
774 2322 1002 2360 συνελθόντων
1024 2325 1108 2371 ἡμῖν

90 2383 221 2432 ἀνδρῶν
242 2385 275 2420 ἐν
296 2383 399 2420 παντὶ
414 2382 542 2434 χρόνῳ.
558 2382 662 2420 Διατί
680 2386 854 2420 κοινοῦται
877 2384 1011 2430 αὐτοῖς;
1034 2382 1108 2420 Ἵνα

91 2443 138 2494 μὴ
160 2445 400 2496 περιμάχητον
421 2445 460 2482 τὸ
476 2450 625 2496 πρᾶγμα
638 2443 800 2495 γένηται,
820 2443 879 2481 καὶ
896 2445 941 2486 εἷς
961 2445 1108 2495 φιλονει-

88 2505 165 2542 κίαν
186 2505 394 2555 ἐμπέσωσιν.
420 2506 490 2543 εἱΕἰ
509 2505 575 2555 γὰρ
596 2505 690 2542 αὐτοὶ
708 2508 809 2542 τοῦτο
830 2504 970 2552 ἔπαθον,
988 2507 1108 2556 πολλῷ

89 2566 220 2615 μᾶλλον
250 2567 388 2603 ἐκεῖνοι.
425 2565 494 2603 Καὶ
520 2563 600 2603 1’ἀεὶ
634 2568 734 2603 τοῦτο
769 2570 1004 2616 παραιτεῖται.
1039 2565 1107 2603 Διὰ

86 2630 187 2664 τοῦτο
213 2627 404 2679 ἀρχόμενος
426 2626 540 2677 ἔλεγεν
554 2642 561 2649 ·
590 2626 727 2679 Ἄνδρες
747 2626 915 2679 ἀδελφοὶ,
936 2629 986 2665 δεῖ
1007 2627 1106 2666 ἐκλέ-

86 2686 207 2731 ξασθαι
236 2687 269 2732 ἐξ
302 2690 416 2739 ἡμῶν.
435 2690 498 2740 Τῷ
525 2687 651 2734 πλήθει
682 2687 744 2734 τὴν
766 2688 878 2740 κρίσιν
908 2688 1106 2740 ἐπιτρέπει,

84 2748 160 2791 τούς
174 2765 212 2787 τε
227 2749 424 2800 γινομένους
442 2747 637 2798 αἰδεσίμους
653 2752 774 2796 ποιῶν,
793 2749 852 2786 καὶ
874 2750 973 2792 αὐτὸς
991 2751 1105 2788 ἀπαλ-

83 2809 290 2859 λαττόμενος
313 2809 500 2861 ἀπεχθείας
515 2813 576 2855 τῆς
597 2809 682 2861 πρὸς
702 2808 781 2853 τοὺς
800 2810 933 2854 ἄλλους.
954 2811 1105 2862 Μεγάλα

82 2869 149 2921 γὰρ
167 2870 220 2908 ἀεὶ
243 2869 448 2916 τατοιαῧτα
468 2870 648 2921 ἐργάζεται
666 2871 771 2908 κακά.
792 2869 875 2908 ”On
893 2870 954 2921 μὲν
975 2866 1032 2909 οἶν
1056 2873 1105 2910 δεῖ

81 2930 258 2982 γενέσθαι,
273 2932 330 2969 τὸν
350 2931 531 2984 προφήτην
560 2930 710 2982 παράγει
738 2931 896 2984 μάρτυρα
909 2947 916 2955 ·
944 2934 984 2969 ἐκ
1002 2932 1104 2970 τίνων

83 2991 118 3029 δὲ
138 2992 206 3039 δεῖ,
223 2993 323 3034 αὐτὸς
340 2991 522 3043 ἑρμηνεύει
536 2991 645 3043 λέγων
664 3007 672 3014 ·
691 2992 757 3030 Ἐκ
776 2995 844 3030 τῶν
873 2993 1103 3031 συνελθόντων

81 3056 166 3102 ἡμῖν
183 3055 216 3090 ἐν
235 3052 339 3090 παντὶ
357 3068 383 3103 χ
387 3052 484 3105 ρόνῳ.
506 3054 549 3090 Εἰ
567 3051 627 3102 μὲν
642 3052 710 3104 γὰρ
728 3047 801 3091 εἷπε
814 3083 824 3101 ,
843 3053 922 3098 τοὺς
941 3057 1103 3099 ἐπιεικεῖς

82 3114 133 3150 δεῖ
151 3118 333 3166 παρεῖναι,
346 3111 423 3156 τοὺς
439 3113 563 3156 ἄλλους
582 3111 622 3149 ἂν
636 3112 755 3165 {jeptes
768 3129 775 3136 ·
793 3117 851 3151 νῦν
867 3113 903 3152 δὲ
923 3116 971 3166 τῷ
987 3114 1102 3167 χρόνῳ

125 3232 140 3246 “
165 3229 323 3271 Quidam.
341 3231 417 3264 MSS.
437 3236 486 3265 καὶ
501 3235 536 3265 δι’
551 3234 588 3265 ὧν
603 3237 771 3274 ὠνόμασαν,
784 3237 832 3266 καὶ
848 3241 889 3276 τῷ
906 3238 1012 3275 εἰπεῖν,
1032 3243 1080 3277 τῇ.

125 3293 137 3305 ³
164 3288 186 3316 εἰ
203 3289 271 3328 γάρ.
292 3281 332 3314 Id
350 3290 415 3324 est,
434 3284 459 3314 si
490 3283 648 3326 apostolis
669 3283 792 3316 accidit
813 3292 848 3316 ut
873 3284 914 3317 de
940 3285 1083 3328 primatu

82 3333 337 3376 contenderent,
363 3333 467 3366 multo
494 3336 597 3376 magis
621 3334 772 3367 accidere
800 3342 949 3379 poterat,
968 3345 1002 3369 ιιι
1030 3338 1084 3379 qui

1527 177 1594 206 111.

2118 176 2177 222 29

1193 259 1378 310 detorquet
1395 266 1569 308 quantum
1595 264 1721 309 potest.
1741 258 1793 294 Ac
1822 269 1934 307 neque
1952 255 2033 293 illos
2063 255 2174 293 vehe-

1196 329 1330 357 menter
1351 319 1518 370 exagitat.
1543 319 1619 369 Qui
1626 318 1730 370 suit,
1758 316 1888 367 inquit,
1920 318 2000 353 dux
2028 329 2174 365 eorum,

1149 390 1173 420 C
1196 383 1264 432 qui
1295 380 1664 431 comprehenderunt
1693 378 1841 416 Jesum.
1879 379 1932 414 Ac
1964 376 2176 428 priusquam

1194 440 1303 490 dicat,
1325 441 1388 477 ubi
1405 440 1474 477 hoc
1491 438 1698 492 praedixerit
1721 437 1860 488 David,
1882 446 2003 474 narrat
2021 451 2099 487 quae
2119 437 2175 474 fe-

1194 500 1280 538 cerit
1309 500 1435 547 Judas,
1472 509 1512 537 ut
1540 513 1585 537 ex
1614 498 1848 551 praesentibus
1881 498 2001 535 futura
2029 496 2175 545 indicet,

1193 561 1422 612 ostendatque
1443 561 1561 612 ipsum
1585 561 1662 612 jam
1688 573 1808 612 poenas
1838 558 1988 597 dedisse.
2010 560 2073 596 17.
2101 559 2176 608 Qui

1193 629 1489 658 connumeratus
1505 629 1588 658 erat
1605 623 1645 657 in
1659 622 1780 665 nobis,
1801 628 1838 657 et
1852 621 2010 656 sortitus
2027 626 2084 655 est
2097 631 2175 655 sor-

1193 690 1268 718 tem
1287 684 1489 718 ministerii
1505 682 1631 732 lzujus.
1650 680 1712 718 18.
1732 681 1786 717 Et
1806 681 1868 716 hic
1881 679 2035 731 quidem
2048 691 2175 730 posse-

1191 741 1248 777 dit
1281 754 1416 790 agrum
1448 741 1496 777 de
1526 741 1696 777 mercede
1731 742 1962 791 iniquitatis.
1997 738 2174 776 Moralem

1189 798 1307 836 reddit
1325 813 1533 847 sermonem,
1550 808 1583 836 et
1603 799 1750 836 latenter
1777 798 1990 846 subindicat,
2002 813 2078 836 rem
2098 812 2175 836 esse

1190 859 1233 896 ad
1254 859 1511 909 correptionem
1540 867 1672 910 aptam.
1705 860 1785 896 Non
1815 858 1903 896 dicit
1923 859 2087 908 Judaeos,
2109 859 2174 897 sed

1190 918 1516 970 ipsumpossedisse
1533 932 1672 969 agrum.
1690 918 1784 964 Quia
1802 918 1897 955 enim
1910 918 2175 957 imbecillorum

1191 980 1301 1017 animi
1320 994 1389 1018 non
1422 981 1471 1017 ita
1504 980 1623 1017 futura
1654 988 1693 1016 ut
1723 979 1911 1031 praesentia
1940 979 2172 1030 perspiciunt,

1190 1040 1234 1078 de
1252 1041 1416 1093 praesenti
1434 1040 1566 1078 ultione
1592 1039 1764 1091 loquitur.
1781 1041 1837 1077 Et
1855 1053 2059 1090 suspensus
2088 1054 2175 1078 cre-

1188 1105 1272 1153 puit
1288 1102 1447 1139 medius.
1463 1103 1569 1139 Recte
1587 1115 1657 1138 nou
1675 1101 1712 1138 in
1726 1108 1882 1152 peccato,
1897 1098 1958 1136 sed
1976 1098 2012 1136 in
2039 1099 2176 1137 ultione

1189 1163 1332 1201 insistit.
1357 1165 1410 1201 Et
1427 1164 1561 1216 effusa
1577 1171 1680 1209 sunt,
1708 1161 1839 1212 inquit,
1862 1164 1991 1198 omnia
2019 1164 2175 1200 viscera

1190 1226 1284 1278 ejus.
1304 1224 1380 1261 Hoc
1393 1223 1464 1260 illis
1482 1222 1757 1261 consolationem
1773 1222 1972 1259 afferebam
1983 1222 2020 1260 9.
2036 1223 2089 1259 Et
2107 1236 2174 1259 no-

1190 1294 1270 1322 tum
1277 1286 1438 1337 factum
1455 1293 1511 1322 est
1524 1285 1701 1342 omnibus
1721 1285 1988 1320 habitantibus
2007 1284 2173 1321 Jerusa-

1191 1346 1278 1392 lem,
1296 1348 1353 1383 ita
1367 1354 1408 1383 ut
1425 1345 1688 1396 appellaretur
1702 1358 1795 1396 ager
1813 1343 1880 1380 ille
1894 1343 2029 1395 lingua
2044 1357 2175 1382 eorum

1189 1405 1425 1452 Aceldama,
1445 1407 1517 1442 hoc
1531 1413 1601 1451 est,
1622 1418 1714 1456 ager
1733 1405 1947 1454 sanguinis.

1240 1470 1277 1505 Ξ.
1299 1469 1320 1506 J
1324 1466 1417 1504 udaei
1435 1480 1517 1518 ergo
1531 1466 1600 1503 hoc
1620 1479 1747 1502 nomen
1766 1477 1851 1515 agro
1870 1463 2013 1514 dedere,
2037 1477 2107 1502 non
2128 1464 2175 1502 oh

1188 1541 1314 1579 agrum
1328 1527 1459 1579 ipsum,
1474 1526 1535 1564 sed
1551 1526 1596 1564 ob
1614 1527 1635 1565 J
1640 1526 1746 1564 udam
1768 1541 1776 1561 ε
1797 1539 1881 1562 nam
1896 1525 1926 1562 is
1939 1538 2025 1576 agro
2045 1539 2174 1563 nomen

1186 1590 1330 1627 indidit.
1350 1589 1398 1626 Et
1419 1598 1522 1626 testes
1541 1589 1645 1626 affert
1672 1586 1836 1625 inimicos
1855 1602 1862 1623 :
1890 1586 1929 1624 id
1947 1587 2043 1624 enim
2061 1587 2174 1638 signi-

1187 1651 1283 1700 ficat,
1305 1665 1387 1688 eum
1402 1649 1506 1699 dicit,
1528 1650 1623 1701 ipsos
1635 1647 1884 1700 appellavisse,
1911 1656 1944 1685 et
1963 1662 2045 1685 cum
2057 1647 2173 1697 addit,

1184 1714 1338 1765 Lingua
1369 1726 1512 1749 eorum.
1535 1710 1673 1749 Deinde
1695 1719 1774 1762 post
1807 1718 1988 1758 eventum,
2011 1710 2174 1762 apposite

1184 1772 1561 1825 prophetamadducit,
1574 1771 1695 1809 dicens
1708 1787 1715 1807 ι
1728 1772 1791 1809 ΞΟ.
1802 1770 1991 1822 Scriptum
2005 1780 2060 1808 est
2069 1773 2171 1808 enim

1184 1838 1226 1872 in
1245 1836 1341 1872 libro
1357 1835 1608 1872 Psalmorum
1626 1848 1637 1869 .·
1656 1835 1752 1870 Fiat
1769 1835 2019 1871 commoratio
2039 1846 2168 1870 eorum
2190 1841 2273 1871 Psal.
2290 1842 2340 1874 68.

1184 1896 1349 1941 deserta,
1370 1903 1406 1932 et
1420 1908 1498 1931 non
1525 1897 1575 1932 sit
1597 1896 1664 1945 qui
1679 1895 1870 1931 inhabitet
1885 1897 1926 1931 in
1942 1908 2001 1931 ea.
2032 1892 2109 1930 Hoc
2126 1893 2169 1930 de
2183 1882 2235 1912 ²6·

1184 1969 1268 2006 agro
1287 1965 1320 1993 et
1353 1955 1398 1993 de
1415 1955 1521 1993 domo
1543 1954 1689 1992 dicitur.
1709 1956 1764 1992 Et
1795 1957 2054 2006 episcopatum
2084 1956 2168 2006 ejzts

1183 2020 1351 2069 accipiat
1367 2018 1484 2062 altem
1499 2017 1566 2054 hoe
1577 2025 1640 2066 est,
1651 2015 1905 2068 principatum,
1917 2014 2167 2052 sacerdotium.

1183 2079 1308 2128 Itaque
1322 2078 1398 2114 haee
1414 2091 1484 2114 non
1499 2091 1577 2114 meo
1590 2076 1697 2125 fiunt,
1717 2075 1779 2113 sed
1797 2076 1884 2127 ejus,
1904 2075 1965 2125 qui
1982 2075 2058 2112 haec
2077 2090 2168 2127 prae-

1181 2138 1276 2175 dixit
1294 2168 1303 2185 ,
1324 2137 1484 2175 consilio.
1502 2138 1555 2174 Ne
1587 2137 1770 2174 videretur
1791 2136 1886 2173 enim
1906 2149 2072 2186 magnam
2094 2151 2169 2174 rem

1177 2199 1340 2250 aggredi,
1357 2207 1390 2235 et
1405 2198 1545 2248 qualem
1562 2197 1725 2234 Christus
1745 2197 1820 2248 ipse
1838 2196 1989 2245 fecisset,
2010 2197 2168 2249 prophe-

1179 2269 1252 2298 tam
1268 2270 1391 2298 testem
1409 2258 1567 2296 adhibet.
1581 2259 1644 2296 91.
1668 2258 1826 2308 Oportet
1844 2270 1947 2308 ergO,
1968 2257 2098 2308 inquit,
2119 2273 2168 2296 ex

1131 2344 1162 2368 25
1180 2322 1240 2359 leis
1267 2322 1392 2366 viris,
1431 2319 1499 2372 qui
1528 2320 1726 2355 nobiscum
1757 2326 1850 2354 sunt
1872 2320 2096 2369 congregati
2126 2321 2168 2355 in

1135 2382 1161 2410 Α
1181 2385 1286 2421 omni
1308 2391 1486 2433 tempore.
1507 2380 1581 2417 Cur
1599 2392 1682 2416 cum
1704 2378 1777 2416 illis
1806 2378 1874 2415 hoc
1895 2378 2135 2417 communicat
2148 2380 2166 2417 Ξ)

1179 2446 1230 2483 L’t
1240 2459 1283 2482 ne
1298 2443 1471 2481 contentio
1483 2442 1549 2479 hae
1567 2440 1611 2478 de
1620 2455 1657 2478 re
1673 2440 1838 2488 oriretur,
1859 2449 1893 2478 et
1909 2449 2083 2478 nemutuo
2093 2441 2166 2479 liti-

1178 2514 1313 2557 garent.
1324 2506 1416 2542 Nam
1431 2503 1459 2541 si
1468 2502 1506 2540 id
1520 2502 1607 2554 ipsis
1621 2500 1762 2549 accidit,
1775 2501 1888 2538 multo
1900 2502 2013 2552 magis
2028 2501 2101 2539 illis
2112 2516 2167 2540 ac—

1182 2566 1338 2604 cidisset.
1348 2566 1424 2602 Hoc
1433 2578 1517 2602 vero
1531 2576 1668 2614 semper
1679 2562 1828 2600 devitat.
1841 2561 1924 2600 Ideo
1939 2562 1974 2600 in
1985 2563 2165 2614 principio

1179 2627 1334 2675 dicebat,
1358 2628 1440 2663 Viri
1446 2627 1615 2678 fratres,
1639 2632 1785 2675 oportet
1801 2624 1939 2675 eligere
1970 2639 2016 2661 ex
2037 2627 2160 2662 nobis.

1179 2686 1409 2727 Multitudini
1437 2684 1611 2738 permittit
1628 2683 1822 2735 judicium,
1844 2684 1952 2720 simul
1989 2698 2062 2734 eos,
2101 2685 2163 2735 qui

1177 2749 1415 2800 eligebantur,
1449 2743 1668 2784 venerandos
1690 2742 1853 2792 reddens,
1873 2757 1979 2793 seque
2007 2743 2164 2782 liberans

1178 2810 1224 2847 ab
1239 2808 1389 2858 invidia,
1404 2821 1484 2857 quae
1497 2804 1651 2843 suboriri
1667 2813 1819 2856 poterat.
1836 2804 1930 2841 Nam
1945 2803 2019 2841 haec
2033 2818 2162 2855 magna

1177 2884 1268 2923 saepe
1290 2870 1403 2908 solent
1435 2880 1558 2920 parere
1589 2865 1696 2903 mala.
1716 2865 1822 2911 Quod
1853 2865 1963 2916 igitur
1995 2865 2045 2902 sie
2081 2865 2160 2903 fieri

1177 2940 1347 2984 oporteat,
1367 2928 1577 2982 prophetam
1606 2925 1754 2963 adducit
1774 2935 1899 2963 testem
1919 2941 1926 2961 ε
1951 2940 1994 2963 ex
2027 2925 2160 2976 quibus

1175 3007 1258 3030 vero
1280 2991 1487 3029 electionem
1506 2987 1584 3025 fieri
1607 2995 1780 3038 oporteat,
1810 2986 2063 3036 interpretatur
2083 2987 2160 3039 ipse

1175 3053 1311 3099 dicens,
1329 3052 1393 3089 Ex
1415 3053 1476 3096 iis,
1499 3051 1566 3100 qui
1584 3049 1781 3085 nobiscum
1812 3049 2034 3098 congregati
2049 3056 2154 3094 sunt,

1126 3123 1150 3154 Β
1175 3117 1217 3152 in
1236 3115 1341 3152 omni
1356 3121 1534 3163 tempore.
1554 3108 1594 3148 Si
1611 3107 1705 3145 enim
1720 3106 1885 3157 dixisset,
1901 3107 2038 3158 Dignos
2049 3121 2159 3159 opor-

1149 3232 1291 3277 eligendi
1314 3239 1410 3264 erant
1433 3231 1467 3262 in
1483 3228 1594 3261 locum
1609 3228 1628 3259 J
1632 3226 1704 3259 udae
1716 3253 1723 3267 ‚
1742 3227 1830 3260 inter
1850 3237 1884 3259 se
1901 3227 2153 3262 contenderent,

1195 3286 1210 3309 b
1235 3282 1349 3316 Morel.
1366 3282 1452 3315 solus
1469 3286 1514 3315 ἀεὶ
1530 3283 1577 3313 διὰ
1593 3283 1680 3312 τοῦτο
1696 3292 1770 3324 παρ.
