2502 3810
708 252 752 282 IN
790 252 930 282 EPIST.

971 250 1028 280 AD
1064 250 1172 280 ROM.

1211 249 1365 279 nomn.
1405 250 1532 281 xxm.
2058 237 2149 299 759

85 331 187 369 τόκου
211 345 250 368 σε
273 330 457 383 προεδρίαν
484 331 687 383 ἀφέλωμαι,
709 333 849 386 θάῤῥει·
874 331 1019 383 καὶγὰρ
1039 331 1100 378 τὴν
1125 333 1148 362 Β
1174 338 1225 367 tre
1251 330 1409 380 loquens.
1435 331 1474 369 Si
1495 331 1591 369 enim
1615 332 1729 378 timeS,
1761 332 1824 382 ait,
1847 345 1890 370 ne
1914 341 2059 384 propter
2081 333 2147 370 ho-

83 390 196 442 ἀρχὴν
212 392 313 427 αὐτοῦ
333 397 448 428 πᾶσαν
466 394 513 435 εἷς
530 391 591 436 τὰς
610 392 672 436 σὰς
689 393 810 443 τίθημι
825 398 944 444 χεῖρας
960 407 967 415 ·
1000 392 1102 441 μόνον

82 453 180 500 γενοῦ
197 449 354 500 βελτίων,
368 451 427 488 καὶ
444 451 535 503 φίλει
548 452 603 490 τὸν
620 452 712 490 οὐδὲν
729 453 939 498 ἠδικηκότα·
960 451 1019 489 καὶ
1034 450 1100 501 γὰρ

83 509 288 560 ἀμφοτέρων
307 509 471 559 κήδομαι.
501 512 571 549 Καὶ
595 512 696 550 τοῦτο’
716 528 758 562 με
774 512 928 561 μάλιστα
944 513 1102 562 εὐφρανεῖ

84 569 122 606 τὸ
143 568 190 618 μὴ
211 569 406 614 στασιάζειν
433 574 522 621 ὑμᾶς
540 572 625 624 πρὸς
648 572 829 617 ἀλλήλους.
847 571 1015 622 Καθάπερ
1035 570 1101 620 γὰρ

84 628 204 679 μήτηρ
219 629 442 681 φιλόστοργος
459 661 467 678 ,
487 631 575 668 οὕτω
589 631 648 669 καὶ
665 635 683 669 ὁ
698 631 787 674 Θεὸς
801 632 918 669 πάντα
934 636 1025 669 ποιεῖ
1042 631 1101 668 καὶ

85 695 288 740 μηχανᾶται
306 689 396 729 ὥστε
415 691 547 742 μηδένα
567 694 806 745 ἀπορραγῆναι
824 691 979 744 θατέρου.

137 879 215 918 Ἵνα
231 880 267 919 δὲ
285 881 344 919 καὶ
364 882 572 936 σαφέστερον
587 883 645 921 ἐπὶ
663 883 946 934 παραδείγματος
975 881 991 919 ὃ
1010 880 1102 931 λέγω

87 938 216 991 μάθῃς,
233 940 390 986 ἐννόησόν
409 957 468 991 μοι
479 942 540 989 τὴν
557 942 747 980 Ῥεέέκκαν
766 941 1031 992 Θορυὸουμένην,
1043 940 1102 977 καὶ

84 1004 264 1050 πανταχοῦ
281 1000 567 1051 περιτρέχουσαν,
583 1001 639 1038 ὅτε
656 1004 673 1038 ὃ
688 1000 919 1052 πρεσὸύτερος
938 998 1102 1048 ἐπολέμει

84 1060 134 1108 τῷ
153 1058 308 1110 νεωτέρῳ
338 1059 449 1096 παιδί.
471 1061 515 1096 Εἰ
547 1059 613 1111 γὰρ
633 1059 692 1096 καὶ
720 1058 830 1109 ἐφίλει
864 1058 920 1094 τὸν
950 1055 1103 1102 Ἰακὼὸ,

83 1118 161 1154 ἀλλ’
181 1117 255 1154 οὐδὲ
273 1118 330 1155 τὸν
351 1117 463 1155 (Ησαῦ
482 1119 717 1170 ἀπεστρέφετο
732 1133 739 1140 “
763 1118 814 1155 διὸ
830 1116 890 1154 καὶ
904 1116 1002 1167 ἔλεγε
1014 1146 1024 1163 ,
1039 1115 1102 1161 Μή

84 1192 158 1220 πως
174 1178 356 1214 ἀτεκνωθῶ
375 1179 414 1215 ἐκ
433 1180 501 1215 τῶν
531 1178 589 1216 δύο

83 1235 125 1282 δὴ
145 1241 244 1274 τοῦτο
266 1236 325 1274 καὶ
344 1239 361 1274 ὁ
377 1237 465 1279 Θεὸς
480 1238 557 1275 τότε
582 1238 696 1288 ἔλεγεν
709 1254 716 1261 ·

622 1177 862 1193 (((((

897 1216 903 1229 Α
939 1182 1014 1227 μιᾷ.
1036 1175 1105 1213 Διὰ

732 1237 934 1289 υΗμαρτες5
950 1235 1106 1288 (Ησύχω

84 1312 157 1343 σον,
175 1297 260 1349 πρὸς
292 1296 329 1336 σὲ
348 1300 369 1343 ἡ
391 1299 594 1350 ἀποστροφὴ
629 1301 731 1336 αὐτοῦ
744 1327 753 1345 ,
769 1297 832 1343 τὴν
865 1296 1000 1349 σφαγὴν
1021 1311 1105 1348 προ-

84 1357 317 1404 αναστέλλων,
338 1358 396 1395 καὶ
417 1357 479 1404 τὴν
503 1358 641 1409 εἰρήνην
662 1358 868 1410 ἀμφοτέρων
898 1358 1010 1395 αὐτῶν
1030 1358 1104 1394 ἐπι·

85 1419 210 1464 ζητῶν.
232 1417 379 1464 Ἐπειδὴ
403 1417 437 1455 δὲ
468 1418 568 1455 αὐτὸν
589 1418 814 1470 κατέσφαξεν,
830 1417 907 1455 οὖδὲ
934 1416 1024 1454 οὕτω
1043 1432 1105 1454 κα-

85 1477 207 1515 τέλυσε
234 1477 298 1523 τὴν
318 1478 397 1529 περὶ
414 1480 516 1516 αὐτοῦ
539 1477 717 1530 πρόνοιαν,
735 1478 825 1516 ἀλλὰ
845 1477 948 1515 πάλιν
967 1476 1106 1529 ἡμέρως

87 1537 312 1589 ἀποκρίνεται
348 1540 398 1589 τῷ
439 1538 680 1590 ἀδελφοκτόνῳ
695 1569 704 1586 ,
740 1537 851 1589 λέγων
869 1552 876 1560 ·
906 1538 982 1574 Ποῦ
1014 1539 1106 1574 ἐστιν

86 1597 191 1636 Ἄὸελ
206 1602 223 1636 ὁ
239 1598 382 1650 ἀδελφός
403 1614 482 1645 σου5
501 1597 555 1635 ἵνα
576 1598 639 1636 κᾶν
668 1598 775 1640 οὕτως
794 1596 1103 1647 ἐξομολογήσηται.

87 1657 131 1696 ‘O
151 1658 187 1695 δὲ
211 1659 458 1710 ἐπαγωνίζεται
485 1665 555 1702 τοῖς
577 1659 778 1712 προτέροις,
800 1657 938 1708 μείζονα
967 1656 1025 1693 καὶ
1043 1671 1108 1708 χα-

86 1718 268 1769 λεπώτερα
289 1721 540 1770 ἀναισχυντῶν.
558 1719 648 1757 Ἀλλ’
666 1718 741 1757 οὐδὲ
760 1718 866 1760 οὕτως
889 1720 906 1754 ὁ
922 1717 1012 1759 Θεὸς
1032 1715 1109 1767 ἀφί-
1128 1720 1153 1749 D

85 1794 231 1825 σταται,
252 1778 340 1816 ἀλλὰ
369 1780 428 1816 καὶ
447 1779 551 1817 πάλιν
584 1782 728 1831 ἐραστοῦ
751 1778 936 1830 φθέγγεται
968 1776 1107 1829 ῥήματα

86 1838 293 1890 ὑδρισμένου
322 1839 381 1877 καὶ
414 1839 756 1891 καταφρονουμένου,
776 1838 836 1877 καί
857 1854 942 1890 φησι
957 1853 964 1861 ·
996 1837 1105 1884 Φωνὴ

87 1898 232 1949 αἵματος
248 1904 308 1938 τοῦ
325 1901 472 1951 ἀδελφοῦ
491 1916 549 1938 σου
572 1903 635 1952 βοᾷ
654 1900 739 1952 πρός
761 1916 816 1950 με.
832 1899 902 1937 Καὶ
921 1898 1027 1936 πάλιν
1045 1901 1108 1944 τῆς

85 1962 149 2009 γῆς
162 1959 379 1998 καθάπτεται
396 1961 485 2010 μετὰ
501 1964 559 1998 τοῦ
572 1960 840 2012 πεφονευκότος,
861 1960 907 2001 εἷς
924 1957 1031 2004 αὐτὴν
1050 1958 1107 1996 τὸν

87 2019 228 2068 ουμὸν’
210 2035 339 2070 αφιεις,
354 2019 412 2058 καὶ
424 2020 545 2071 λέγων·
560 2020 874 2072 Ἐπικατάρατοςὴ
891 2021 955 2068 γῆ,
968 2035 989 2065 η
1006 2017 1108 2069 ἔχανε

86 2080 125 2117 τὸ
140 2079 251 2128 στόμα
268 2082 372 2127 αὐτῆς
385 2080 544 2124 δέξασθαι
558 2081 597 2119 τὸ
614 2085 700 2131 αἱμα
715 2086 774 2119 τοῦ
793 2081 938 2130 ἀδελφοῦ
957 2094 1035 2125 σου,
1049 2078 1108 2116 καὶ

87 2155 165 2183 τους
191 2143 447 2184 ἀνακαλοῦντας
464 2142 690 2192 μιμούμενος·
710 2141 726 2179 ὃ
742 2141 801 2178 καὶ
822 2144 840 2178 ὃ
856 2139 995 2177 Δαυὶδ’
981 2138 1106 2186 εποίει,

85 2204 144 2237 τοῦ
178 2200 294 2238 Σαοὺλ
312 2201 488 2243 πεσόντος.
514 2201 582 2238 Καὶ
614 2201 681 2253 γὰρ
714 2200 773 2238 καὶ
803 2202 930 2242 ἐκεῖνος
947 2206 1018 2243 τοῖς
1049 2200 1108 2236 δε-

87 2258 243 2310 ξαμένοις
259 2260 322 2307 τὴν
343 2261 477 2312 σφαγὴν
495 2261 783 2315 ὄρεσιν’ἐπηρᾶτο
800 2259 910 2311 λέγων
923 2275 931 2283 ·
946 2259 1041 2311 ’Όρη
1063 2258 1107 2297 τὰ

83 2320 234 2358 Γλὸχ
303 2321 392 2343 ‚ig
472 2320 716 2358 ’,εωδν
862 2319 988 2348 κὲεςῑ
1057 2319 1151 2355 (ιΕ

116 2336 131 2357 ε
180 2335 253 2365 ουε,
276 2337 324 2370 μη
348 2336 448 2358 πεσοι
467 2337 507 2372 εφ
546 2337 637 2371 υμας
680 2336 777 2372 ροσος
807 2336 893 2370 μηοε
920 2335 1032 2366 υετος,
1053 2335 1105 2357 οτι

84 2380 155 2417 ἐκεῖ
174 2379 297 2431 ἐξήρθη
316 2380 429 2426 σκέπη
452 2382 616 2418 δυνατῶν.
635 2380 741 2418 Οὕτω
760 2381 820 2418 καὶ
837 2382 854 2417 ὃ
877 2379 965 2424 Θεὸς
987 2379 1105 2432 ὥσπερ

84 2439 161 2478 τινὰ
179 2444 193 2460 ³
207 2440 376 2492 μονῳδίαν
397 2441 486 2493 ᾄδων
518 2441 620 2493 φησί·
649 2440 760 2487 Φωνὴ
781 2445 840 2479 τοῦ
874 2439 1020 2491 αἵματος
1046 2445 1106 2480 τοῦ

86 2501 233 2551 ἀδελφοῦ
258 2515 317 2538 σου
341 2503 405 2552 βοα
428 2501 513 2553 πρός
539 2517 600 2552 με,
625 2501 683 2538 καὶ
709 2506 765 2539 νῦν
786 2501 1041 2552 ἐπικαταρατος
1061 2516 1100 2539 συ

88 2559 156 2597 ἀπὸ
185 2575 246 2605 της
264 2576 344 2611 γης,
367 2561 390 2607 ἣ
410 2560 511 2615 ἔχανε
537 2561 576 2598 τὸ
599 2560 710 2611 στόμα
743 2561 848 2606 αὖτης
878 2561 1037 2605 ’δέξασθαι
1064 2561 1104 2598 τὸ

89 2623 177 2670 αἱμα
197 2624 256 2657 τοῦ
287 2621 433 2672 ἀδελφοῦ
461 2636 521 2659 σου
548 2622 587 2658 ἐκ
606 2637 667 2667 της
686 2620 801 2672 χειρός
826 2636 899 2659 σου.
922 2623 1044 2658 Ταῦτα
1069 2620 1104 2659 δὲ

88 2679 185 2731 ἔλεγε
204 2680 450 2718 καταστέλλων
468 2682 570 2719 αυτοῦ
595 2680 652 2718 τὸν
672 2681 776 2731 θυμὸν
798 2680 935 2728 ζέοντα,
953 2680 1012 2718 καὶ
1033 2680 1104 2718 πεί-

701 2717 876 2784 ἸΕσὲεσας
906 2744 1009 2778 αὐτοῦ
1043 2740 1105 2788 τὴν

90 2801 192 2849 ζωὴν,
213 2802 314 2853 φησὶ,
335 2801 369 2839 τί
385 2818 447 2847 την
475 2801 602 2853 ἔχθραν
625 2801 745 2839 λοιπὸν
766 2817 803 2839 ου
827 2801 1105 2848 κατασὸεννυεις5

90 2861 194 2900 Ἀλλὰ
212 2862 246 2900 τί
265 2867 376 2911 ποιεῖ5
402 2863 569 2900 Κάκεῖνον
590 2863 680 2936 φιλεῖ
699 2861 758 2899 καὶ
785 2867 926 2900 τοῦτον·
955 2861 1132 2918 ἀμφοτέ-6

89 2744 157 2779 θων
186 2741 250 2779 κᾶν
281 2741 474 2779 ἀπελθόντα
507 2743 663 2793 φιλῆσαι.

1172 393 1276 429 stiam
1317 391 1546 443 primogeniti
1577 392 1852 444 praerogativam
1877 407 1897 430 a
1920 401 1953 430 te
1970 393 2147 431 auferam:

1172 453 1325 502 confide,
1339 467 1476 492 omnem
1488 455 1662 505 siquidem
1683 455 1920 507 principatum
1931 455 1967 492 in
1985 455 2092 494 illum
2110 455 2149 495 in

1172 526 1297 549 manus
1307 527 1399 564 pono
1415 523 1491 551 tuas
1509 530 1516 551 :
1540 522 1676 552 tantum
1696 515 1821 552 melior
1831 515 1974 562 evadas,
1988 525 2021 553 et
2040 514 2151 567 dilige

1171 585 1253 610 eum
1271 573 1332 623 qui
1350 574 1386 610 in
1403 574 1502 611 nullo
1527 583 1561 612 te
1582 574 1671 611 laesit
1687 590 1694 610 ε
1725 589 1807 612 nam
1824 575 2009 625 utriusque
2029 590 2151 613 curam

1173 646 1267 683 gero.
1279 634 1326 670 Et
1337 634 1404 671 hoc
1415 634 1504 672 mihi
1519 635 1673 672 maxime
1682 635 1811 685 gaudio
1822 636 1900 684 erit,
1915 637 1943 674 si
1954 636 2045 674 nihil
2060 637 2151 674 inter

1172 707 1236 731 vos
1245 693 1449 732 sitdissidii.
1463 695 1565 733 Sicut
1574 695 1667 734 enim
1685 705 1796 734 mater
1809 697 1921 747 prolis
1944 712 2078 743 amans,
2100 698 2150 735 sic

1171 763 1206 792 et
1218 756 1314 794 Deus
1331 756 1450 794 omnia
1475 757 1559 794 facit
1585 766 1622 796 et
1644 757 1879 807 machinatur,
1900 768 1938 797 ut
1953 773 1995 798 ne
2007 759 2086 810 quis
2106 760 2151 797 ab

1172 814 1281 852 altero
1309 815 1517 855 divellatur.

1227 876 1264 912 5.
1282 876 1333 912 Ut
1351 884 1470 912 autem
1487 874 1538 924 id,
1561 875 1659 925 quod
1678 875 1773 925 dico,
1784 890 1846 928 per
1863 877 2068 929 exemplum
2082 879 2154 916 cla—

1173 933 1245 970 rius
1262 934 1452 985 percipias:
1467 934 1581 984 cogita
1602 935 1693 971 mihi
1714 936 1907 974 Rebeccam
1925 938 2104 975 turbatam
2122 948 2156 975 et

1174 992 1330 1042 undique
1348 993 1696 1042 circumcursantem‚
1723 1009 1804 1032 cum
1826 997 1938 1047 major
1964 997 2071 1034 frater
2097 1000 2155 1049 ju-

1172 1053 1308 1089 niorem
1328 1052 1572 1104 impugnabat.
1591 1055 1668 1092 Etsi
1688 1055 1781 1092 enim
1800 1057 1974 1094 Jacobum
2007 1067 2153 1107 amaret,

1176 1110 1272 1148 Esaii
1301 1121 1418 1149 tamen
1445 1126 1515 1149 non
1548 1113 1779 1151 aversabatur
1794 1130 1802 1150 :
1820 1114 1899 1152 ideo
1918 1115 2058 1153 dicebat
2074 1132 2081 1152 :
2099 1118 2158 1154 Ne
2174 1125 2252 1152 Itid.
2269 1133 2317 1161 27·

1170 1172 1276 1222 forte
1291 1173 1438 1209 duobus
1449 1172 1555 1223 filiis
1578 1185 1656 1210 una
1677 1175 1740 1211 die
1763 1177 1884 1213 orher.
1911 1175 1992 1213 Ideo
2010 1185 2046 1213 et
2061 1177 2157 1215 Deus
2172 1165 2222 1203 '⁴5'

1175 1239 1259 1268 tunc
1273 1231 1432 1269 dicebat:
1445 1234 1623 1270 Peccasti
1631 1237 1647 1269 P
1663 1234 1840 1284 Quiesce:
1851 1236 1949 1273 adte
1962 1240 2158 1275 conversio
2174 1239 2252 1266 ΠΜ-
2265 1236 2293 1278 4·
2307 1251 2321 1278 7
2330 1258 2338 1267 ·

1175 1293 1337 1343 ejuserit
1346 1307 1361 1335 ;
1376 1291 1426 1329 sic
1447 1291 1578 1329 caedem
1598 1302 1755 1331 avertere
1777 1295 1950 1342 volens‚et
1963 1309 2085 1347 pacem
2101 1297 2158 1334 in—
2172 1290 2235 1317 sqq.

1175 1359 1228 1388 ter
1244 1352 1367 1389 ambos
1381 1366 1550 1402 quaerens.
1567 1354 1761 1403 Postquam
1776 1369 1860 1392 vero
1879 1355 1983 1392 illum
1998 1357 2084 1394 Cain
2100 1371 2159 1395 oc-

1175 1410 1333 1460 cidisset3
1355 1426 1468 1462 neque
1500 1413 1550 1449 sic
1572 1413 1796 1463 providentia
1825 1429 1887 1452 sua
1918 1415 2021 1453 illum
2044 1416 2158 1454 desti—

1175 1470 1258 1519 tuit,
1276 1471 1337 1508 sed
1369 1485 1491 1508 rursus
1516 1481 1696 1509 mansuete
1724 1473 1915 1511 fratricidae
1932 1475 2090 1524 loquitur
2105 1476 2158 1513 di—

1177 1545 1276 1569 cens:
1293 1533 1368 1568 Ubi
1380 1540 1436 1568 est
1446 1531 1487 1567 A
1491 1532 1552 1568 bel
1554 1533 1692 1583 frater
1707 1541 1793 1571 tuus
1804 1537 1820 1570 P
1834 1543 1873 1571 ut
1888 1534 1955 1571 hoc
1969 1543 2070 1586 pacto
2084 1550 2160 1574 rem

1178 1591 1414 1629 confiteretur.
1430 1591 1496 1628 Ille
1524 1605 1608 1629 vero
1629 1601 1666 1629 ut
1697 1593 1797 1644 prius
1830 1603 2024 1643 concertat,
2052 1595 2160 1646 idque

1178 1666 1259 1689 cum
1278 1652 1411 1704 majore
1438 1661 1471 1689 et
1501 1652 1663 1703 graviore
1692 1653 1926 1722 impudentia.
1952 1655 2023 1694 Sed
2048 1670 2160 1707 neque

1178 1713 1228 1750 sic
1246 1712 1388 1750 absistit
1407 1714 1522 1761 Deus;
1541 1712 1613 1750 imo
1625 1727 1747 1751 rursus
1766 1724 1900 1752 amat01
1902 1729 1931 1752 1s
1948 1718 2160 1754 contumelia

1177 1773 1295 1810 affecti
1316 1782 1350 1810 et
1378 1772 1535 1824 despecti
1568 1774 1675 1811 ve1ba
1693 1775 1788 1824 facit,
1809 1775 1948 1825 aitque:
1963 1778 2000 1813 V
1997 1790 2046 1814 ox
2070 1791 2159 1815 san-

1177 1836 1303 1884 guinis
1323 1835 1460 1884 fratris
1483 1836 1540 1870 tui
1557 1834 1703 1872 clamat
1717 1836 1770 1872 ad
1783 1849 1851 1873 me.
1869 1839 1921 1873 Ac
1939 1851 2062 1874 rursus
2079 1852 2160 1875 cum

1177 1893 1358 1930 homicida
1384 1902 1513 1930 terram
1532 1893 1646 1944 ipsam
1666 1894 1881 1945 perstringit,
1896 1895 1932 1933 in
1953 1896 2052 1933 illam
2071 1897 2160 1934 iram

1177 1953 1339 1990 emittens
1372 1966 1486 2002 suam,
1517 1952 1639 1990 dicens
1654 1954 1890 1992 :Alaledicta
1928 1964 2044 2002 terra,
2075 1971 2160 2007 quce

1179 2016 1310 2065 aperui
1314 2022 1327 2051 t
1344 2027 1384 2051 os
1398 2027 1508 2051 suum
1524 2022 1565 2051 ιιι
1581 2018 1769 2065 exciperet
1783 2018 2009 2066 sanguinem
2017 2017 2160 2067 fratris

1179 2076 1236 2111 tui
1249 2090 1258 2121 3
1281 2073 1438 2111 imitatus
1460 2087 1530 2119 eos,
1560 2073 1622 2123 qui
1652 2087 1752 2111 casus
1774 2074 1974 2127 deplorant.
1993 2076 2036 2113 Id
2065 2077 2160 2126 quod

1176 2135 1283 2172 etiam
1312 2134 1430 2173 David
1456 2135 1620 2185 faciebat,
1652 2127 1837 2187 postquam
1856 2137 1944 2175 Sa'ul
1971 2138 2157 2176 ceciderat.

1178 2196 1271 2232 Nam
1291 2204 1325 2232 et
1338 2194 1398 2232 ille
1412 2195 1608 2241 montibus,
1628 2196 1689 2245 qui
1708 2196 1913 2246 sanguinem
1933 2208 2157 2249 exceperant,

1177 2255 1410 2293 maledicebat
1424 2255 1480 2292 his
1493 2255 1791 2295 verbiszMontes
1811 2258 1966 2306 Gelboe,
1981 2272 2027 2295 ne
2041 2260 2159 2297 cadat
2176 2266 2204 2286 2·
2230 2259 2307 2296 Rvg.
2333 2269 2358 2288 ¹·

1176 2329 1287 2367 super
1305 2329 1377 2353 vos
1402 2329 1479 2365 ros,
1516 2330 1584 2353 nec
1608 2317 1758 2367 pluvia,
1782 2320 1957 2369 quia-ibi
1986 2308 2224 2371 projecta²¹'

1175 2387 1265 2416 sunt
1283 2380 1582 2431 scuta-fortium.
1605 2379 1658 2416 Ita
1679 2387 1712 2416 et
1732 2380 1828 2416 Deus
1845 2380 1946 2430 quasi
1976 2380 2161 2419 funebrem

1175 2448 1318 2477 cantum
1353 2439 1470 2487 edens,
1494 2438 1562 2476 ait:
1584 2439 1667 2476 Vox
1698 2442 1900 2491 sanguinis
1936 2442 2077 2493 fratris
2105 2446 2162 2480 tui

1174 2500 1320 2538 clamat
1337 2500 1390 2536 ad
1403 2513 1472 2536 me.
1486 2500 1539 2536 Et
1554 2512 1657 2536 ηιιηο
1677 2500 1905 2538 maledictus
1920 2509 1960 2538 tu
1975 2502 2022 2539 de
2038 2510 2156 2547 terra,

1175 2574 1261 2612 quae
1285 2561 1435 2610 aperuit
1454 2572 1496 2595 os
1514 2572 1626 2596 suum
1646 2560 1701 2596 ad
1716 2562 1983 2610 excipiendum
2004 2565 2160 2613 sangui-

1177 2634 1263 2657 nem
1271 2621 1411 2671 fratris
1427 2621 1484 2655 tui
1502 2619 1548 2655 de
1566 2632 1685 2655 manu
1702 2627 1782 2656 tua.
1796 2619 1880 2657 Haec
1897 2635 2004 2671 porro
2019 2622 2160 2660 dicebat

1176 2680 1459 2718 effervescentem
1485 2677 1582 2714 illius
1611 2678 1766 2715 furorem
1793 2680 2002 2730 reprimens,
2018 2690 2051 2718 et
2075 2695 2158 2719 sua—

1177 2739 1264 2777 dens
1283 2748 1323 2775 ut
1341 2738 1399 2776 vel
1417 2737 1624 2774 defunctum
1643 2737 1818 2789 diligeret.
1845 2739 1946 2776 Illius
1967 2739 2080 2777 vitam
2099 2755 2159 2779 cx-

1178 2798 1348 2845 stinxisti‚
1359 2796 1419 2844 ait,
1433 2810 1496 2834 cur
1514 2796 1739 2834 inimicitiam
1756 2798 1910 2850 nonJan1
1931 2799 2158 2850 exstinguis?

1135 2858 1250 2919 93Sed
1275 2856 1362 2908 quid
1389 2856 1474 2894 facit
1498 2855 1623 2893 Deus?
1644 2857 1690 2893 Et
1714 2856 1817 2894 illum
1836 2866 1869 2894 et
1892 2858 1988 2895 hunc
2020 2859 2157 2911 diligit:

92 2937 168 2973 ρους
183 2922 251 2975 γὰρ
279 2923 380 2965 αὐτος
407 2922 558 2960 ἔπλασε·
576 2937 610 2959 τι
626 2937 702 2959 ουν
695 2921 941 2973 ,ἀτιμώρητον
959 2923 1027 2972 ἀφῇ
1049 2921 1105 2958 τὸν
1120 2894 1166 2959 6A3
1178 2927 1367 2968 utrumque
1393 2916 1487 2953 enim
1519 2915 1581 2952 ille
1608 2916 1935 2967 eff01mavit:qui‹l
1960 2920 2161 2969 e1g0?im-

89 2981 345 3033 πεφονευκότα,
361 2981 466 3020 Ἀλλὰ
492 2981 618 3034 χείρων
649 2981 688 3019 ἂν
711 2981 855 3031 εγένετο.
876 2980 980 3019 Αλλα
999 2981 1107 3019 κολα-

90 3056 161 3088 σει5
176 3041 280 3079 Ἀλλὰ
306 3043 437 3095 πατρός
456 3044 531 3080 ἐστι
550 3042 864 3095 φιλοστοργότερος.
878 3041 975 3095 εὈρα
994 3041 1105 3080 τοίνυν

88 3104 163 3145 πῶς
180 3101 239 3139 καὶ
257 3103 417 3148 κολάζει,
437 3103 496 3140 καὶ
520 3102 582 3149 τὴν
604 3102 742 3154 ἀγάπην
765 3102 977 3140 ἐνδείκνυται
996 3102 1054 3139 καὶ
1072 3104 1106 3139 ἐν

93 3162 187 3213 αῧτῷ
202 3162 331 3214 τούτῳ·
354 3164 484 3213 μᾶλλον
511 3163 545 3200 δὲ
564 3163 640 3201 οὐδὲ
662 3164 819 3211 κολάζει,
843 3162 932 3201 ἀλλὰ
960 3163 1108 3214 διορθοῦ-

93 3237 151 3259 ται
172 3221 288 3272 μόνον.
308 3222 400 3260 Οὐδὲ
419 3223 487 3275 γὰρ
506 3222 707 3262 ἀπέκτεινεν
730 3223 845 3271 αὐτὸν,
863 3224 938 3261 ἀλλ’
961 3222 1108 3268 ἐπέδησε

142 3345 154 3358 ³
179 3333 233 3367 Sic
250 3335 328 3366 Mss.
341 3333 430 3366 Editi
449 3345 525 3367 vero
543 3339 687 3379 μονῳδίαν
701 3333 791 3380 αἵγ’ων.

314 3410 408 3434 ΤΟΜ.
443 3411 494 3434 lx.

1176 2979 1386 3031 punitumne
1406 2976 1624 3015 homicidam
1657 2977 1858 3027 relinquat.
1850 2978 1867 3002 9
1888 2981 1932 3015 At
1952 2979 2002 3016 sic
2020 2980 2080 3017 ille
2099 2996 2161 3032 pe-

1172 3041 1230 3091 jor
1251 3039 1323 3076 fiet.
1345 3042 1398 3075 An
1413 3037 1566 3089 puniet?
1583 3038 1628 3073 At
1643 3045 1744 3088 patre
1760 3037 1888 3087 quovis
1906 3039 2081 3076 amantior
2098 3050 2160 3085 est,

1177 3099 1273 3139 Vide
1295 3098 1405 3149 igitur
1426 3096 1605 3147 quomodo
1628 3105 1660 3133 et
1680 3096 1807 3148 puniat
1829 3097 1935 3134 simul
1955 3106 1987 3135 et
2008 3113 2163 3138 amorem

1177 3160 1342 3198 exhibeat
1351 3175 1362 3209 5
1377 3158 1543 3197 imovero
1559 3171 1628 3194 non
1644 3157 1758 3208 punit,
1771 3157 1832 3194 sed
1850 3158 1998 3209 corrigit
2013 3168 2163 3199 tantum.

1178 3223 1297 3271 Neque
1315 3220 1408 3257 enim
1427 3217 1556 3258 oceidit
1589 3217 1702 3267 illum,
1729 3216 1789 3256 sed
1818 3226 1968 3257 tremore
1988 3220 2164 3258 constrin—

1960 3394 2009 3431 52
