2502 3810
846 255 1029 286 JOANNJS
1064 255 1301 284 CHRYSOST.

353 246 447 304 664
771 258 808 286 s.

351 346 411 382 illa
425 345 499 395 ipsa
513 351 657 394 propter
672 340 867 387 Christum,
885 347 918 376 et
935 338 980 376 ad
996 339 1115 391 ipsum
1133 339 1249 377 solum
1278 352 1331 376 re-

349 404 542 456 spiciebat:
561 415 741 452 unumque
764 401 938 449 timebat,
963 415 1006 438 ne
1031 414 1075 437 ex
1101 400 1162 437 illa
1187 400 1332 437 caritate

346 463 534 502 excideret.
551 463 626 500 Hoc
642 462 735 499 euim
755 461 809 499 illi
826 461 882 499 vel
894 461 968 513 ipsa
987 461 1145 512 gehenna
1159 461 1330 498 formida-

345 525 453 562 bilius
478 533 562 572 erat,
588 523 890 575 quemadmodum
913 533 947 561 et
974 523 1011 560 in
1037 523 1100 560 illo
1125 523 1326 574 persistere,

344 600 452 637 regno
476 584 759 623 desiderabilius.
790 584 889 630 Quid
918 597 1000 635 ergo
1025 597 1088 621 nos
1113 598 1325 630 mercamur,

343 647 419 698 qui,
433 646 574 698 quando
590 646 722 683 Paulus
736 659 778 682 ne
794 645 944 682 caelestia
957 644 1102 695 quidem
1116 659 1197 682 cum
1209 658 1329 682 amore

345 708 478 747 Christi
497 716 698 759 comparata
716 707 752 744 in
770 706 884 758 pretio
901 705 1022 755 habet,
1044 719 1083 743 ea
1102 720 1180 756 quae
1199 705 1235 742 in
1250 705 1326 743 luto

344 779 376 807 et
391 784 488 808 coeno
504 779 597 816 sunt,
617 768 758 807 Christo
778 767 996 820 praeferimus
1012 767 1029 804 Ξ)
1048 775 1081 804 et
1101 767 1162 803 ille
1181 765 1324 816 quidem

1342 253 1530 284 ARCHIEP
1539 276 1549 284 .
1587 255 1754 285 CONSTA
1763 257 1924 287 NTINOP
1934 277 1942 286 .

1402 579 1522 631 εἴημεν
1544 581 1631 626 ἄξιοι
1649 581 1769 619 λοιπὸν
1791 586 1891 631 ἡμεῖς
1906 612 1915 629 ,
1939 581 2019 619 ὅταν
2040 583 2166 625 ἐκεῖνος
2189 581 2250 633 μὲν
2273 583 2360 633 μηδὲ
2379 583 2422 620 τὰ

1401 641 1434 677 ἓν
1447 647 1516 684 τοῖς
1532 643 1684 693 οὐρανοῖς
1705 642 1864 693 Θαυμάζῃ
1883 642 1968 695 πρὸς
1984 641 2040 680 τὸν
2061 647 2120 680 τοῦ
2134 643 2288 694 Χριστοῦ
2305 643 2422 690 πόθον,

1401 705 1500 751 ἡμεῖς
1537 703 1572 741 δὲ
1600 703 1644 741 τὰ
1682 707 1715 742 ἐν
1752 706 1802 755 τῷ
1841 704 1998 755 βορδόρῳ
2040 703 2100 741 καὶ
2141 707 2190 754 τῷ
2221 705 2324 756 πηλῷ
2361 708 2420 741 τοῦ

1400 763 1551 813 Χριστοῦ
1571 767 1798 815 προτιμῶμεν
1812 780 1820 811 ;
1836 766 1991 807 κάκεῖνος
2009 763 2070 814 μὲν
2086 763 2142 801 διὰ
2164 764 2220 801 τὸν
2236 764 2339 802 πόΟον
2363 765 2421 802 αὖ·

342 840 485 883 propter
509 831 584 883 ejus
606 843 762 867 amorem
788 829 824 866 in
848 826 1043 880 gehennam
1070 826 1224 864 incidere
1242 841 1324 864 con·
1339 852 1384 875 60,
1399 826 1458 859 τῡῧ
1479 824 1536 860 καὶ
1567 827 1614 867 εἷς
1639 825 1775 876 γέενναν
1812 827 1975 875 ἐμπεσεῖν
1996 824 2247 876 καταδέχεται,
2275 825 2334 863 καὶ
2357 828 2420 876 βα-

340 892 457 940 5011111,
470 901 573 943 atque
588 905 606 928 3
626 899 733 942 regno
752 889 928 939 excidere,
944 889 972 926 si
991 898 1180 939 utrumque
1196 901 1324 940 propo·
1350 888 1375 917 A
1400 883 1529 927 σιλείας
1553 887 1724 931 ἐκπεσεῖν,
1747 885 1778 923 εἴ
1798 901 1838 936 γε
1859 885 2038 937 ἀμφότερα
2068 889 2178 922 ταῦτα
2209 885 2394 937 προύκειτο
2412 902 2420 909 ·

341 962 508 1001 neretur3
537 966 600 990 nos
627 965 712 989 vero
739 965 850 1002 neque
874 959 1079 1002 praesentem
1106 949 1218 987 vitam
1243 963 1325 986 con-

339 1013 558 1051 temnimus?
575 1015 629 1050 An
648 1013 704 1051 vel
718 1013 794 1064 ejus
810 1010 1053 1050 calceamentis
1068 1010 1168 1061 digni
1188 1024 1324 1057 sumus,

341 1074 402 1124 qui
427 1083 564 1112 tantum
588 1074 633 1111 ab
659 1073 734 1125 ejus
761 1071 871 1109 animi
895 1071 1096 1123 praestantia
1125 1070 1323 1108 distemus?

337 1135 402 1172 llle
422 1149 463 1173 ne
479 1149 626 1186 reguum
644 1133 789 1185 quidem
806 1132 943 1183 aliquid
962 1146 1035 1170 esse
1052 1139 1166 1169 censet
1181 1140 1324 1183 propter

340 1196 547 1245 Christum3
582 1210 643 1234 nos
674 1209 758 1234 vero
793 1194 976 1232 Christum
1006 1193 1234 1245 despicimus,
1268 1208 1323 1230 res

339 1267 457 1295 autem
474 1258 572 1295 illius
591 1257 709 1308 magui
729 1255 888 1293 facimus.
913 1257 1028 1306 Atque
1044 1254 1179 1292 utinam
1192 1254 1251 1292 vel
1268 1269 1321 1292 res

338 1318 450 1369 ipsius
469 1318 587 1369 magui
607 1318 777 1355 faciamus
792 1331 803 1365 3
821 1329 913 1353 nunc
929 1329 1012 1354 vero
1027 1329 1069 1352 ne
1083 1315 1151 1352 hoc
1165 1314 1320 1364 quidem,

338 1378 400 1416 sed
419 1393 501 1416 cum
521 1393 668 1430 regnum
688 1377 790 1415 nobis
810 1377 853 1414 sit
871 1376 1106 1428 propositum,
1122 1375 1228 1412 misso
1243 1375 1320 1422 illo,

337 1442 483 1479 umbras
502 1451 534 1479 et
555 1441 689 1479 somnia
709 1439 868 1491 quotidie
886 1447 1071 1476 sectamur.
1093 1438 1320 1487 Quamquam

336 1503 436 1540 Deus
463 1501 637 1553 benignus
665 1515 745 1539 cum
770 1500 815 1538 sit
837 1508 870 1536 et
892 1498 998 1537 valde
1022 1497 1133 1545 mitis,
1161 1497 1316 1548 idipsum

335 1564 416 1602 fecit
436 1578 476 1601 ac
495 1564 524 1601 si
544 1564 622 1614 quis
645 1572 744 1614 pater
763 1560 873 1613 prolis
891 1573 1024 1607 31113115,
1044 1559 1120 1596 filio
1140 1560 1318 1596 assiduam

336 1638 416 1661 cum
442 1624 503 1662 illo
530 1622 819 1661 consuetudinem
849 1629 881 1658 et
908 1620 1126 1670 colloquium
1153 1633 1244 1670 aegre
1269 1620 1318 1657 fe-

333 1694 442 1732 rente,
469 1685 540 1722 alio
572 1683 678 1721 modo
711 1683 828 1735 ipsum
859 1681 1030 1733 sagaciter
1055 1681 1154 1719 varie
1183 1681 1314 1718 trahat.

335 1745 430 1791 Quia
458 1744 551 1781 enim
574 1758 643 1781 non
667 1743 742 1795 ejus
765 1756 883 1780 amore
911 1751 950 1779 ut
976 1755 1040 1794 par
1066 1750 1116 1778 est
1142 1750 1316 1791 tenemur,

334 1807 445 1843 multa
469 1806 538 1843 alia
560 1805 662 1843 nobis
681 1806 837 1857 profert,
861 1813 902 1842 ut
925 1819 989 1842 nos
1009 1803 1078 1841 sibi
1095 1804 1236 1856 junctos
1256 1818 1316 1841 re-

332 1869 451 1907 tineat.
475 1871 577 1906 ,11ῃο
598 1868 647 1905 sic
666 1867 809 1918 quidem
831 1866 1064 1919 persistimus,
1086 1865 1146 1903 sed
1166 1865 1210 1903 ad
1230 1880 1319 1918 pue-

332 1930 415 1968 riles
442 1929 544 1967 ludos
566 1929 756 1966 resilimus.
784 1930 829 1966 At
853 1941 923 1965 non
952 1928 1001 1965 ita
1024 1928 1171 1975 Paulus,
1198 1927 1259 1964 sed
1281 1936 1317 1964 ut

332 2005 420 2043 puer
441 1990 570 2028 nobilis
593 1999 626 2028 et
644 1990 737 2027 liber
756 1989 937 2042 patrisque
955 2002 1087 2037 amans,
1107 1988 1219 2039 patris
1235 2001 1317 2026 con-

332 2052 480 2089 sortium
516 2060 653 2089 tentum
682 2050 820 2101 quaerit,
853 2050 922 2087 3113
951 2063 1035 2088 vero
1072 2063 1140 2086 non
1172 2049 1318 2101 perinde

332 2122 431 2151 curat
448 2129 455 2148 :
473 2112 544 2149 imo
563 2125 643 2149 vero
657 2112 738 2163 plus
755 2125 861 2161 quam
877 2111 988 2148 filius.
1005 2110 1126 2160 Neque
1140 2110 1234 2147 enim
1247 2125 1316 2148 una

330 2182 467 2225 patrem
493 2182 526 2210 et
547 2187 600 2209 res
625 2172 736 2224 patris
759 2171 918 2220 aestimat,
941 2170 1002 2208 sed
1025 2170 1088 2208 ubi
1112 2170 1158 2208 ad
1181 2181 1316 2223 patrem

331 2233 485 2285 respicit,
509 2233 589 2270 illas
609 2232 714 2270 nihili
731 2232 813 2269 facit
830 2247 841 2281 3
866 2231 988 2269 mallet
1007 2231 1102 2268 enim
1125 2232 1316 2283 castigatus

333 2303 366 2331 ct
382 2293 578 2344 flagellatus
593 2307 673 2330 cum
688 2293 764 2344 ipso
777 2306 864 2342 esse,
880 2305 986 2342 quam
999 2291 1117 2329 abillo
1134 2301 1316 2344 separatus

335 2354 370 2390 in
389 2353 527 2391 deliciis
548 2353 680 2391 vivere.

386 2479 422 2514 6.
444 2476 749 2513 Exhorrescamus
768 2474 879 2526 igitur
898 2482 1070 2525 quotquot
1089 2488 1132 2512 ne
1149 2475 1315 2526 pecunias

334 2537 478 2589 quidem
491 2545 636 2589 propter
657 2537 772 2573 Deum
788 2534 1001 2587 despicimus
1021 2550 1030 2583 3
1052 2535 1124 2573 imo
1143 2545 1315 2586 quotquot

333 2613 376 2636 ne
402 2597 567 2650 pecunias
590 2595 734 2646 quidem
758 2604 901 2647 propter
925 2609 987 2633 nos
1006 2595 1100 2647 ipsos
1123 2597 1315 2634 contemni-

333 2674 423 2697 mus.
442 2658 573 2696 Paulus
589 2657 682 2694 enim
691 2656 787 2694 solus
798 2665 885 2707 erat,
901 2655 961 2706 qui
976 2666 1120 2708 propter
1132 2657 1316 2696 Christum

333 2735 496 2772 generose
519 2718 638 2757 omnia
655 2718 870 2770 patiebatur,
898 2731 966 2755 non
990 2727 1132 2770 propter
1153 2734 1313 2771 regnum,

333 2796 396 2819 nec
414 2789 560 2833 propter
578 2780 758 2827 honorem,
771 2777 831 2816 sed
846 2787 988 2830 propter
1001 2793 1103 2816 suam
1119 2793 1200 2831 erga
1212 2781 1314 2819 illum

333 2841 619 2879 benevolentiam
646 2855 653 2875 z
678 2853 740 2877 nos
762 2853 847 2877 vero
866 2853 980 2889 neque
1003 2839 1180 2889 Christus,
1203 2855 1315 2892 neque

334 2917 373 2940 ea
393 2916 469 2952 quae
493 2901 625 2938 Christi
645 2909 747 2948 sunt,
768 2914 788 2937 3
807 2900 1035 2938 saecularibus
1054 2901 1159 2939 rebus
1177 2903 1314 2940 abstra-

332 2963 424 3000 hunt
442 2977 452 3010 3
473 2961 535 2999 sed
550 2961 640 2999 sicut
655 2969 831 3012 serpentes
848 2960 901 2998 vel
916 2960 1046 3012 viperee
1061 2962 1119 2999 vel
1134 2963 1245 3014 porci,
1259 2964 1315 3001 vel

333 3023 409 3061 haec
428 3022 546 3060 omnia
566 3021 688 3069 simul,
714 3021 763 3058 sic
782 3021 819 3058 in
837 3020 924 3058 limo
943 3021 1158 3060 volutamur.
1181 3024 1221 3061 In
1242 3038 1313 3075 quo

333 3084 427 3122 enim
442 3083 523 3121 feris
538 3081 610 3120 illis
629 3081 790 3119 meliores
806 3095 869 3119 nos
885 3095 1020 3132 sumus,
1040 3082 1101 3132 qui
1116 3097 1198 3121 cum
1216 3093 1266 3122 tot
1282 3095 1315 3123 et

332 3155 429 3183 131113
449 3145 643 3182 habeamus
662 3143 838 3195 exempla,
859 3143 977 3180 adhuc
999 3143 1035 3181 111
1054 3153 1182 3184 terram
1203 3147 1313 3198 respi-

332 3207 480 3254 ciamus,
501 3220 541 3244 ac
560 3219 602 3242 ne
627 3219 753 3257 parum
772 3204 914 3255 quidem
937 3204 980 3241 ad
1001 3205 1124 3243 caelum
1143 3208 1314 3259 respicere

332 3269 565 3307 sustineamus
579 3269 596 3305 ?
615 3267 683 3305 Sed
700 3269 794 3304 Deus
809 3267 954 3317 quidem
973 3267 1105 3305 Filium
1122 3283 1226 3307 suum
1240 3279 1310 3307 tra-

331 3331 425 3368 didit
445 3347 456 3379 3
483 3340 521 3367 tu
541 3345 623 3368 vero
642 3344 685 3367 ne
704 3344 829 3381 panem
845 3329 990 3380 quidem
1009 3330 1072 3368 das
1091 3331 1137 3381 ei,
1161 3332 1221 3382 qui
1246 3347 1310 3384 pro

127 3387 317 3465 synffiln‘gffnff‘
331 3400 363 3430 te
384 3390 532 3428 traditus
550 3400 583 3427 et
599 3390 732 3427 occisus
747 3399 808 3427 est.
840 3392 945 3427 Pater
965 3400 1108 3442 propter
1123 3400 1156 3429 te
1175 3393 1311 3431 illinon

128 3469 256 3497 mendat-

331 3453 497 3506 pepercit,
522 3467 602 3489 cum
630 3465 712 3491 vere
738 3451 851 3489 Filius
875 3452 988 3503 ipsius
1015 3463 1102 3492 esset
1116 3469 1127 3503 3
1161 3464 1196 3492 tu
1227 3470 1309 3495 vero

1397 948 1498 995 ἡμεῖς
1514 945 1549 984 δὲ
1564 946 1639 984 οὐδὲ
1656 951 1714 984 τοῦ
1732 946 1900 999 παρόντος
1920 950 2201 997 καταφρονοῦμεν
2219 946 2314 997 βίου,
2331 940 2371 983 {K
2379 962 2420 997 ρα

1399 1005 1487 1049 ἄξιοι
1506 1010 1574 1044 τῶν
1597 1012 1675 1056 γοῦν
1699 1007 1931 1056 ὑποδημάτων
1958 1005 2061 1057 ἐσμὲν
2083 1007 2202 1045 λοιπον
2233 1010 2300 1044 τῶν
2326 1007 2420 1044 ἐκεί-

1398 1082 1473 1115 νου,
1493 1073 1652 1106 τοσοῦτον
1674 1069 1907 1121 ἀφεστηκότες
1938 1071 2040 1107 αὐτοῦ
2072 1071 2134 1114 ’.ἧς
2164 1068 2417 1119 μεγαλονοίας,

1396 1127 1551 1171 Ἐκεῖνος
1572 1128 1632 1179 μὲν
1658 1130 1724 1181 γὰρ
1748 1129 1824 1167 οὖῗὲ
1849 1129 2026 1180 βασιλείαν
2046 1129 2184 1180 ἡγεῖταί
2211 1146 2245 1167 τι
2277 1129 2333 1167 διὰ
2360 1130 2418 1167 τὸν

1397 1190 1548 1241 Χριστὸν
1568 1184 1679 1236 εἶναι,
1706 1194 1807 1241 ἡμεῖς
1835 1190 1870 1228 δὲ
1898 1192 2000 1228 αὐτοῦ
2028 1191 2090 1240 μὲν
2123 1196 2418 1242 καταφρονοῦμεν,

1395 1253 1462 1288 τῶν
1482 1251 1516 1288 δὲ
1540 1254 1641 1289 αὐτοῦ
1673 1251 1778 1289 πολὺν
1799 1250 1989 1301 ποιούμεθα
2022 1251 2135 1302 λόγον.
2167 1251 2236 1289 Καὶ
2265 1251 2332 1288 εἴθε
2353 1250 2417 1289 κᾶν

1394 1314 1462 1348 τῶν
1483 1313 1587 1349 αὐτοῦ
1601 1328 1608 1335 ·
1640 1316 1696 1349 νῦν
1718 1311 1752 1348 δὲ
1781 1311 1856 1348 οὐδὲ
1877 1316 1999 1355 τοῦτο,
2033 1311 2123 1349 ἀλλὰ
2155 1312 2213 1348 καὶ
2238 1311 2419 1362 βασιλείας

1394 1374 1477 1421 ἡμῖν
1497 1371 1747 1422 προκειμένης,
1767 1371 1901 1416 ἐκείνην
1919 1370 2077 1421 ἀφέντες,
2096 1370 2158 1413 τὰς
2178 1370 2278 1414 σκιὰς
2297 1371 2355 1423 καί
2375 1371 2418 1409 τὰ

1393 1431 1553 1482 ὀνείρατα
1583 1434 1659 1468 καθ’
1681 1431 1830 1477 ἑκάστην
1850 1429 2019 1479 διώκομεν
2041 1430 2103 1475 τὴν
2123 1429 2272 1481 ἡμέραν.
2292 1431 2418 1468 Καίτοι

1393 1506 1432 1541 γε
1445 1495 1462 1528 ὁ
1481 1492 1570 1534 Θεὸς
1590 1492 1830 1544 φιλάνθρωπος
1849 1490 1894 1527 ὧν
1909 1490 1968 1528 καὶ
1982 1490 2112 1542 σφόδρα
2128 1490 2274 1543 ἥμερος,
2292 1491 2416 1529 ταύτὸν

1393 1551 1566 1600 ἐποίησεν,
1589 1547 1657 1590 οἷον
1676 1551 1714 1589 ἂν
1732 1554 1759 1589 εἷ
1776 1551 1892 1603 πατὴρ
1911 1551 2092 1602 φιλόπαις,
2112 1555 2170 1589 τοῦ
2191 1552 2314 1595 παιδὸς
2331 1553 2416 1589 δυσ-

1391 1613 1610 1664 χεραίνοντος
1629 1612 1691 1659 τὴν
1714 1613 1798 1665 πρὸς
1827 1612 1928 1650 αὐτὸν
1953 1613 2092 1659 διηνεκῆ
2113 1611 2265 1662 ὁμιλίαν,
2287 1613 2413 1666 ἑτέρως

1391 1674 1521 1720 ταύτην
1542 1674 1738 1726 σοφίσαιτο,
1756 1672 1902 1719 Ἐπειδὴ
1922 1671 1989 1725 γὰρ
2008 1675 2111 1710 αὐτοῦ
2130 1673 2234 1710 πόθον
2251 1675 2313 1710 οὐκ
2330 1673 2414 1724 ἕχο-

1394 1750 1456 1783 μεν
1476 1733 1532 1771 τὸν
1558 1734 1799 1786 προσήκοντα,
1820 1733 1933 1771 πολλὰ
1951 1733 2051 1785 ἕτερα
2071 1737 2155 1785 ἡμῖν
2179 1735 2414 1786 προῧάλλεται

1391 1793 1481 1832 ὥστε
1510 1799 1603 1845 ἡμᾶς
1634 1801 1823 1846 κατασχεῖν
1841 1794 1927 1847 πρὸς
1959 1794 2092 1832 ἑαυτόν.
2122 1795 2197 1833 Καὶ
2222 1794 2297 1833 οὐῗὲ
2327 1795 2415 1833 οὕτω

1390 1856 1651 1907 παραμένομεν,
1683 1857 1759 1894 ἀλλ’
1794 1857 2032 1905 ἀποπηδῶμεν
2065 1856 2150 1908 πρὸς
2183 1855 2228 1894 τὰ
2267 1855 2415 1894 παιδικὰ

1391 1916 1586 1968 ἀθύρματα.
1604 1917 1695 1954 Ἀλλ’
1713 1919 1777 1968 οὐχ
1791 1919 1808 1953 ὃ
1825 1918 1962 1959 Παῦλος
1979 1915 2085 1959 οὕτως
2101 1947 2110 1964 ,
2127 1917 2203 1954 ἀλλ’
2225 1915 2344 1969 ὥσπερ
2363 1933 2416 1961 τις

1390 1976 1527 2027 εὐγενὴς
1546 1983 1627 2021 παῖς
1657 1978 1716 2015 καὶ
1738 1977 1913 2028 ἐλεύθερος
1941 1977 1999 2015 καὶ
2020 1977 2224 2028 φιλοπάτωρ
2246 1976 2308 2022 τὴν
2333 1993 2413 2015 συν-

1390 2037 1508 2076 ουσίαν
1529 2042 1588 2076 τοῦ
1608 2039 1738 2090 πατρὸς
1763 2041 1918 2085 ἐπιζητεῖ
1942 2038 2059 2088 μόνον,
2091 2041 2159 2075 τῶν
2190 2036 2224 2075 δὲ
2244 2039 2358 2076 ἄλλων
2376 2041 2413 2076 οὐ

1388 2103 1550 2137 τοσοῦτον
1567 2105 1718 2137 ποιεῖται
1740 2098 1841 2150 λόγον
1858 2115 1866 2122 ·
1887 2101 2018 2149 μᾶλλον
2046 2098 2082 2137 δὲ
2096 2129 2105 2147 ,
2128 2100 2247 2151 πολλῷ
2265 2099 2368 2138 πλέον
2390 2099 2412 2146 ἢ

1388 2165 1482 2201 παῖς.
1507 2161 1558 2196 Οὖ
1575 2159 1642 2213 γὰρ
1662 2162 1747 2210 ὁμοῦ
1766 2160 1824 2196 καὶ
1845 2159 1902 2197 τὸν
1922 2159 2058 2211 πατέρα
2077 2159 2136 2197 καὶ
2155 2158 2199 2196 τὰ
2228 2162 2330 2197 αὐτοῦ
2358 2176 2413 2197 τι-

1391 2225 1462 2270 μᾷ,
1495 2221 1570 2257 ἀλλ’
1604 2220 1685 2258 ὅταν
1723 2221 1777 2272 ἴδῃ
1799 2220 1884 2269 πρὸς
1903 2220 1960 2258 τὸν
1990 2220 2148 2273 πατέρα,
2182 2219 2278 2258 οὐδὲν
2299 2222 2412 2258 ἐκεῖνα

1388 2283 1546 2330 ἡγεῖται,
1569 2282 1644 2318 ἀλλ’
1669 2281 1782 2318 ἕλοιτο
1812 2280 1851 2318 ἂν
1882 2281 1941 2318 καὶ
1965 2281 2194 2331 κολαζόμενος
2209 2281 2268 2318 καὶ
2287 2297 2412 2331 μαστι-

1389 2339 1526 2389 ζόμενος
1547 2335 1634 2378 εἶναι
1664 2343 1738 2390 μετ’
1761 2342 1883 2385 αὐτοῦ,
1902 2340 1924 2386 ἢ
1943 2341 2176 2392 χωριζόμενος
2197 2342 2300 2377 αὐτοῦ
2329 2356 2411 2393 τρυ-

1389 2406 1468 2450 φᾷν.

1441 2470 1628 2523 Φρίξωμεν
1663 2471 1776 2508 τοίνυν
1810 2470 1884 2509 ὅσοι
1917 2470 2005 2522 μηδὲ
2040 2471 2234 2523 χρημάτων
2269 2471 2326 2509 διὰ
2352 2472 2411 2510 τὸν

1389 2534 1477 2572 Θεὸν
1497 2536 1779 2584 καταφρονοῦμεν
1793 2546 1800 2555 ·
1821 2534 1951 2583 μᾶλλον
1977 2532 2030 2579 δὲ,
2060 2532 2133 2569 ὅσοι
2157 2532 2244 2581 μηδὲ
2264 2533 2411 2584 χρημά-

1388 2610 1456 2632 των
1474 2595 1516 2631 δι’
1539 2596 1632 2643 ἡμᾶς
1652 2592 1771 2636 αὐτοὺς
1791 2597 2084 2645 καταφρονοῦμεν.
2107 2594 2246 2637 Παῦλος
2266 2593 2333 2645 γὰρ
2349 2593 2411 2644 μό-

1388 2671 1443 2696 νος
1462 2649 1502 2701 ἦν
1520 2658 1536 2692 ὁ
1552 2654 1608 2693 διὰ
1627 2655 1684 2692 τὸν
1700 2655 1851 2706 Χριστὸν
1870 2654 2019 2705 γνησίως
2038 2654 2176 2692 ἅπαντα
2192 2657 2352 2706 πάσχων,
2371 2656 2409 2692 οὗ

1390 2715 1446 2754 διὰ
1465 2715 1641 2765 βασιλείαν
1659 2715 1735 2752 οὐδὲ
1751 2715 1806 2752 διὰ
1824 2715 1886 2761 τὴν
1902 2717 2003 2752 αὐτοῦ
2022 2714 2139 2764 τιμὴν,
2160 2714 2249 2752 ἀλλὰ
2269 2715 2325 2753 διὰ
2345 2715 2408 2761 τὴν

1387 2778 1472 2829 πρὸς
1492 2779 1618 2814 ἐκεῖνον
1648 2777 1792 2814 εὔνοιαν.
1812 2776 1929 2827 Ἡμᾶς
1949 2776 1984 2813 δὲ
2003 2776 2080 2814 οὔτε
2100 2780 2117 2814 ὃ
2143 2777 2310 2828 Χριστὸς,
2332 2778 2412 2815 οὔτε

1387 2837 1432 2875 τὰ
1451 2842 1510 2875 τσῦ
1526 2839 1678 2890 Χριστοῦ
1692 2865 1701 2882 ,
1720 2840 1789 2875 τῶν
1811 2840 1984 2888 βιωτικῶν
2015 2836 2158 2889 ἀφέλκει
2178 2837 2408 2890 πραγμάτων,

1389 2899 1465 2937 ἀλλ’
1481 2897 1599 2949 ὥσπερ
1618 2898 1709 2949 ὄφεις
1728 2897 1750 2943 ἢ
1766 2898 1855 2949 ἔχεις
1873 2896 1894 2943 ἢ
1910 2903 2035 2949 χοῖροι,
2055 2897 2074 2943 ἢ
2091 2896 2150 2935 καὶ
2165 2902 2275 2935 ταῦτα
2295 2897 2410 2935 πάντα

1389 2963 1494 3010 ὁμοῦ,
1510 2957 1617 3001 οὕτως
1637 2960 1671 2995 ἐν
1691 2962 1732 3009 τῇ
1753 2958 1821 2995 ἰλύι
1838 2957 2023 3009 συρόμεθα.
2045 2958 2091 2996 Τί
2110 2958 2177 3010 γὰρ
2195 2960 2263 2995 τῶν
2280 2957 2408 3010 Θηρίων

1389 3020 1528 3058 ἐκείνιον
1547 3022 1648 3069 ’ἡμεῖς
1674 3018 1853 3068 ἀμείνους,
1882 3021 1912 3056 οἱ
1942 3022 2094 3056 τοσαῦτα
2121 3019 2181 3056 καὶ
2214 3020 2409 3064 τηλικαῦτα

1389 3081 1525 3133 ἔχοντες
1542 3080 1829 3132 παραδείγματα,
1852 3080 1911 3118 καὶ
1932 3080 1982 3118 ἔτι
1999 3080 2094 3118 κοίτω
2114 3079 2318 3131 βλέποντες,
2349 3080 2409 3117 καὶ

1389 3142 1476 3193 μηδὲ
1497 3141 1617 3194 μικρὸν
1639 3140 1832 3192 ἀναδλέψαι
1849 3141 1932 3193 προς
1946 3142 2004 3178 τὸν
2024 3141 2165 3192 οὐρανὸν
2191 3140 2408 3192 ἀνεχόμενοι;

1387 3205 1479 3241 Ἀλλ’
1503 3206 1520 3240 ὃ
1542 3202 1603 3252 μὲν
1626 3202 1716 3245 Θεὸς
1744 3201 1802 3238 καὶ
1831 3201 1887 3238 τον
1908 3202 1991 3239 Υἱὸν
2013 3201 2156 3246 ἐξέδωκε
2171 3217 2178 3224 ·
2201 3201 2241 3238 σὺ
2272 3201 2308 3239 δὲ
2331 3201 2407 3239 οὐδὲ

1386 3264 1490 3315 ἄρτου
1520 3263 1709 3313 μεταδίδως
1730 3264 1822 3313 αὐτῷ
1841 3265 1890 3314 τῷ
1911 3262 1966 3300 διὰ
1993 3261 2030 3300 σὲ
2058 3261 2230 3300 ἐκδοθέντι
2247 3290 2257 3307 ,
2279 3264 2328 3313 τῷ
2351 3261 2406 3298 διὰ

1385 3324 1422 3362 σὲ
1442 3323 1665 3376 σφαγέντιῘΟ
1679 3323 1806 3374 Πατὴρ
1824 3323 1880 3361 διὰ
1896 3322 1932 3360 σὲ
1950 3325 2052 3361 αὐτοῦ
2067 3325 2128 3360 οὐκ
2145 3324 2325 3374 ἐφείσατο,
2344 3322 2404 3359 καὶ

1383 3394 1494 3428 ταῦτα
1516 3390 1657 3441 γνησίου
1686 3391 1780 3432 ὄντος
1808 3389 1961 3432 Παιδός·
1989 3388 2028 3426 σὺ
2054 3389 2089 3427 δὲ
2112 3388 2213 3426 αὐτὸν
2233 3387 2292 3425 καὶ
2309 3389 2402 3438 λιμῷ

1383 3457 1571 3507 τηκόμενον
1591 3463 1774 3510 περιορᾷς,
1795 3456 1854 3493 καὶ
1875 3457 1985 3493 ταῦτα
2005 3454 2073 3492 ἀπὸ
2100 3455 2168 3491 τῶν
2192 3455 2295 3491 αὐτοῦ
2318 3453 2402 3503 μέλς
