2466 3805
668 260 711 290 ΙΝ
746 259 863 290 ACTA
896 256 1242 289 APOSTOLORUM.

86 342 162 381 οὔτε
183 341 264 393 μὴν,
286 341 308 379 ἃ
331 340 512 385 Φίλιππος
531 340 794 388 ἐκδιδάσκεται,
826 339 1003 390 μανθάνει.
1031 337 1101 376 Καὶ

86 401 144 439 διὰ
155 401 189 438 τί
207 400 254 451 μὴ
275 401 394 453 ἐκείνῳ
420 401 579 453 φαίνεται
595 404 612 439 ὃ
631 401 795 451 ἅγγελος,
826 399 885 437 καὶ
906 399 981 449 ἄγει
999 397 1101 436 αὐτὸν

85 462 170 513 πρὸς
188 461 389 500 Φίλιππον·
381 492 390 509 ,
406 461 522 500 ΗΟτι
511 477 592 504 ισι)ς
607 463 669 499 οὔκ
688 460 727 497 ἂν
748 460 888 506 ἐπείσθη
904 490 912 507 ,
935 458 1024 497 ἀλλὰ
1044 457 1102 495 καὶ

85 521 294 573 ἐξεπλαγη*
308 524 450 573 μᾶλλον.
469 521 566 573 ‘'09oe
589 521 651 568 τὴν
680 536 739 559 του
758 520 941 558 Φιλίππου
962 520 1102 591 φιλοσο-

85 581 186 633 φίαν·
204 584 241 620 οὐ
261 582 511 634 κατηγόρησεν,
535 584 597 619 οὐκ
628 585 719 618 εἶπεν
725 583 899 631 ,ἀγνοεῖς,
916 578 984 630 ἐγώ
1001 593 1038 615 σε
1055 579 1104 615 δι-

86 642 194 685 δοίξω·
226 645 287 680 οὐκ
307 647 412 689 εἶπεν,
433 642 501 694 ἐγω
520 646 629 679 ταῦτα
650 640 802 692 ἀκριὸως
828 635 921 677 οἰδα·
942 640 1003 676 οὐκ
1029 639 1102 675 ἐκο-

86 703 253 750 λάκευσε,
270 704 328 741 καὶ
348 708 441 742 εἶπεν
462 705 554 755 αὐτῷ
567 731 576 748 ,
601 702 771 773 μακάριος
791 705 819 738 εἰ
843 699 1103 750 ἀναγινώσκων.

88 763 212 806 Οὕτως
233 768 274 810 ἠν
308 764 367 801 καὶ
392 762 603 816 θρασύτητος
636 762 732 805 ἐκτὸς
764 760 823 798 καὶ
851 758 1035 800 κολακείας
1064 774 1104 795 το

87 826 183 873 ῥῆμα
199 824 257 861 καὶ
273 826 402 874 μᾶλλον
421 824 648 873 κηδεμονικοῧ
662 821 720 858 καὶ
737 816 1103 871 φιλανθρώπου.”Εδει

85 884 154 935 γὰρ
166 885 266 922 αὐτὸν
285 888 447 932 αἰτῆσαι,
465 884 534 922 ἔδει
553 883 651 920 αὐτὸν
669 884 835 927 ποθῆσαι.
851 878 1103 930 Ἔμφαίνοντος

88 944 126 981 δέ
144 946 249 991 ἐστιν,
269 948 315 987 ὡς
335 938 434 992 οἶδεν,
455 943 508 982 ὅτι
535 942 631 981 οὐδὲν
648 942 723 993 ᾔδει
746 942 893 985 ἐκεῖνος,
912 941 962 990 τῷ
983 939 1102 984 εἰπεῖν,

87 998 174 1057 Ἆρά
193 1022 230 1056 γε
243 1004 440 1057 γινώσκεις,
458 1003 479 1040 ἃ
496 1002 763 1054 ἀναγινώσκεις,
780 1000 839 1038 καὶ
858 1000 931 1049 ἅμα
951 997 1103 1036 δεικνύν-

83 1081 140 1109 τος
161 1065 266 1104 πολὺν
288 1065 346 1103 τὸν
368 1064 537 1115 θησαυρὸν
554 1061 763 1114 ἐγκείμενον.

137 1258 230 1296 Ἀλλ’
252 1257 334 1309 ορα,
360 1273 435 1300 πως
457 1259 606 1299 συνετῶς
625 1272 684 1294 και
704 1259 721 1294 ὃ
740 1257 900 1307 εὐνοῦχος
920 1256 1105 1306 ἀπολογεῖ-

84 1335 157 1358 ται.
181 1321 266 1362 Πως
286 1317 426 1371 γὰρᾶν,
448 1317 550 1369 φησὶ,
585 1317 801 1367 δυναίμην,’
787 1315 845 1354 εὰν
870 1316 917 1366 μή
938 1332 990 1359 τις
1016 1317 1103 1362 ὁδη-

85 1380 178 1431 γήσῃ
198 1395 259 1430 με;
281 1380 358 1417 Οὐκ
385 1372 471 1416 εἶδεν
491 1380 537 1420 εἷς
561 1377 599 1415 τὸ
617 1393 761 1429 σγημα,
784 1379 845 1415 οὐκ
861 1381 953 1425 εἷπε,
987 1376 1027 1414 συ
1054 1377 1105 1420 τίς

87 1445 138 1487 εἰ;
156 1444 215 1479 οὐκ
227 1440 427 1491 ἐμέμψατο,
446 1441 507 1477 οὐκ
524 1438 784 1486 ἀλαζονεύεται,
798 1438 937 1489 οὐλέγει
956 1438 1103 1485 εἰδέναι,

89 1503 165 1539 ἀλλ’
186 1502 345 1551 ὁμολογεῖ
363 1502 496 1550 ἀγνοεῖν
512 1515 519 1523 ·
538 1499 662 1537 διὸκαὶ
682 1499 858 1549 μανθάνει.
874 1499 1105 1538 Ἔπιδεικνύει

87 1562 126 1600 τὸ
145 1566 282 1613 τραῦμα
301 1563 350 1612 τῷ
379 1563 487 1612 ἰατρῷ
499 1575 507 1583 ·
538 1561 703 1608 συνεῖδεν,
724 1559 786 1597 ’ὅτι
811 1560 869 1598 καὶ
886 1554 955 1598 οἶδε
973 1565 1084 1598 ταῦτα
1096 1591 1105 1608 ,

87 1621 146 1660 καὶ
182 1620 341 1672 βούλεται
372 1620 519 1664 διδάξαι.
540 1613 648 1658 1Ἐῗδε
682 1620 721 1658 τὸ
757 1620 901 1672 ἄτυφον·
935 1620 1011 1658 οὐδὲ
1038 1620 1104 1673 γὰρ

86 1682 245 1734 λαμπρὸν
277 1680 460 1732 ἐπεφέρετο
487 1683 621 1732 σχῆμα.
647 1679 771 1723 Οὕτως
802 1675 842 1727 ἦν
863 1681 1027 1732 φιλήκοος
1045 1681 1105 1719 καὶ

86 1749 156 1784 τοῖς
174 1741 287 1792 λόγοις
305 1746 501 1792 προσεῖχεν,
520 1740 572 1778 ὅτι
590 1740 649 1778 καὶ
670 1741 727 1788 τὸ,
743 1740 786 1779 Ὁ
802 1743 912 1787 ζητῶν
933 1741 1103 1794 εὑρίσκει,

86 1804 141 1840 ἐπ’
159 1803 261 1839 αὐτοῦ
280 1803 486 1852 ἐπληροῦτο.
512 1801 738 1852 Παρεκοίλεσε
756 1801 812 1848 δὲ,
832 1801 916 1853 φησὶ
928 1832 937 1848 ,
956 1801 1013 1839 τὸν
1033 1802 1105 1839 Φί-

87 1865 216 1900 λιππον
236 1861 415 1899 ἀναὸάντα
433 1861 575 1900 καθίσαι
591 1861 651 1916 συν
675 1863 781 1912 αὐτῷ.
805 1856 907 1905 Εἶδες
921 1861 983 1908 τὴν
1002 1877 1106 1899 σπου-

90 1923 170 1970 δήν,
196 1916 279 1965 εἶδες
302 1922 358 1960 τὸν
375 1921 477 1960 πόθον
491 1939 501 1969 ;
517 1924 722 1973 Παρακαλεῖ
746 1923 923 1960 ἀναὸάντα
943 1922 1107 1974 συγκαθί-

89 2000 149 2022 σαι
179 1985 293 2034 αὐτῷ·
319 1982 427 2025 οὕτως
449 1984 510 2020 οὐκ
538 1982 634 2033 ᾔδει,
655 1982 689 2019 τί
717 1982 859 2033 ἔμελλεν
891 1984 982 2035 αὐτῷ
1005 1986 1106 2035 ἐρεῖν,

91 2044 166 2081 ἀλλ’
181 2043 334 2093 ἐνόμιζεν
351 2043 469 2085 ἁπλῶς
483 2042 692 2094 προφητείαν
711 2043 789 2081 τινὰ
808 2043 1023 2082 ἀκούσεσθαι.
1038 2044 1107 2082 Καὶ

90 2104 180 2148 αὕτη
204 2102 237 2139 δὲ
257 2102 382 2153 μείζων
401 2103 505 2153 τιμὴ,
526 2102 565 2140 τὸ
591 2102 639 2153 μὴ
661 2103 780 2146 ἁπλῶς
800 2105 998 2155 ἀναγαγεῖν,
1019 2104 1108 2142 ἀλλὰ

90 2165 394 2216 παρακαλέσαντα.
409 2163 651 2216 Προσδραμὼν
668 2165 704 2201 δὲ
720 2168 737 2202 ὃ
751 2164 930 2208 Φίλιππος
940 2194 950 2212 ,
963 2165 1107 2210 ἤκουσεν

91 2228 193 2263 αὐτου
214 2224 515 2275 ἀναγινώσκοντος.
533 2225 636 2262 Καὶε
622 2242 639 2262 ο
659 2225 783 2276 δρόμος
808 2231 951 2276 σημεῖον
984 2227 1106 2276 βουλο-

91 2287 193 2337 μένου
214 2288 334 2332 εἰπεῖν,
352 2285 410 2322 καὶ
437 2288 458 2331 ἡ
487 2285 679 2336 ἀνάγνωσις
697 2287 860 2332 σπουδῆς.
881 2286 942 2324 Ev
962 2286 1106 2339 τοιούτω

90 2347 156 2398 γὰρ
186 2348 243 2384 ἀν·
232 2345 394 2397 γίνωσκε
419 2347 550 2397 καιρῷ,
571 2347 604 2383 ἐν
626 2349 654 2398 ᾧ
688 2345 914 2399 σφοδρότερον
944 2353 1037 2385 ποιεῖ
1068 2348 1107 2386 τὸ

89 2421 208 2456 καυμα
221 2409 238 2443 ὃ
253 2406 311 2452 ἥλι
314 2420 359 2448 ος.
379 2405 424 2444 H
443 2405 478 2443 δὲ
494 2405 642 2458 περιοχὴ
659 2409 701 2453 ἠν
721 2406 831 2454 αὕτη·
852 2407 913 2451 Ως
930 2409 1106 2460 πρόὸατον

92 2467 149 2505 ἐπὶ
167 2465 431 2518 σφαγὴν-ἤχθη.
456 2466 527 2504 Καὶ
543 2470 644 2505 τοῦτο
663 2469 767 2505 αὐτοῦ
789 2469 914 2519 δεῖγμα
933 2472 995 2515 τῆς
1012 2471 1109 2522 φιλο-

93 2527 255 2577 μαθείας,
275 2527 314 2565 τὸ
331 2527 388 2565 τὸν
407 2526 588 2579 προφήτην
608 2530 728 2566 τοῦτον
759 2528 847 2579 μετὰ
868 2535 989 2582 χεῖρας
1016 2530 1109 2582 ἔχειν

93 2591 160 2625 τῶν
176 2588 288 2624 ἄλλων
305 2586 387 2624 ὅντα
403 2587 625 2640 ὑψηλότερον.
645 2589 708 2627 Διὸ
726 2589 784 2626 καὶ
803 2592 840 2627 οὔ
864 2590 951 2640 μετὰ
967 2590 1110 2642 σφοδρό-

94 2662 195 2694 τητος
219 2649 312 2699 αὐτῷ
331 2647 518 2698 διηγεῖται,
545 2649 620 2686 ἀλλ’
639 2649 796 2701 ἡμέρως·
824 2651 955 2701 μᾶλλον
977 2651 1011 2689 δὲ
1033 2651 1110 2690 οὐδὲ

95 2707 183 2744 οὕτω
198 2706 381 2759 φθέγγεται
395 2708 573 2762 πρότερον,
592 2709 655 2752 ἕως
668 2709 725 2747 ὅτε
739 2711 903 2761 ἠρωτήθη
913 2742 922 2759 ,
943 2711 1008 2756 ἕως
1024 2714 1111 2750 ἐκεῖ·

93 2782 148 2810 νος
166 2767 400 2819 παρεκάλεσεν
412 2783 419 2791 ·
442 2768 561 2821 ὥσπερ
580 2768 619 2807 τὸ
642 2770 726 2808 αὐτὸ
744 2770 848 2809 πάλιν
864 2774 984 2820 ποιῶν,
1004 2773 1089 2824 φησί
1103 2789 1110 2796 ·

94 2827 228 2878 Δέομαί
259 2844 340 2876 σου,
370 2829 450 2881 περὶ
488 2829 578 2873 τίνος
609 2832 626 2867 ὁ
658 2831 840 2884 προφήτης
865 2832 960 2883 λέγει
988 2837 1113 2880 τοῦτο;

93 2889 197 2939 Ἐμοὶ
217 2889 328 2936 δοκεῖ,
348 2889 402 2928 ὅτι
421 2893 482 2929 οὐκ
501 2891 577 2942 ᾔδει
592 2921 601 2938 ,
622 2893 667 2934 ὡς
683 2892 764 2944 περὶ
779 2892 893 2931 ἄλλων
909 2893 1067 2945 λέγουσιν
1084 2898 1114 2932 οἱ

95 2953 266 3003 προφῆται
280 2950 329 2997 ·ἢ
350 2954 379 2989 εἰ
405 2951 454 3002 μὴ
474 2956 585 2998 τοῦτο,
609 2951 662 2990 ὅτι
686 2953 766 3004 περὶ
786 2955 916 2992 ἑαυτῶν
940 2955 1114 3006 διαλέγον-

96 3027 152 3049 ται
188 3013 222 3049 ἓν
249 3011 356 3064 ἑτέρῳ
382 3012 583 3065 προσώπῳ,
613 3014 742 3065 ἠγνόει.
786 3016 1034 3067 Αἷσχυνθῶμεν
1057 3016 1115 3053 καὶ

96 3071 241 3119 πένητες
271 3073 331 3111 καὶ
360 3075 625 3116 πλουτουντες
611 3081 739 3113 εκεῖνον
761 3075 819 3114 τὸν
849 3076 992 3126 ταμίαν.
1024 3071 1114 3115 Εἶτα

96 3127 230 3179 ἠλθον’
216 3133 272 3172 επί
300 3150 334 3171 τι
366 3134 479 3186 ὕδωρ,
513 3134 572 3172 καί
591 3150 708 3186 φησιν,
737 3135 809 3173 ἷδου
842 3135 945 3188 ὕδωρ.
973 3136 1115 3189 Σφόδρα

97 3194 208 3245 ψυχῆς
223 3209 322 3232 τουτο
342 3193 581 3244 εκκαιομένης.
597 3194 645 3233 Τί
661 3195 787 3233 κωλύει
803 3212 846 3246 με
862 3198 1115 3247 βαπτισθηναι,

141 3299 156 3315 '‘
174 3299 249 3340 [Ita
263 3297 404 3331 Codices
421 3311 545 3334 omneS.
565 3299 657 3332 Editi
672 3302 795 3344 μόνον.]

143 3351 157 3374 b
175 3349 236 3381 Alii
254 3354 330 3384 ἴδετε
346 3350 414 3388 (vel
430 3353 488 3393 ἴδε)
511 3358 544 3385 τὸ
569 3358 698 3395 ἄτυφον,
716 3356 797 3386 οὐδὲν
814 3357 964 3399 λαμπρόν.
991 3355 1053 3386 Hic
1070 3353 1102 3386 in

101 3411 164 3433 uno
182 3399 304 3432 Codice
320 3402 466 3444 ingentes
482 3404 657 3435 varietates
674 3403 785 3437 videre
802 3412 850 3437 est
864 3431 871 3445 ,
890 3416 970 3447 quas
987 3407 1013 3437 si
1041 3405 1103 3437 ad-

287 3458 378 3482 ΤΟΜ.
411 3459 464 3482 lx.

2063 239 2147 285 153

1173 336 1272 387 quod
1290 337 1365 374 haec
1398 350 1467 375 non
1498 336 1544 373 ad
1573 335 1785 388 corporales,
1804 333 1864 373 sed
1887 334 1932 372 ad
1950 333 2153 386 spirituales

1175 397 1391 452 pertineant3
1410 411 1523 448 neque
1538 397 1645 435 etiam
1660 395 1765 435 discit
1793 410 1846 446 ea,
1868 409 1944 446 quae
1964 395 2152 446 Philippus

1173 459 1394 498 edocebatur.
1416 459 1463 496 Et
1493 473 1555 497 cur
1574 472 1644 496 non
1671 458 1726 495 illi
1755 466 1901 509 apparet
1934 456 2096 507 angelus,
2114 465 2154 492 ut

1174 522 1281 560 ducat
1298 522 1344 559 ad
1365 521 1604 574 Philippum?
1625 521 1719 568 Quia
1735 519 1893 558 fortassis
1912 533 1982 557 non
2007 532 2153 570 persua-

1175 598 1248 633 sus,
1266 583 1325 621 scd
1343 583 1460 634 potius
1477 583 1740 634 obstupefactus
1758 580 1892 618 fuisset.
1904 578 2000 619 Vide
2014 577 2154 630 Philip-

1175 644 1211 695 pi
1232 644 1514 695 philosophiam:
1531 657 1600 680 non
1618 642 1809 689 accusavit,
1829 655 1897 679 non
1923 640 2031 689 dixit,
2046 641 2155 691 Igno-

1177 718 1246 753 ras,
1268 718 1332 755 ego
1350 713 1384 741 te
1397 703 1532 741 docebo
1540 719 1550 753 3
1570 717 1639 741 non
1658 703 1772 751 dixit,
1793 702 1871 753 Ego
1900 702 1976 739 haec
1996 709 2156 738 accurate

1175 765 1270 814 scio3
1289 779 1358 802 non
1373 764 1538 801 adulatus
1558 773 1623 812 est,
1640 777 1705 801 nec
1719 763 1814 800 dixit
1826 764 1872 812 ei,
1896 763 2023 800 Beatus
2039 776 2074 799 es
2092 761 2156 812 qui

1175 823 1273 874 legis.
1293 823 1353 860 Sic
1366 833 1399 861 et
1417 824 1462 860 ab
1479 823 1628 860 audacia
1647 832 1680 860 et
1699 824 1744 861 ab
1762 823 1963 860 adulatione
1982 832 2156 861 remotum

1175 892 1249 921 erat
1279 883 1453 932 verbum;
1482 883 1543 920 sed
1573 883 1690 934 potius
1714 897 1836 920 curam
1862 883 2013 933 gerentis
2035 892 2107 920 erat
2125 892 2158 920 ct

1176 944 1332 994 benigni.
1354 945 1550 996 Oportebat
1565 945 1659 981 enim
1676 944 1780 981 illum
1795 944 2026 994 interrogare,
2048 957 2158 995 opor-

1176 1005 1271 1042 tebat
1286 1004 1497 1042 desiderare.
1510 1005 1675 1042 Declarat
1686 1013 1805 1041 autem
1819 1018 1856 1041 se
1872 1004 1960 1041 scire
1973 1003 2090 1055 ipsum
2107 1004 2160 1040 ni-

1177 1066 1231 1104 hil
1249 1080 1371 1115 nosse,
1392 1080 1473 1103 cum
1492 1066 1562 1103 ait:
1578 1067 1752 1103 Putasne
1779 1065 1966 1116 intelligis
1989 1078 2076 1115 quoe
2103 1066 2160 1102 Ze-

1175 1130 1233 1179 gis
1251 1131 1267 1163 9
1288 1126 1463 1177 simulque
1490 1125 1647 1163 insinuat
1672 1139 1842 1177 magnum
1870 1124 2064 1176 repositum
2090 1138 2163 1163 esse

1177 1187 1395 1225 thesaurum.

1229 1252 1268 1287 ⁶2.
1293 1248 1362 1288 Sed
1380 1248 1477 1296 vide,
1493 1262 1601 1299 quam
1619 1247 1812 1300 prudenter
1831 1261 1866 1285 se
1883 1256 2028 1285 excuset
2049 1261 2162 1285 eunu—

1179 1308 1265 1347 chus
1283 1325 1290 1345 :
1306 1311 1358 1347 Et
1389 1311 1579 1361 quomodo
1597 1311 1755 1360 possim,
1779 1311 1854 1346 nisi
1886 1311 1970 1360 quis
1991 1310 2162 1346 ostende-

1178 1373 1229 1408 rit
1256 1372 1376 1407 mihi?
1394 1371 1472 1407 Non
1499 1370 1655 1422 respexit
1683 1369 1869 1419 habitum,
1890 1383 1958 1407 non
1977 1369 2073 1407 dixit
2087 1370 2162 1406 :Tu

1178 1431 1257 1482 quis
1276 1431 1336 1469 es?
1352 1445 1422 1469 non
1449 1431 1644 1482 redarguit,
1667 1444 1737 1468 non
1765 1440 1972 1481 arroganter
1990 1430 2161 1481 loquitur,

1179 1506 1248 1529 non
1272 1506 1308 1529 se
1337 1491 1425 1529 scire
1450 1491 1551 1539 dicit,
1571 1491 1632 1529 sed
1660 1492 1822 1542 ignorare
1845 1492 1976 1528 fatetur
1993 1492 2164 1542 :ideoque

1178 1551 1296 1590 discit.
1314 1554 1490 1590 Monstrat
1506 1552 1638 1591 vulnus
1661 1551 1817 1600 medico;
1837 1552 1936 1590 novit
1958 1551 2075 1603 ipsum
2089 1552 2165 1589 haec

1178 1613 1280 1663 scire,
1295 1622 1328 1651 et
1343 1613 1434 1653 velle
1454 1613 1589 1651 docere.
1608 1613 1714 1653 Vidit
1733 1613 1838 1650 illum
1852 1627 1925 1651 esse
1937 1628 1955 1651 a
1971 1614 2063 1651 fastu
2079 1614 2164 1652 alie-

1178 1689 1263 1712 num
1273 1690 1284 1725 5
1302 1689 1415 1725 neque
1436 1675 1529 1712 enim
1546 1673 1776 1726 splendidum
1801 1675 1958 1726 gestabat
1985 1675 2163 1714 vestitum.

1178 1736 1232 1772 Ita
1250 1744 1325 1772 erat
1347 1735 1506 1774 discendi
1529 1735 1680 1787 cupidus
1695 1744 1729 1772 et
1746 1735 1864 1773 verbis
1883 1735 2039 1774 intentus
2051 1766 2061 1785 ,
2081 1736 2163 1787 quia

1179 1806 1212 1834 et
1228 1796 1332 1845 illud,
1354 1798 1429 1846 Qui
1444 1799 1593 1848 quoerit,
1611 1799 1771 1845 invenit,
1794 1797 1829 1833 in
1845 1796 1921 1848 ipso
1932 1797 2159 1849 implebatur.

1282 254 1444 286 HOMIL.
1482 255 1575 286 XIX.

1126 526 1149 555 B

2178 1810 2290 1838 Matth.
2330 1828 2337 1837 .

2307 1834 2317 1848 Ι

2306 1821 2320 1830 ,-

1179 1857 1564 1909 Rogavitquefinquit,
1575 1857 1816 1908 Philippum,
1831 1866 1871 1894 ut
1887 1860 2110 1896 ascenderet
2125 1869 2161 1897 et
2177 1851 2207 1879 8.

1178 1921 1324 1958 sederet
1350 1934 1490 1958 secum.
1515 1919 1688 1959 Vidistin'
1709 1919 1869 1957 studium
1881 1920 1899 1957 Ξ)
1917 1920 2077 1959 Vidistin’
2096 1922 2162 1959 de-

1179 1981 1374 2019 siderium?
1396 1983 1511 2032 Rogat
1527 1989 1565 2018 ut
1584 1979 1747 2018 ascendat
1767 1989 1800 2017 et
1824 1980 1941 2019 sedeat
1959 1996 2077 2019 secum
2093 1998 2100 2018 z
2114 1983 2165 2020 sic

1134 2051 1155 2079 D
1180 2043 1367 2091 nesciebat,
1384 2041 1470 2092 quid
1487 2041 1556 2079 sibi
1575 2041 1736 2079 dicturus
1753 2051 1841 2079 esset
1851 2057 1860 2089 ;
1876 2041 1936 2079 sed
1955 2043 2166 2095 simpliciter

1179 2103 1339 2154 putabat,
1351 2115 1386 2139 se
1393 2101 1617 2153 prophetiam
1623 2101 1779 2151 aliquam
1787 2101 1994 2139 auditurum
2005 2105 2166 2141 essc.Ma—

1175 2163 1233 2214 jor
1245 2162 1430 2200 autemhie
1443 2162 1557 2199 honor
1568 2170 1630 2211 est,
1642 2161 1740 2212 quod
1752 2175 1821 2199 non
1831 2161 2040 2213 simpliciter
2050 2178 2167 2202 aseen—

1178 2223 1261 2260 dere
1275 2231 1383 2270 curet,
1396 2221 1460 2259 sed
1483 2231 1594 2272 roget.
1619 2221 1842 2260 Accurrens
1865 2231 1993 2260 autem
2015 2225 2167 2276 Philip-

1176 2297 1249 2335 pus
1263 2284 1413 2321 audivit
1428 2297 1512 2321 eum
1525 2283 1721 2335 legentem.
1742 2283 1876 2321 Cursus
1886 2283 2054 2334 loquendi
2068 2285 2167 2336 cupi-

1180 2343 1421 2392 dumindieat,
1432 2342 1535 2381 lectio
1550 2342 1661 2380 studii
1673 2343 1815 2394 signum
1826 2352 1887 2380 est.
1897 2344 1964 2381 Illo
1974 2344 2068 2382 enim
2080 2354 2167 2382 tem-

1179 2416 1264 2454 pore
1276 2401 1426 2453 legebat‚
1437 2415 1508 2452 quo
1517 2401 1687 2453 majorest
1700 2401 1784 2438 solis
1798 2403 2036 2440 aestusLocus
2049 2412 2167 2441 autem

1180 2463 1241 2500 hic
1266 2463 1481 2500 eratzSicut
1513 2465 1594 2500 ovis
1621 2463 1675 2499 ad
1693 2464 1921 2500 occisionem
1940 2464 2077 2502 ductus
2099 2474 2165 2502 est.

1183 2524 1230 2561 Et
1243 2524 1311 2561 hoc
1326 2523 1424 2561 illius
1440 2522 1599 2560 discendi
1614 2522 1820 2573 cupiditatis
1836 2522 1978 2573 signum
1993 2533 2056 2574 est,
2071 2524 2168 2574 quod

1183 2583 1393 2637 prophetam
1424 2584 1529 2620 illum
1547 2582 1626 2620 aliis
1645 2582 1890 2620 sublimiorem
1912 2598 1983 2635 prae
2004 2585 2168 2623 manibus

1136 2659 1159 2688 Ε
1183 2646 1360 2685 habuerit.
1390 2645 1474 2683 Ideo
1504 2658 1574 2681 non
1602 2658 1685 2681 cum
1713 2644 1935 2682 vehementia
1957 2646 2012 2683 illi
2031 2656 2165 2697 narrat,

1183 2708 1245 2746 sed
1271 2715 1449 2745 mansuete
1460 2721 1471 2757 5
1494 2705 1565 2743 imo
1593 2719 1655 2743 nec
1675 2704 1775 2756 prius
1794 2705 1970 2756 loquitur,
1991 2721 2097 2757 quam
2115 2707 2169 2744 in-

1185 2778 1382 2820 terrogatus
1398 2767 1516 2816 fuerit,
1536 2767 1646 2804 donec
1667 2767 1726 2804 ille
1745 2767 1935 2818 rogaverit.
1957 2769 2007 2805 Ut
2026 2777 2059 2805 et
2077 2768 2168 2806 illud

1185 2832 1314 2868 iterum
1330 2828 1459 2866 faciens
1477 2828 1527 2866 ait
1545 2844 1553 2864 :
1573 2830 1735 2866 Obsecro
1759 2836 1808 2876 te,
1826 2829 1873 2865 de
1891 2842 1966 2880 quo
1981 2831 2170 2880 propheta

1187 2893 1282 2929 dicit
1303 2892 1373 2928 hoc
1388 2895 1404 2927 Ρ
1423 2889 1579 2929 Videtur
1598 2889 1686 2927 mihi
1706 2888 1894 2927 nescivisse
1922 2889 2046 2938 illum,
2075 2890 2171 2940 quod

1186 2953 1368 3006 prophetae
1379 2952 1423 2989 de
1440 2951 1521 2989 aliis
1541 2951 1750 3001 loquantur3
1766 2951 1823 2988 rel
1843 2950 1872 2987 si
1894 2963 1962 2986 non
1976 2950 2057 2999 hoc,
2074 2951 2172 3001 quod

1186 3014 1230 3052 de
1244 3013 1367 3066 seipsis
1384 3013 1576 3064 loquantur
1595 3011 1629 3048 in
1649 3011 1718 3048 alia
1736 3024 1894 3062 persona.
1911 3010 2171 3050 Erubescamus

1130 3085 1219 3137 15501
1239 3089 1412 3127 paupeies
1430 3083 1464 3111 et
1484 3073 1615 3112 divites
1645 3072 1688 3109 de
1708 3072 1770 3108 illo
1805 3071 1986 3123 penuario.
2023 3074 2174 3110 Deinde

1142 3150 1167 3178 Α
1189 3149 1309 3173 venei
1311 3143 1379 3172 unt
1416 3135 1470 3171 ad
1495 3133 1703 3185 quamdam
1736 3145 1894 3183 aquam,
1918 3140 1954 3169 et
1982 3135 2051 3178 ait,
2072 3135 2174 3171 Ecce

1190 3210 1306 3248 aqua.
1340 3195 1424 3232 Haec
1453 3193 1559 3233 valde
1593 3192 1759 3231 ferventis
1793 3193 1918 3229 animae
1950 3202 2044 3230 sunt.
2073 3194 2176 3243 Quid

1169 3302 1253 3334 ferre
1267 3301 1434 3341 vellemus,
1455 3299 1566 3332 onmia
1581 3297 1764 3331 exscribere
1779 3309 1912 3340 prorsus
1936 3310 2064 3331 necesse
2079 3308 2173 3331 esset.

1171 3355 1259 3395 [Mox
1273 3352 1411 3386 Savilius
1423 3360 1586 3396 προσεῖχεν,
1602 3355 1648 3384 καὶ
1664 3358 1709 3384 τὸ.
1726 3351 1767 3382 Et
1781 3350 1943 3383 Commel.
1960 3356 2004 3385 ὅτι
2016 3350 2147 3383 inclusit
2168 3352 2177 3392 ]

1947 3449 1959 3482 ’1
1972 3461 1994 3483 o

2230 2053 2369 2080 Eunuchi

2180 2095 2321 2121 studium.
