2502 3810
140 547 230 575 Psal.
257 556 305 585 77.

347 269 436 327 543

343 364 390 401 Et
409 372 522 399 tamen
539 359 628 397 nihil
645 357 797 408 amplius
813 357 946 393 factum
960 363 1023 402 est,
1045 353 1106 391 sed
1118 353 1163 390 ad
1179 362 1318 404 tempus

341 425 391 476 pii
403 421 528 468 effecti,
545 433 584 456 eo
598 416 728 454 reversi
743 424 837 462 sunt,
856 414 952 451 unde
972 414 1138 465 pietatem
1153 413 1317 450 inierant.

341 485 417 521 Hoc
450 482 555 519 etiam
579 476 737 514 Hebraeis
762 484 846 512 tunc
874 474 1022 525 contigit
1042 489 1050 510 :
1069 473 1148 511 ideo
1176 473 1318 510 dicebat
1340 477 1363 507 B

340 542 510 594 propheta
528 555 534 574 :
557 539 653 575 Cum
673 536 861 573 occideret
876 548 953 583 eos,
977 535 1200 585 quaerebant
1214 546 1315 579 eum,

341 611 375 639 et
401 599 700 638 .revercebantur
732 604 769 633 et
811 594 981 632 diluculo
1022 595 1234 630 veniebant
1268 593 1322 630 ad

338 663 477 699 Deum.
511 654 650 707 Ecquid
677 663 814 706 oportet
841 654 1016 705 generalia
1040 653 1102 691 illa
1131 653 1320 704 proferre?

337 731 424 772 quot
447 721 481 757 in
500 718 642 756 morbos
668 716 893 754 inciderunt?
914 724 1000 766 quot
1013 723 1194 765 surgentes
1214 714 1322 766 polli-

338 782 397 819 citi
417 789 497 818 sunt
511 794 546 816 se
564 792 679 816 mores
702 777 737 814 111
757 777 884 814 melius
910 785 1122 824 mutaturos,
1138 784 1174 812 et
1203 784 1321 812 tamen

337 842 445 880 iidem
460 840 528 892 ipsi
542 838 768 877 manserunt?
785 838 860 874 Hoc
883 837 1038 874 maxime
1054 834 1206 873 ostendit
1221 835 1322 872 nobis

336 902 533 940 naturalem
552 909 708 938 nostram
732 897 870 935 arbitrii
885 897 1083 935 libertatem
1102 926 1113 945 ,
1142 895 1322 947 repentina

336 978 462 1016 nempe
497 962 656 1000 mutatio.
682 962 773 998 Nam
809 959 837 997 si
870 958 1045 996 naturalia
1071 957 1164 995 mala
1197 965 1322 1005 essent,

336 1024 482 1061 libertas
504 1035 572 1059 non
590 1029 678 1058 esset
696 1035 704 1056 z
722 1033 799 1069 quae
819 1018 914 1056 enim
933 1032 978 1055 ex
1005 1026 1130 1055 natura
1148 1026 1182 1055 et
1201 1031 1325 1055 neces-

341 1085 444 1121 sitate
461 1084 565 1129 fiunt,
594 1089 731 1118 mutare
750 1093 818 1117 non
837 1092 1041 1130 possumus.
1065 1078 1176 1128 Atqui
1209 1086 1326 1115 muta-

338 1158 430 1192 mur,
448 1141 600 1192 inquies.
627 1142 753 1176 Annon
775 1139 939 1176 videmus
959 1137 1138 1175 interdum
1159 1151 1230 1185 eos,
1261 1138 1323 1188 qui
1346 1145 1369 1175 C

339 1219 357 1241 a
378 1212 503 1241 natura
519 1202 651 1239 habent
670 1209 709 1237 ut
723 1199 880 1248 videant,
902 1212 974 1250 prae
988 1207 1082 1236 metu
1100 1207 1289 1235 excaecatos
1305 1198 1322 1235 ἶ)

340 1265 521 1313 Quoniam
555 1263 645 1301 illud
675 1272 809 1300 naturae
837 1271 899 1310 est,
931 1271 971 1298 ut
989 1261 1213 1313 reprimatur,
1242 1275 1324 1298 cum

337 1335 463 1364 natura
497 1325 605 1362 altera
643 1322 786 1361 advenit
819 1339 826 1358 ε
859 1322 906 1360 ita
932 1321 1126 1359 secundum
1161 1330 1326 1358 naturam

338 1398 494 1426 nostram
515 1395 580 1433 est,
602 1394 641 1422 ut
660 1384 837 1436 perterriti
873 1397 943 1420 non
967 1382 1164 1420 videamus.
1188 1382 1325 1419 Secun-

339 1449 428 1486 dum
460 1456 622 1485 naturam
645 1446 728 1483 item
761 1454 843 1493 est,
883 1452 923 1481 ut
951 1444 1083 1494 majore
1120 1442 1326 1480 adveniente

338 1517 447 1557 metu,
470 1507 558 1544 alter
579 1514 692 1543 metus
724 1504 875 1542 recedat.
901 1502 997 1549 Quid
1015 1502 1140 1553 igitur,
1171 1502 1322 1551 inquies,

338 1570 368 1607 si
397 1568 625 1620 temperantia
647 1566 840 1604 secundum
872 1574 1035 1602 naturam
1056 1564 1126 1612 sit,
1149 1572 1182 1600 et
1211 1571 1326 1599 metus

338 1631 552 1669 invalescens
572 1629 670 1665 illam
686 1627 827 1679 ejiciat?
854 1625 951 1671 Quid
972 1625 1096 1675 igitur,
1119 1624 1147 1660 si
1167 1622 1326 1660 ostende-

337 1705 389 1739 ro,
409 1705 451 1727 ne
466 1689 609 1739 quidem
627 1698 710 1725 tunc
725 1686 897 1737 quosdam
917 1699 990 1722 esse
1006 1692 1248 1735 temperantes,
1267 1682 1327 1720 sed

339 1752 374 1789 in
397 1760 491 1788 metu
521 1751 626 1786 etiam
655 1748 850 1800 petulantes
866 1745 966 1783 esse?
987 1745 1055 1782 hoc
1076 1743 1237 1781 naturale
1254 1757 1323 1780 non
1347 1755 1372 1784 D

339 1819 400 1847 cst.
429 1814 483 1847 An
514 1818 631 1847 vetera
664 1807 812 1844 dicam?
835 1820 878 1843 an
912 1805 1030 1842 nova?
1051 1804 1147 1849 Quot
1176 1803 1212 1840 in
1249 1803 1327 1855 ipso

338 1870 465 1907 timore
498 1878 701 1906 manserunt
734 1867 901 1915 ridentes,
942 1875 975 1903 et
1002 1864 1092 1902 nihil
1131 1864 1201 1901 tale
1230 1863 1328 1916 passi

339 1940 419 1968 sunt
438 1931 454 1967 ἶ)
475 1930 557 1980 Dic,
581 1942 713 1979 quaeso,
732 1928 871 1966 Pharao
896 1940 1011 1963 nonne
1034 1924 1153 1962 statim
1171 1932 1328 1961 mutatus

338 2003 404 2042 est,
427 2002 459 2030 et
477 1992 523 2029 ad
545 1991 730 2043 pristinam
744 1988 893 2027 recurrit
909 1986 1104 2038 nequitiam
1119 1987 1136 2023 ἶ)
1167 1985 1242 2023 Hoc
1261 2000 1327 2022 au-

338 2062 409 2091 tem
423 2054 499 2090 loco
511 2051 749 2098 daemoniacis,
764 2050 931 2101 quamvis
942 2048 1010 2100 ipsi
1025 2061 1095 2085 non
1110 2047 1327 2097 ignorarent,

340 2116 511 2153 dixerunt
542 2113 749 2165 simpliciter
774 2127 782 2148 ε
812 2114 890 2150 Per
926 2112 1064 2149 Jesum
1099 2110 1330 2161 adjuramus

340 2190 425 2221 rvos,
448 2189 559 2227 quem
580 2174 766 2224 praedicat
787 2172 938 2209 Paulus
956 2187 965 2206 .·
984 2184 1047 2221 per
1065 2183 1104 2206 ea
1123 2168 1229 2213 enim,
1253 2181 1331 2218 quae

339 2235 564 2286 respondent,
587 2234 682 2284 ipsos
701 2232 789 2269 scire
810 2231 994 2282 probatur.
1022 2232 1147 2268 Jesum
1170 2242 1253 2266 vero
1268 2227 1329 2264 di-

339 2304 424 2332 cunt
440 2295 495 2332 illi
516 2293 742 2344 simpliciter,
761 2306 841 2329 cum
858 2290 1071 2342 oportuisset
1083 2289 1199 2326 dicere
1215 2318 1226 2336 ,
1247 2288 1331 2325 Ser-

339 2365 500 2393 vatorem
514 2353 657 2401 mundi,
675 2352 733 2401 qui
749 2350 941 2388 resurrexit
959 2365 966 2385 ι
983 2349 1043 2386 sed
1054 2349 1241 2385 noluerunt
1255 2361 1331 2384 con·

340 2417 431 2453 fiteri
453 2415 604 2466 gloriam
634 2414 721 2464 ejus.
747 2412 832 2450 Ideo
864 2410 1046 2461 redarguit
1067 2409 1146 2446 illos
1175 2408 1327 2450 daemon,
1351 2414 1375 2443 E

339 2478 498 2515 insiliens
517 2476 553 2513 111
573 2489 630 2512 eos
652 2474 842 2523 dicensque
861 2488 868 2508 ε
884 2473 1018 2510 Jesum
1036 2473 1149 2516 novi,
1168 2478 1203 2507 et
1222 2471 1328 2506 Pau-

341 2540 419 2575 lum
436 2540 513 2575 scio
531 2553 545 2580 ,-
583 2549 623 2572 ac
642 2534 671 2572 si
695 2534 840 2580 diceret,
860 2534 936 2571 Vos
964 2545 1033 2569 non
1065 2530 1234 2578 creditis,
1269 2529 1330 2566 scd

339 2598 401 2635 1110
424 2598 606 2634 abutentes
625 2594 768 2632 nomine
780 2593 848 2630 hoc
866 2591 998 2629 dicitis.
1014 2591 1131 2642 Igitur
1147 2590 1325 2627 desertum

339 2658 511 2710 templum
528 2665 593 2704 est,
615 2663 821 2707 expugnatu
836 2653 952 2690 facilia
968 2666 1067 2690 arma
1085 2667 1093 2687 ι
1114 2652 1236 2701 itaque
1255 2663 1329 2688 non

338 2719 420 2755 estis
440 2731 632 2769 praecones,
654 2715 782 2765 inquit,
805 2713 863 2751 sed
881 2713 950 2751 mei
973 2713 1067 2750 estis.
1089 2713 1246 2762 Magnus
1274 2711 1331 2748 fu-

340 2794 396 2816 ror
411 2779 595 2816 daemonis.
617 2776 818 2815 Potuissent
835 2774 912 2812 haec
931 2773 1084 2826 apostoli
1111 2773 1247 2820 facere;
1271 2771 1331 2809 sed

339 2840 481 2877 interim
501 2853 570 2876 non
602 2837 791 2875 faciebant.
805 2837 897 2873 Nam
916 2835 979 2886 qui
1000 2834 1224 2886 imperabant
1245 2832 1329 2877 illis,

340 2900 401 2949 qui
420 2899 504 2936 talia
524 2899 560 2935 in
577 2899 672 2949 ipsos
692 2896 942 2949 operabantur,
973 2895 1086 2932 multo
1108 2894 1219 2944 magis
1243 2892 1329 2945 ipsis

341 2961 581 3011 imperassent.
609 2958 706 2997 Vide
721 2956 900 3007 quomodo
920 2956 1066 2993 illorum
1095 2953 1327 2991 mansuetudo
1338 2985 1386 3009 313

342 3029 574 3067 monstratur,
592 3018 689 3069 quod
715 3017 784 3067 illi,
807 3016 869 3067 qui
887 3016 1125 3068 pellebantur,
1162 3014 1247 3051 talia
1277 3014 1328 3051 fa·
1353 3022 1378 3050 A

343 3080 504 3128 ciebant;
547 3079 724 3116 daemones
763 3091 846 3116 vero
866 3106 878 3126 ,
923 3076 1054 3126 quibus
1103 3074 1327 3123 serviebant,

343 3141 532 3178 contraria.
556 3141 704 3187 Jesum,
736 3138 864 3189 inquit,
888 3139 988 3174 novi.
1017 3136 1114 3187 Ergo
1134 3135 1329 3173 erubescite

344 3216 421 3249 vos,
454 3201 515 3251 qui
546 3201 650 3238 illum
670 3198 852 3250 ignoratis.
883 3199 935 3235 Et
969 3197 1142 3234 Paulum
1169 3198 1259 3233 scio.
1281 3196 1329 3233 Et

344 3262 409 3299 hoe
423 3263 509 3299 bene
518 3277 529 3310 5
546 3269 692 3299 noverat
708 3259 801 3297 enim
821 3258 888 3297 Dei
905 3272 977 3296 esse
994 3271 1201 3310 praeconem.
1223 3256 1327 3294 Dein-

783 279 820 308 S.
857 276 1039 308 JOANNIS
1075 274 1312 305 CHRYSOST.

389 3375 401 3389 ²
430 3363 517 3394 Atius
534 3369 576 3404 μή
595 3370 720 3407 ,cavari-2.

388 3416 401 3428 ²*
429 3414 545 3451 [Edtu
577 3419 667 3456 λέγει,
687 3412 776 3456 quod
803 3414 1000 3446 stemmate
1025 3413 1063 3444 D.
1091 3412 1288 3444 mutavimus
1315 3411 1348 3443 in

1356 275 1545 305 ARCHIEP
1555 295 1575 314 .·
1603 275 1937 308 CONSTANTINOP
1947 298 1955 307 .

1385 355 1523 400 λαὸεῖς,
1555 354 1661 392 πάλιν
1692 358 1883 402 ἐπανῆλθον
1916 357 1991 396 ὅθεν
2026 360 2205 409 γεγόνασιν
2238 360 2405 403 εὖλαίέῖς.

1388 416 1502 452 Τοῦτο
1521 415 1579 453 καὶ
1598 415 1654 453 ἐπὶ
1667 419 1736 453 τῶν
1750 416 1924 468 “Ε8ραίων
1940 418 2017 456 τότε
2033 418 2157 465 συνέὸη
2171 434 2177 441 ·
2197 419 2249 457 διὸ
2264 420 2322 457 καὶ
2338 420 2407 457 ἔλε-

1388 490 1446 525 γεν
1461 478 1478 512 ὃ
1493 475 1672 526 προφήτης
1685 490 1692 498 ·
1706 475 1819 513 υΟταν
1839 477 2037 515 ἀπέκτεινεν
2054 477 2187 526 αὐτοὺς,
2203 479 2280 516 τότε
2294 479 2407 525 ἐξεζή-

1389 550 1468 572 τουν
1495 535 1687 583 αὐτὸν,καὶ
1715 536 1922 587 ἐπέστρεφον
1953 537 2011 574 καὶ
2040 537 2201 589 ὤρθριζον
2234 540 2319 590 πρὸς
2347 538 2405 575 τὸν

1391 595 1493 634 Θεόν.
1514 595 1582 634 Καὶ
1595 596 1630 633 τί
1650 598 1699 634 δεῖ
1712 596 1824 647 λέγειν
1838 596 1882 634 τὰ
1901 597 2084 645 καθολικά,
2097 599 2198 636 πόσοι
2210 598 2322 641 νόσοις
2337 614 2405 635 πε-

1394 654 1572 708 ριέπεσον,
1593 656 1694 695 πόσοι
1708 657 1958 707 ἐπηγγείλαντο
1977 658 2183 700 ἀναστάντες
2194 658 2325 704 πολλὴν
2343 656 2406 703 τὴν

1393 714 1590 764 μεταὲολὴν
1609 716 1841 768 ἐργάσασθαι,
1858 717 1917 754 καὶ
1937 716 2041 754 πάλιν
2061 719 2091 755 οἳ
2112 716 2209 754 αὐτοὶ
2225 716 2406 767 γεγόνασι;

1394 776 1507 813 Τοῦτο
1531 776 1684 826 μάλιστα
1705 776 1874 814 δείκνυσιν
1907 781 1992 827 ἡμῖν
2013 777 2076 823 τὴν
2107 776 2328 829 προαίρεσιν,
2349 776 2408 814 καὶ

1393 835 1455 882 τὴν
1475 836 1669 888 ἐλευθερίαν
1687 840 1750 882 τῆς
1768 837 1940 891 ἡμετέρας
1962 836 2112 887 φύσεως,
2130 841 2152 883 ἡ
2177 837 2283 888 ἀθρόα
2306 851 2410 886 μετα-

1394 897 1492 942 ὅολή.
1514 899 1557 934 Εἰ
1572 897 1638 948 γὰρ
1655 897 1782 948 φυσικὰ
1795 893 1837 944 ἦν
1848 899 1892 935 τὰ
1905 897 2013 945 κακὰ,
2028 900 2097 935 οὐδ’
2115 897 2154 934 ἂν
2170 897 2257 943 αὕτη
2274 896 2408 948 γε’γονε·

1394 960 1462 995 τῶν
1482 956 1547 1008 γὰρ
1569 957 1659 994 κατὰ
1676 958 1774 1009 φύσιν
1802 959 1862 996 καὶ
1882 958 2036 1009 ἀνάγκην
2063 959 2100 996 οὔ
2122 957 2294 1007 δυνάμεθα
2316 955 2410 1007 μεθί-

1395 1021 1553 1056 στασθαι.
1577 1018 1644 1056 Καὶ
1669 1018 1736 1068 μὴν
1763 1018 2020 1069 μεθιστάμεθα,
2039 1017 2134 1070 φησί.
2156 1018 2208 1055 Οὐ
2237 1017 2410 1068 βλέπομεν

1394 1077 1461 1131 γάρ
1477 1094 1572 1122 τινας
1591 1079 1689 1130 φύσει
1706 1079 1766 1129 μὲν
1794 1079 1935 1131 ἔχοντας
1964 1079 2115 1130 βλέπειν,
2132 1078 2199 1115 ὕπὸ
2225 1081 2284 1115 τοῦ
2304 1077 2411 1129 φόὸου

1397 1139 1431 1176 δὲ
1447 1140 1714 1191 τυφλουμένους,
1738 1140 1883 1186 Ἐπειδὴ
1911 1139 2087 1177 καὶτοῦτο
2107 1137 2239 1190 φύσεώς
2255 1140 2329 1175 ἐστι
2353 1153 2412 1175 συ-

1396 1199 1618 1246 στέλλεσθαι,
1640 1200 1720 1237 ὅταν
1746 1200 1843 1252 φύσις
1863 1201 1963 1251 ἑτέρα
1986 1200 2178 1251 προσέλθῃ·
2202 1197 2293 1236 ὥστε
2320 1196 2413 1235 κατὰ

1396 1260 1494 1312 φύσιν
1522 1265 1606 1311 ἡμῖν
1630 1261 1702 1298 ἐστὶ
1735 1262 1774 1298 τὸ
1796 1260 2049 1313 πεφοὸημένοις
2070 1259 2117 1311 μὴ
2141 1259 2291 1310 βλέπειν,
2321 1257 2412 1295 κατὰ

1396 1320 1496 1372 φύσιν
1512 1321 1546 1359 δὲ
1572 1321 1631 1359 καὶ
1653 1321 1712 1369 τὸ,
1730 1322 1881 1371 μείζονος
1899 1320 2180 1372 παραγενομένου
2205 1319 2310 1371 φόὸου
2323 1349 2332 1366 ,
2353 1318 2412 1356 τὸν

1395 1380 1510 1433 ἕτερον
1538 1380 1795 1425 ὑπεξίστασθαι.
1818 1381 1864 1420 Τί
1888 1376 1957 1429 οῦν,
1988 1382 2027 1418 ἂν
2052 1381 2110 1418 καὶ
2139 1383 2159 1426 ἡ
2189 1378 2412 1431 σωφροσύνη,

1396 1442 1500 1493 φησὶ,
1520 1442 1610 1480 κατὰ
1637 1442 1697 1492 μὲν
1720 1443 1820 1494 φύσιν
1840 1437 1882 1492 ᾗ,
1907 1445 1924 1479 ὁ
1945 1442 1979 1480 δὲ
2000 1442 2102 1493 φόέος
2127 1441 2304 1492 κρατήσας
2326 1438 2412 1476 ταύ-

1395 1517 1458 1547 την
1473 1502 1627 1553 ἐκέοίλη,
1650 1503 1697 1540 Τί
1713 1498 1783 1549 οῦν,
1801 1502 1839 1539 ἂν
1856 1502 1955 1545 δείξω
1970 1503 2065 1545 τινὰς
2081 1501 2170 1552 μηδὲ
2185 1501 2263 1538 τότε
2279 1515 2413 1551 σωφρο-

1395 1563 1589 1612 νιζομένους
1601 1593 1610 1610 ,
1626 1562 1714 1600 ἀλλὰ
1728 1562 1786 1599 καὶ
1802 1565 1834 1600 ἐν
1852 1562 1982 1605 τούτοις
1997 1568 2068 1605 τοῖς
2087 1561 2204 1613 φόὸοις
2224 1561 2323 1602 ὄντας
2339 1562 2412 1597 ἰτα-

1398 1622 1496 1671 μούς;
1533 1624 1594 1659 ἷιοὐ
1628 1622 1768 1674 φυσικὸν
1795 1622 1896 1660 τοῦτο’
1920 1624 2025 1659 ἐστιν.
2058 1621 2160 1659 Εἴπω
2189 1620 2232 1657 τὰ
2258 1619 2412 1667 παλαιοί,

1396 1682 1487 1720 ἀλλὰ
1502 1682 1545 1720 τὰ
1563 1682 1641 1730 νέα,
1657 1681 1768 1720 Πόσοι
1794 1682 1834 1728 δὴ
1855 1684 1888 1719 ἐν
1910 1683 2023 1724 αὐτοῖς
2048 1681 2187 1723 ἐκείνοις
2210 1687 2280 1722 τοῖς
2297 1680 2414 1730 φόὸοις

1395 1742 1621 1793 ἐναπέμειναν
1639 1745 1823 1794 γελῶντες,
1847 1742 2088 1794 χλευάζοντες,
2101 1742 2161 1780 καὶ
2175 1742 2271 1780 οὐδὲν
2287 1740 2412 1779 ἔπαθον

1395 1809 1564 1851 τοιοῦτον,
1585 1804 1675 1842 Εἰπέ
1716 1820 1794 1854 μοι,
1835 1806 1852 1841 ὁ
1890 1803 2031 1856 Φαραὼ
2066 1805 2128 1841 οὒκ
2163 1802 2286 1845 εὐθέως
2311 1801 2412 1852 μεθί-

1397 1880 1519 1911 στατο,
1539 1865 1598 1902 καὶ
1618 1865 1675 1902 ἐπὶ
1698 1865 1760 1912 τὴν
1781 1864 1953 1917 προτέραν
1974 1864 2100 1902 κακίαν
2132 1863 2317 1915 ἀνέτρεχε;
2337 1863 2413 1900 Ἐν-

1396 1928 1505 1962 ταῦθα
1525 1924 1582 1971 δὲ,
1613 1925 1668 1963 ἐπὶ
1697 1928 1766 1963 τῶν
1786 1925 1829 1963 τὰ
1854 1925 2016 1975 δαιμόνια
2045 1924 2205 1976 ἐχόντων,
2221 1923 2335 1961 καίτοι
2353 1924 2415 1961 οὐκ

1398 1985 1608 2036 ἀγνοούντων
1629 1988 1752 2033 αὐτῶν,
1773 1985 2020 2039 προσετίθεσαν
2050 1987 2169 2028 ἁπλῶς
2189 1988 2219 2022 οἱ
2239 1984 2413 2035 λέγοντες,

1399 2047 1470 2084 Τὸν
1486 2047 1620 2094 Ἰησοῦν
1640 2047 1818 2099 ὁρκίζομεν
1835 2050 1924 2097 ὑμᾶς
1936 2077 1945 2094 ,
1961 2047 1996 2085 ὃν
2011 2048 2152 2089 Παῦλος
2167 2045 2350 2097 κηρύσσει·
2370 2046 2414 2082 δι’

1399 2102 1447 2145 &iv
1465 2107 1532 2158 γὰρ
1559 2109 1827 2157 ἀπολογοῦνται,
1846 2107 2039 2154 δείκνυται,
2063 2106 2117 2145 ὅτι
2135 2107 2244 2145 ἴσασι.
2262 2105 2332 2143 Τὸν
2347 2104 2416 2152 Ἴη-

1400 2172 1479 2208 σοῦν
1499 2169 1535 2206 Ρὲ
1562 2169 1721 2219 λέγουσιν
1741 2170 1865 2207 ἐκεῖνοι
1889 2169 2026 2215 ἁπλῶς,
2045 2168 2116 2207 δέον
2145 2170 2251 2206 εἰπεῖν
2274 2167 2332 2204 τὸν
2354 2170 2417 2212 τ’ἧς

1400 2229 1603 2279 οἰκουμένης
1618 2230 1721 2274 Συ)τῆ
1728 2246 1768 2282 ρα
1781 2259 1790 2276 ,
1813 2229 1869 2267 τὸν
1886 2229 2081 2267 ἀναστάντα
2093 2245 2101 2252 ·
2123 2230 2197 2266 ἀλλ’
2218 2229 2280 2266 οὔκ
2295 2227 2418 2273 ἤθελον

1401 2292 1616 2340 ὁμολογῆσαι
1633 2290 1696 2336 τὴν
1713 2290 1812 2332 δόξαν
1833 2292 1949 2328 αὐτοῦ.
1970 2290 2032 2327 Διὸ
2050 2292 2108 2326 καὶ
2135 2288 2269 2340 ἐλέγχει
2297 2286 2418 2329 αὐτοὺς

1401 2353 1418 2386 ὁ
1439 2350 1571 2399 δαίμων
1595 2349 1815 2394 ἐπιπτδῆσας
1843 2352 1977 2397 αὐτοῖς,
1997 2349 2057 2386 καὶ
2085 2349 2212 2386 εἰπών·
2240 2349 2310 2385 Τὸν
2343 2348 2417 2394 Ἰη-

1403 2415 1480 2447 σοῦν
1501 2409 1663 2459 γινώσκω
1675 2439 1684 2455 ,
1702 2409 1760 2447 καὶ
1779 2410 1835 2447 τὸν
1853 2411 1992 2447 Παῦλον
2010 2410 2212 2459 ἐπίσταμαι.
2233 2408 2330 2447 Ὡσεὶ
2349 2408 2420 2446 ἔλε-

1401 2486 1459 2520 γεν
1474 2485 1481 2492 ·
1512 2473 1608 2519 ὑμεῖς
1635 2470 1672 2507 οὐ
1707 2469 1884 2507 πιστεύετε
1898 2500 1908 2517 ,
1944 2471 2020 2507 ἀλλ’
2057 2469 2336 2521 ἀποκεχρημένοι
2367 2471 2417 2521 τῷ

1402 2529 1544 2578 ὀνόματι
1564 2530 1675 2567 ταῦτα
1695 2545 1794 2581 φατε.
1815 2531 1950 2567 Οὐκοῦν
1970 2529 2096 2582 ἔρημος
2116 2533 2132 2566 ὃ
2155 2530 2254 2577 ναὸς,
2272 2532 2419 2567 εὐκατα-

1401 2588 1566 2640 γώνιστον
1581 2590 1620 2627 τὸ
1631 2594 1751 2631 σκεῦος
1763 2605 1770 2612 ·
1782 2589 1873 2627 ὥστε
1886 2592 1946 2627 οὐκ
1960 2589 2036 2627 ἐστὲ
2050 2590 2215 2640 κήρυκες,
2231 2590 2309 2627 ἀλλ’
2323 2588 2418 2640 ἐμοὶ,

1402 2649 1519 2700 φησὶν,
1541 2649 1628 2687 ἐστέ.
1648 2649 1764 2692 Πολὺς
1787 2653 1804 2687 ὃ
1824 2651 1927 2700 θυμὸς
1951 2653 2011 2688 τοῦ
2033 2650 2205 2700 δαίμονος.
2229 2648 2420 2687 Ἠδύναντο

1402 2716 1510 2749 ταῦτα
1546 2712 1666 2755 αὖτοὺς
1698 2712 1910 2764 ἐργάσασθαι
1944 2715 1975 2750 οἱ
2009 2714 2212 2759 ἀπόστολοι,
2248 2713 2324 2750 ἀλλ’
2356 2714 2419 2749 οὒκ

1402 2773 1539 2810 ἐποίουν
1556 2772 1653 2815 τέως.
1675 2775 1720 2811 Οἱ
1742 2773 1809 2824 γὰρ
1830 2777 1898 2811 τῶν
1916 2773 2153 2825 ἐργαζομένων
2172 2771 2292 2814 αὐτοὺς
2308 2776 2418 2809 ταῦτα

1402 2837 1628 2885 κρατοῦντες,
1649 2835 1768 2886 πολλῷ
1803 2834 1934 2883 μᾶλλον
1966 2834 2090 2871 αὐτῶν.
2112 2832 2207 2883 ”Ορα
2236 2835 2309 2875 πῶς
2349 2832 2418 2869 δεί-

1401 2909 1521 2931 κνυται
1553 2896 1664 2931 αὐτῶν
1700 2897 1720 2939 ἡ
1746 2894 1933 2940 ἐπιείκεια,
1960 2893 2012 2930 ὅτι
2044 2895 2075 2930 οἱ
2088 2892 2164 2945 {aba
2197 2892 2418 2942 ἐλαυνόμενοι

1401 2959 1543 2992 τοιαῦτα
1560 2958 1729 3001 ποιοῦσιν,
1745 2958 1775 2992 οἱ
1791 2954 1826 2992 δὲ
1844 2954 2109 3005 Οεραπευόμενοι
2125 2953 2283 3003 δαίμονες
2296 2955 2418 2991 τάναν-

1401 3016 1470 3054 τία.
1499 3016 1568 3053 Τὸν
1592 3015 1737 3062 Ἰησοῦν,
1777 3015 1859 3066 φησὶ
1872 3046 1881 3063 ,
1905 3015 2077 3065 γινώσκω.
2110 3017 2244 3053 Οὐκοῦν
2278 3014 2420 3066 αἷσχύν·ι

1403 3080 1481 3123 θητε
1498 3079 1529 3114 οἱ
1549 3080 1747 3126 ἀγνοοῦντες
1765 3078 1874 3125 ὑμεῖς.
1895 3075 1965 3113 Καὶ
1985 3076 2042 3113 τὸν
2061 3077 2200 3114 Παῦλον
2215 3074 2416 3124 ἐπίσταμαι.

1403 3139 1528 3179 Καλῶς
1546 3135 1606 3173 καὶ
1624 3139 1740 3173 τοῦτο·
1761 3136 1837 3185 ᾔδει
1863 3135 1929 3188 γὰρ
1953 3137 2044 3174 Θεοῦ
2060 3136 2141 3174 ὄντα
2160 3136 2308 3189 κήρυκα.
2328 3128 2418 3172 Εἶτα

1403 3197 1587 3248 ἐφοίλλεται
1607 3196 1661 3233 ἐπ’
1678 3195 1816 3243 αὐτοὺς,
1847 3196 1905 3233 καί
1923 3197 2146 3249 διαῤῥηγνυσι
2161 3196 2206 3234 τὰ
2219 3196 2360 3246 ἱμάτια·
2373 3196 2415 3231 δι’

1401 3251 1446 3293 ὧν
1468 3255 1574 3294 ἐποίει
1599 3259 1730 3304 αὐτοῖς,
1752 3260 1850 3293 τοῦτο
1874 3257 2055 3307 μονονουχὶ
2075 3256 2210 3307 *λέγων
2225 3270 2232 3278 ·
2249 3254 2296 3305 μὴ
2313 3254 2415 3304 νομί-

1413 3365 1512 3403 >iq-w.
1532 3361 1718 3398 0010111111*
1736 3360 1923 3401 deficiunt]
