2502 3810
693 269 738 299 IN
775 266 888 298 ACTA
920 265 1258 300 APOSTOLORUM.

84 355 192 393 ἔθνεσι
229 352 456 403 διαλέγεσθαι.
487 351 619 390 Σκόπει
646 351 702 390 δέ·
731 352 890 404 πρώτους
921 352 1010 391 ’δΙου
1014 352 1107 394 αίους

84 414 238 459 καλεῖ,”
220 429 339 452 επειτα
365 412 475 457 δείξας
504 415 618 456 αὐτοῖς
646 413 688 450 τὰ
716 413 932 464 πράγματα,
952 413 1028 450 τότε
1049 413 1108 451 ἐπι

84 474 128 514 τὰ
147 475 225 521 ἔθνη
247 474 397 527 ἔρχεται.
429 474 481 511 Τὸ
514 473 549 510 δὲ
582 472 689 516 οὕτως
721 475 847 519 εἰπεῖν,
865 473 917 511 ὅτι
950 468 1041 512 Eine
1069 473 1108 511 τὸ

84 538 232 586 Πνεῦμα
243 566 252 583 ,
273 535 367 573 οὐδὲν
387 534 586 585 θαυμαστόν
598 550 606 558 ·
627 534 686 572 καὶ
698 534 766 587 γὰρ
781 540 795 555 “”
808 535 952 585 ἅγγελος
966 534 1106 585 λέγεται

84 597 196 648 λέγειν
216 597 304 649 ἅπερ
322 597 362 633 ἂν
380 600 396 635 ὃ
414 595 537 648 Κύριος
557 595 649 647 εἴπῃ.
681 597 805 639 Καλῶς
826 590 919 641 εἶπε,
939 596 1046 647 φησὶ,
1067 596 1107 633 τὸ

86 660 231 709 Πνεῦμα
249 658 288 695 τὸ
312 658 426 709 ἅμον·
458 657 535 695 ἀλλ’
565 658 711 694 ἐνταῦθα
742 672 804 705 μεν
833 672 961 704 ουτως,
983 658 1053 694 ἐκεῖ
1071 656 1106 695 δὲ

87 719 211 758 οὐκέτι.
231 718 362 761 Ἄλλως
385 717 420 756 δε
439 734 497 755 και
518 716 598 755 ὅταν
613 717 779 768 διηγηταί
791 733 842 760 τις
857 717 937 769 περὶ
956 721 1023 755 τῶν
1040 717 1107 755 ὑπὸ

87 794 145 816 του
164 779 308 831 ἀγγέλου
334 781 371 816 λε
373 778 477 829 χθεν
479 793 547 824 ων,
568 780 604 815 οὗ
624 777 740 828 λεγει,
761 779 875 820 καλῶς
894 781 988 814 εἶπεν
1005 777 1061 815 δ”
1038 793 1106 828 αγ-

86 842 203 889 γελος,
232 839 338 886 ἀλλὰ,
359 840 474 881 καλῶς
506 832 599 876 εἶπεν
622 841 638 875 ὃ
658 837 802 889 Κύριος,
833 840 948 881 καλῶς
974 842 1049 876 εἰπε
1069 837 1107 875 τὸ

88 901 254 950 Πνεῦμα·
274 900 356 938 ὡσεὶ
376 900 489 948 ἔλεγεν
502 914 509 921 ·
542 900 603 935 οὐκ
624 897 701 947 ἐμοὶ
719 900 916 944 ἀπιστεῖτε,
943 897 1033 936 ἀλλὰ
1057 900 1106 948 τῷ

88 959 281 1009 Πνεύματι.
302 959 410 998 ’Ώστε
431 960 557 996 ἄνωθεν
574 962 674 996 τοῦτο
693 957 866 1009 προῄδειὸ
886 957 988 1000 Θεός.
1007 958 1106 995 Οῗτι-

89 1034 140 1062 νες
151 1019 393 1071 ἀνακρίναντές
408 1034 467 1068 με,
480 1017 582 1069 φησὶν
594 1045 604 1062 ,
617 1016 798 1054 ἐδούλοντο
818 1018 991 1054 ἀπολῦσαι
1005 1031 1011 1038 ·
1028 1032 1107 1054 του-

87 1079 219 1126 τέστιν,
240 1080 334 1117 οὐδὲν
357 1078 509 1129 εὑρόντες
525 1076 618 1120 ἄξιον
635 1076 826 1122 καταδίκης
850 1079 885 1114 ἐν
906 1076 1001 1126 ἐμοὶ,
1020 1078 1106 1115 ἀπο-

87 1139 180 1176 λύειν
202 1139 336 1185 ἤθελον.
357 1138 427 1176 Kal
446 1137 520 1176 δέον
541 1137 689 1179 ἐκείνους
720 1136 915 1181 ἐξελέσθαι,
946 1137 1105 1189 παρέδυ)-

86 1215 149 1237 καν
166 1202 212 1243 εἰς
238 1205 358 1255 χεῖρας
376 1197 584 1248 (Ρωμαίων
606 1199 664 1235 καὶ
696 1197 845 1245 τοσαύτη
874 1201 895 1244 ἡ
924 1198 1107 1250 περιουσία

86 1262 147 1305 τῆς
163 1259 376 1311 ἐλευθερίας,
395 1258 448 1296 ὅτι
466 1258 542 1296 οὐδὲ
562 1261 687 1297 ἐκεῖνοι
714 1258 859 1310 ἴσχυσαν
879 1266 1106 1311 κατακρῖναι,

86 1319 176 1358 ἀλλὰ
204 1320 341 1370 δέσμιον
361 1320 580 1372 παρέδωκαν.
600 1321 844 1370 Ἠναγκάσθ-1,ν
858 1350 868 1365 ,
886 1320 989 1372 φησὶν
1001 1351 1010 1368 ,
1028 1323 1107 1359 ἐπι-

86 1380 299 1419 καλέσασθαι
315 1381 479 1433 Καίσαρα
491 1409 500 1426 ,
527 1383 592 1433 οὐχ
610 1383 656 1424 ὡς
673 1386 732 1419 τοῦ
751 1380 864 1424 ἔθνους
885 1397 948 1432 μου
970 1382 1059 1435 ἔχων
1073 1399 1107 1420 τι

87 1446 326 1495 κατηγορῆσαι
341 1457 348 1465 ·
369 1442 560 1489 τουτέστιν,
576 1447 642 1493 οὐχ
655 1441 711 1479 ἵνα
725 1440 741 1462 ¹²
754 1449 874 1486 κακοῖς
891 1442 1026 1495 ἑτέρους
1043 1460 1108 1482 πε-

88 1503 241 1554 ριίοίλω,
266 1505 342 1541 ἀλλ’
371 1503 427 1541 ἵνα
458 1506 575 1542 κακῶν
597 1503 744 1552 ἐμαυτὸν
766 1503 955 1548 ἀπάλλαξω
972 1535 982 1552 ,
1009 1510 1108 1544 τοῦτο

87 1563 256 1612 ἐποίησα,
275 1564 333 1602 καὶ
353 1566 418 1616 οὐχ
447 1564 534 1601 ἑκὼν
547 1594 556 1612 ,
574 1565 648 1602 ἀλλ’
676 1564 917 1615 ἀναγκασθείς.
937 1565 1035 1616 υΟρα
1055 1567 1107 1602 οἷ·-

87 1625 252 1670 κειότητα
277 1624 460 1676 ρημάτων·
490 1627 552 1662 οὐκ
590 1625 656 1662 ἀλ)
649 1628 832 1676 οτριοῦται
863 1625 1002 1673 αὒτους,
1029 1627 1106 1663 ἀλλ’

89 1686 305 1724 οἰκειοῦται*
328 1688 377 1723 τῶ
399 1688 519 1733 εἰπεῖν,
542 1687 614 1723 Τοῦ
631 1685 745 1728 ἔθνους
762 1701 838 1736 μου.
856 1686 970 1724 Πάλιν
989 1686 1024 1725 δὲ
1039 1703 1108 1725 κα-

87 1746 269 1798 τασπείρει
301 1763 340 1785 το
369 1747 418 1785 δό·
409 1763 494 1798 γμα.
515 1746 584 1784 Καὶ
603 1749 664 1784 οὐκ
698 1750 811 1794 εἶπεν,
835 1749 873 1785 οὗ
902 1751 1108 1800 κατηγορῶ,

89 1808 188 1852 ἀλλ’,
210 1807 324 1845 Οὐκ”
307 1823 378 1858 εγω
397 1823 430 1844 τι
450 1822 538 1853 κατη
543 1822 710 1859 γορησαι,
739 1807 853 1846 καίτοι
877 1812 1020 1846 τοιαῦτα
1039 1824 1108 1846 πα-

88 1865 155 1904 θὼν
175 1866 265 1905 οὕτω
282 1867 386 1905 δεινά.
407 1867 517 1905 Οὐδὲν
535 1862 590 1905 οἶν
605 1866 733 1906 τούτων
749 1868 851 1920 φησὶν
865 1898 874 1916 ,
892 1868 947 1906 ἵνα
965 1867 1013 1919 μὴ
1030 1883 1110 1921 φορ·

87 1927 183 1966 τικὸν
198 1928 326 1980 ποιήσῃ
344 1928 400 1965 τὸν
412 1928 512 1980 λόγον
525 1944 532 1951 ·
547 1927 624 1966 οὐδὲ
646 1928 850 1981 γαρίζεσθαι
870 1930 983 1973 αὐτοῖς
1000 1931 1106 1967 δοκεῖ.

88 1988 158 2026 Καὶ
178 1988 235 2025 διὰ
258 1993 356 2027 τοῦτο
392 1990 429 2027 οὐ
458 1989 576 2041 λε’γει,
608 1990 685 2027 ἀλλ’
707 1989 895 2028 αἰνίττεται
922 1990 1023 2040 μόνον
1049 1991 1108 2029 καὶ

88 2050 324 2100 παρατρέχει·
347 2053 447 2088 τοῦτο
475 2049 542 2101 γὰρ
570 2044 612 2096 ἦν
631 2049 716 2093 τέως
743 2050 783 2089 τὸ
814 2051 1109 2101 σπουδαζόμενον,

88 2110 128 2147 τὸ
147 2109 254 2153 δεῖξαι
272 2110 323 2147 ὅτι
342 2110 530 2161 Ῥωμαίοις
549 2111 755 2163 παρέδωκαν
771 2112 922 2162 δέσμιον.
939 2118 952 2133 ⁰
964 2113 1055 2156 Τοὺς
1075 2113 1110 2151 δε

90 2171 322 2209 καταδικάσαι
352 2173 424 2210 δέον
444 2172 612 2220 ἐκείνους,
638 2173 712 2210 δέον
731 2176 993 2225 κατηγορῆσαι,
1022 2177 1110 2225 μᾶλ-

88 2231 147 2268 λον
168 2232 433 2282 ἀπολογοῦνται·
455 2234 498 2270 δι’
514 2227 561 2270 ὧν
582 2232 616 2272 δὲ
645 2234 887 2285 συνυφαίνουσι
907 2234 970 2281 τὴν
985 2237 1110 2274 ἀπολο-

89 2291 180 2343 γίαν,
201 2297 450 2344 κατηγοροῦσιν
480 2295 604 2331 αὐτῶν.
634 2293 796 2332 Γνωστόν
819 2297 910 2332 ἐστιν
932 2299 1037 2345 ἡμῖν,
1055 2296 1110 2335 ὅτι

88 2359 283 2404 πανταχοῦ,
305 2354 421 2405 φησὶν,
435 2354 664 2405 ἀντιλέγεται.
674 2354 765 2392 Ἀλλ’
778 2356 807 2392 εἷ
826 2355 885 2393 καὶ
903 2360 1002 2399 τοῦτο
1017 2373 1110 2408 συμ-

88 2411 219 2460 ὅαίνει,
235 2413 328 2463 ὅμως
349 2414 407 2451 καὶ
427 2414 608 2453 πιστεύετε
635 2410 906 2466 πανταχοῦ.οἷς
927 2416 1107 2465 ἐξετίθετο,

88 2473 210 2525 φησὶν,
238 2474 307 2512 ἀπό
325 2490 362 2512 τε
380 2474 485 2525 νόμου
503 2475 562 2512 καὶ
576 2478 775 2528 προφητῶν.
797 2474 894 2528 “Opa
919 2477 1025 2517 πάλιν
1049 2481 1110 2517 οὐκ

88 2533 158 2571 ἀπὸ
176 2532 348 2584 σημείων,
368 2536 445 2573 ἀλλ’
464 2536 532 2574 ἀπὸ
551 2535 656 2586 νόμου
686 2536 747 2575 καὶ
765 2540 951 2589 προφητῶν
970 2541 1110 2578 ἐπιστο-

89 2593 232 2644 μίζοντα
252 2595 395 2643 αὖτοὺς,
414 2596 475 2634 καὶ
492 2600 672 2649 πανταχοῦ
692 2602 793 2636 τοῦτο
822 2603 988 2636 ποιοῦντα
1004 2616 1011 2623 ·
1032 2600 1110 2639 καί·

88 2671 141 2694 τοι
159 2672 198 2708 γε
222 2658 299 2702 ἐνῆν
320 2657 379 2694 καὶ
396 2663 525 2707 σημεῖα
546 2661 713 2706 ποιῆσαι,
734 2659 824 2698 ἀλλὰ
843 2660 963 2698 λοιπὸν
982 2664 1043 2700 οὐκ
1060 2661 1110 2699 ἔτι

89 2717 210 2756 πιστὸν
228 2716 268 2754 τὸ
286 2724 434 2769 πρᾶ(μα
451 2713 510 2765 ἦν·
534 2719 624 2770 μέγα
652 2719 720 2772 γὰρ
751 2725 850 2759 τοῦτο
880 2729 1048 2773 σημεῖον,
1073 2725 1112 2762 τὸ

90 2777 160 2815 ἀπὸ
173 2777 278 2827 νόμου
297 2777 355 2815 και
382 2795 449 2816 των
460 2795 655 2855 :tpoqmrow
676 2780 908 2833 διαλέγεσθαι.
939 2777 1072 2821 Εἰτα“
1058 2801 1112 2822 ινα

92 2836 141 2887 μὴ
158 2838 302 2890 νομίσῃς
319 2839 512 2893 παράδοξον
535 2844 643 2888 εἶναι,
669 2841 708 2879 τὸ
731 2848 845 2893 μεῖναι
866 2843 987 2888 αὐτους
1007 2847 1111 2883 ἀπει-

92 2900 286 2946 θοῦντας,’
272 2899 392 2951 επάγει
409 2901 469 2938 καὶ
488 2901 702 2953 προφητείαν
719 2902 782 2950 τὴν
802 2903 987 2956 λέγουσαν·
1007 2905 1111 2957 Ακοῇ

91 2957 254 2996 ἀκούσετε
288 2960 346 2997 καὶ
378 2963 415 2998 οὖ
450 2961 498 3012 μὴ
529 2965 652 3008 συνῆτε
665 2979 672 2986 ·
699 2966 849 3014 μᾶλλον,
870 2966 973 3018 φησὶ,
1000 2971 1058 3005 νῦν
1089 2967 1111 3014 ἢ

92 3018 189 3057 τότε·
210 3019 270 3057 καῖΙ
296 3020 438 3072 ὄψεσθε,
468 3023 528 3061 καὶ
553 3025 590 3061 οὐ
622 3023 670 3075 μὴ
704 3024 820 3073 ἴδητε·
851 3028 981 3078 μᾶλλον
1011 3027 1111 3075 νῦνῆ

91 3080 180 3118 τότε.
201 3080 296 3132 Πρὸς
317 3081 464 3126 ἐκείνους
495 3083 632 3137 εἴρηται
653 3090 763 3125 ταῦτα
792 3086 869 3131 τοὺς
895 3089 1112 3135 ἀπιστήσαν-

93 3155 154 3184 τας
168 3169 178 3188 ,
196 3140 218 3178 ἃ
246 3140 305 3178 καὶ
329 3144 394 3194 οὐχ
425 3143 619 3196 ὓὸρίζοντος
650 3140 714 3196 ἦν,
735 3147 827 3187 ἀλλὰ
858 3149 898 3188 τὸ
919 3149 1112 3188 σκάνδαλον

138 3282 153 3298 ¹
175 3270 237 3304 Alii
251 3277 403 3316 ἅγγελος
389 3277 510 3311 οὖναται
527 3281 558 3311 λέ
548 3294 630 3322 γειν.

140 3324 156 3349 Ῐ)
181 3333 277 3363 κακοῖς
304 3329 353 3359 ἑτέ
339 3340 439 3366 ερους,
463 3339 511 3361 Slc
537 3341 621 3363 unus
646 3331 761 3367 Codex
776 3335 854 3378 [D.]
878 3345 979 3371 recle.
1011 3337 1103 3374 Edtti

99 3375 186 3410 male
203 3384 301 3415 κακοῖς
322 3380 445 3423 ἑτέροις.

320 3454 416 3479 ΤΟΜ.
449 3456 502 3480 ix.

2074 250 2160 305 451

1131 359 1155 389 C
1182 348 1422 401 exasperavit.
1439 350 1525 388 Jure
1539 361 1657 400 ergoD
1638 347 1800 386 “entibus
1815 348 1912 386 salus
1931 362 2090 386 concessa
2104 358 2167 396 est,

1179 411 1259 462 jure
1273 425 1316 462 pl
1317 409 1397 448 ocul
1409 409 1539 450 missus
1553 418 1618 457 est,
1630 409 1705 447 illic
1720 410 1883 460 gentihus
1896 409 2166 461 praedicaturus

1181 471 1362 523 Perpende
1377 479 1508 519 autem,
1526 440 1659 522 prinios
1675 472 1696 509 J
1702 469 1817 507 udaeos
1833 469 1983 507 advocat
1999 485 2010 520 5
2033 478 2166 522 postea,

1180 544 1219 572 ut
1234 549 1289 572 res
1305 534 1377 572 illis
1393 533 1619 582 monstravit,
1637 543 1722 571 tunc
1738 533 1782 571 ad
1799 542 1918 584 gentes
1931 533 2040 571 venit.
2057 532 2166 580 Quod

1178 611 1263 634 vero
1282 596 1429 645 dixerit,
1453 598 1568 634 Dixit
1591 597 1768 648 Spiritus,
1791 595 1884 633 nihil
1908 596 2039 633 mirum
2057 612 2067 631 :
2083 609 2163 633 nam

1177 657 1323 708 angelus
1342 657 1476 694 dicitur
1491 671 1530 694 ea
1545 656 1675 702 dicere,
1697 671 1774 707 quae
1791 656 1968 694 Dominus
1990 656 2163 706 loquitur.

1178 719 1283 754 Bene
1312 718 1424 760 dixit,
1450 717 1579 767 inquit,
1606 717 1769 767 Spiritus
1799 725 1973 754 sanctus.
2009 716 2079 754 Sed
2106 716 2165 753 hic

1178 777 1243 826 sic,
1268 777 1342 814 illic
1362 791 1429 814 non
1449 776 1544 814 item.
1561 776 1728 826 Alioquin
1745 791 1831 814 vero
1852 791 1933 814 cum
1953 777 1998 815 de
2018 777 2163 828 quibus-

1178 837 1263 875 dam
1296 838 1341 874 ab
1374 837 1499 888 angelo
1536 836 1642 874 dictis
1669 836 1863 886 loquimur,
1898 851 1968 875 non
1998 837 2163 887 dicimus,

1179 897 1272 934 Bene
1302 897 1398 934 dixit
1423 896 1596 945 angelus,
1625 894 1699 942 sed,
1728 897 1822 933 Bene
1850 896 1947 934 dixit
1969 898 2161 947 Dominus,

1176 956 1272 993 Bene
1283 956 1379 993 dixit
1397 956 1553 1006 Spiritus
1566 970 1577 1003 5
1597 956 1673 992 acsi
1690 954 1823 992 diceret
1839 957 1937 993 :Non
1950 957 2039 994 mihi
2054 958 2163 995 fidem

1176 1016 1328 1067 negatis,
1346 1015 1407 1053 sed
1427 1015 1593 1067 Spiritui.
1616 1016 1741 1065 Itaque
1761 1015 1827 1052 hoe
1848 1016 1933 1053 olim
1953 1018 2051 1055 Deus
2068 1032 2162 1069 prae-

1174 1076 1328 1114 viderat.
1353 1077 1427 1126 Qui
1449 1090 1536 1113 cnm
1561 1078 1863 1125 examinassent,
1888 1077 2020 1127 inquit,
2050 1079 2164 1116 vole—

1176 1138 1271 1175 bant
1300 1151 1360 1174 me
1394 1138 1589 1174 dimittere
1603 1153 1620 1182 ,·
1655 1135 1693 1174 id
1721 1145 1784 1185 est,
1821 1136 1912 1174 nihil
1942 1137 2167 1177 damnatione

1174 1196 1325 1248 dignum
1355 1197 1574 1235 invenientes
1605 1197 1643 1234 in
1671 1211 1739 1245 me,
1769 1197 1953 1236 absolvere
1981 1198 2162 1237 volebant.

1175 1258 1224 1295 Et
1242 1273 1324 1296 cum
1349 1258 1554 1296 debuissent
1577 1257 1682 1295 illum
1701 1259 1849 1310 eripere,
1873 1259 2104 1298 tradiderunt
2124 1260 2162 1298 in

1176 1334 1301 1358 manus
1317 1321 1559 1358 Romanorum
1575 1335 1586 1369 5
1608 1328 1642 1357 et
1656 1328 1753 1357 tanta
1774 1329 1848 1357 erat
1863 1320 2038 1359 libertatis
2053 1322 2165 1359 abun-

1176 1380 1311 1430 dantia,
1341 1390 1380 1419 ut
1410 1381 1516 1418 etiam
1545 1381 1612 1433 ipsi
1643 1380 1879 1419 condemnare
1909 1395 1979 1419 non
2008 1392 2164 1434 possent,

1177 1438 1241 1476 sed
1261 1439 1423 1477 vinctum
1455 1439 1693 1477 tradiderunt.
1721 1440 1888 1478 Coactus
1913 1454 2011 1487 sum,
2037 1441 2165 1491 inquit,

1178 1501 1376 1552 appellare
1391 1501 1582 1538 Coesarem
1593 1516 1607 1544 ‚·
1626 1513 1703 1536 non
1717 1502 1830 1551 qnasi
1840 1501 2008 1538 habeam
2026 1502 2073 1538 de
2089 1515 2164 1553 quo

1176 1569 1327 1613 gentem
1361 1574 1488 1598 meam
1518 1574 1722 1610 accusem3
1753 1560 1794 1598 id
1819 1570 1883 1609 est,
1911 1574 1981 1598 non
2007 1571 2047 1599 ut
2073 1562 2165 1599 mala

1178 1620 1259 1659 aliis
1291 1621 1455 1669 inferam,
1487 1621 1547 1659 sed
1577 1631 1617 1659 ut
1644 1635 1700 1658 me
1723 1636 1743 1659 a
1771 1622 1873 1659 malis
1902 1622 2067 1673 liberem,
2100 1623 2166 1661 hoc

1176 1681 1258 1730 feci,
1279 1695 1342 1719 nec
1367 1681 1507 1731 lubens,
1526 1680 1588 1719 sed
1611 1690 1763 1718 coactus.
1780 1681 1877 1721 Vide
1894 1683 2088 1720 verborum
2113 1684 2164 1721 fa-

1178 1743 1418 1781 miliaritatem
1437 1759 1445 1779 z
1463 1757 1532 1780 non
1558 1756 1593 1780 se
1611 1742 1782 1790 alienum,
1805 1743 1865 1780 sed
1886 1744 2074 1795 proprium
2093 1745 2165 1783 illis

1177 1804 1273 1853 facit,
1309 1818 1391 1842 cum
1428 1803 1531 1854 dicit,
1566 1804 1701 1841 Gentis
1738 1818 1842 1841 meoe.
1880 1805 2018 1842 Rursus
2047 1815 2164 1843 autem

1176 1865 1306 1916 dogma
1326 1864 1546 1903 disseminat.
1567 1866 1641 1902 Nec
1668 1864 1779 1911 dixit,
1804 1865 1883 1902 Non
1901 1879 2027 1903 accuso
2046 1881 2057 1914 ;
2084 1866 2162 1917 sed,

1178 1928 1269 1965 Non
1288 1929 1410 1964 liabeo
1430 1927 1534 1978 quod
1554 1939 1741 1973 accusem,
1765 1925 1829 1963 etsi
1852 1935 1925 1963 tam
1944 1927 2068 1977 gravia
2084 1942 2162 1979 pas-

1179 2001 1252 2025 sus.
1272 1987 1375 2025 Nihil
1396 2000 1479 2038 ergo
1502 1987 1632 2024 horum
1651 1986 1754 2036 dicit,
1777 2000 1821 2023 ne
1849 2000 2016 2025 onerosus
2042 1997 2131 2026 esset
2153 2005 2162 2025 ε

1179 2062 1292 2099 neque,
1311 2048 1358 2085 ad
1387 2047 1537 2099 gratiam
1567 2047 1653 2099 ipsis
1679 2047 1777 2098 loqui
1808 2046 1959 2085 v.idetur
1984 2048 2070 2086 Ideo
2096 2062 2165 2087 non

1136 2119 1298 2175 mapale
1319 2109 1492 2160 loquitui,
1513 2108 1574 2146 sed
1595 2108 1798 2146 subindicat
1820 2117 1958 2146 tantum
1974 2118 2006 2147 et
2021 2119 2165 2161 praeter-

1129 2186 1156 2215 A
1180 2172 1313 2210 currit:
1330 2172 1397 2209 hoc
1412 2171 1506 2209 enim
1521 2170 1660 2207 interim
1677 2170 1841 2208 studebat
1857 2171 2051 2221 ostende1e,
2068 2172 2166 2222 quod

1179 2232 1348 2270 Romanis
1361 2232 1465 2269 illum
1478 2231 1641 2270 vinctum
1653 2230 1893 2268 tradidissent.
1908 2231 1967 2268 Illi
1982 2245 2066 2268 velo
2084 2246 2165 2269 cum

1178 2292 1259 2330 illos
1277 2292 1446 2330 damnare
1470 2301 1503 2329 et
1523 2305 1688 2329 accusare
1709 2291 1932 2343 oportuisset,
1952 2292 2072 2343 potius
2097 2292 2166 2330 de-

1178 2354 1327 2392 sendum
1352 2368 1438 2404 eos,
1460 2353 1521 2391 sed
1540 2367 1604 2405 per
1630 2367 1684 2399 ea,
1706 2353 1838 2404 quibus
1859 2353 2059 2405 apologiam
2079 2368 2164 2392 con-

1178 2424 1318 2464 texunt,
1347 2414 1442 2466 ipsos
1477 2423 1657 2452 accusant
1685 2415 1830 2451 Notum
1861 2423 1917 2452 est
1955 2417 2076 2464 nohis,
2112 2415 2166 2453 in-

1180 2477 1322 2526 quiunt,
1346 2477 1450 2529 quod
1467 2477 1608 2527 ubique
1627 2477 1923 2515 contradicitur.
1942 2475 2011 2514 Sed
2031 2476 2166 2514 etiamsi

1180 2536 1249 2575 hoc
1275 2537 1468 2588 contingat,
1489 2545 1642 2573 attamen
1677 2535 1819 2588 ubiques
1836 2536 1991 2574 creditis.
2021 2537 2167 2587 Quibus

1182 2599 1410 2648 exponebat,
1442 2596 1572 2646 inquit,
1607 2609 1632 2632 a
1661 2596 1742 2646 lege
1775 2604 1812 2632 et
1837 2597 2046 2647 prophetis.
2071 2596 2167 2636 Vide

1183 2672 1306 2696 rursus
1325 2658 1430 2695 illum
1448 2671 1516 2694 non
1539 2671 1558 2694 a
1575 2656 1700 2707 signis,
1716 2655 1779 2693 sed
1798 2671 1818 2693 a
1834 2656 1910 2707 lege
1928 2666 1962 2694 et
1983 2657 2166 2709 prophetis

1184 2734 1222 2758 os
1247 2718 1320 2756 illis
1340 2718 1518 2765 obturare,
1536 2726 1569 2754 et
1588 2716 1719 2766 ubique
1739 2716 1808 2754 hoc
1828 2730 1945 2767 agere,
1964 2717 2029 2755 etsi
2047 2718 2169 2756 liceret

1184 2781 1284 2833 signa
1305 2781 1443 2828 facere3
1470 2779 1532 2817 sed
1558 2778 1725 2830 deinceps
1745 2792 1814 2816 non
1834 2778 1919 2816 fidei
1940 2794 1994 2817 res
2015 2780 2138 2818 fuisset
2158 2797 2165 2816 :

1184 2855 1353 2893 magnum
1367 2840 1461 2881 enim
1477 2849 1551 2878 erat
1568 2840 1709 2891 signum
1726 2839 1835 2891 alege
1849 2849 1882 2877 et
1898 2841 2081 2893 prophetis
2095 2842 2169 2880 dis-

1185 2917 1312 2942 serere.
1337 2901 1490 2952 Deinde,
1509 2916 1554 2939 ne
1583 2910 1684 2953 putes
1708 2915 1783 2938 rem
1808 2915 1937 2939 novam
1963 2916 2050 2949 esse,
2072 2903 2169 2953 quod

1184 2965 1238 3003 illi
1254 2963 1430 3003 increduli
1445 2971 1641 3014 manerent,
1657 2961 1795 3000 inducit
1813 2963 2036 3014 prophetiam
2050 2963 2170 3002 dicen-

1185 3035 1280 3064 tem:
1298 3024 1411 3063 Aure
1430 3025 1611 3074 audietis,
1634 3031 1670 3060 et
1692 3036 1769 3060 non
1789 3024 2036 3075 intelligeti53
2056 3025 2170 3076 magis

1186 3100 1293 3133 nunc,
1321 3086 1452 3136 inquit,
1475 3098 1582 3135 quam
1612 3092 1721 3121 tunc:
1743 3091 1779 3121 et
1800 3084 1995 3133 videbitis,
2026 3094 2064 3123 et
2093 3099 2171 3122 non

1185 3149 1399 3201 percipietis
1414 3161 1426 3197 5
1450 3146 1565 3197 magis
1590 3157 1685 3182 nunc
1707 3157 1815 3195 quam
1834 3153 1933 3182 tunc..
1953 3145 2082 3183 Contra
2110 3146 2170 3184 in-

1297 265 1452 296 HOMlL.
1491 265 1566 295 LV.

1129 1570 1153 1600 E

1213 3282 1228 3299 ⁸²
1253 3282 1320 3324 [τῷ
1336 3280 1377 3311 D.
1391 3279 1567 3320 Perperam
1584 3276 1674 3310 Edit}
1689 3276 1752 3319 τό]

1213 3345 1226 3359 ⁸
1250 3334 1455 3373 καταδικάσαι.
1473 3330 1582 3362 Locus
1597 3329 1685 3360 haud
1697 3327 1798 3362 dubie
1812 3329 1959 3363 vitiosus.
1977 3329 2178 3373 [Adjecimus

1171 3394 1308 3420 auctore
1338 3383 1380 3417 D.
1415 3385 1481 3421 τοὺς
1518 3386 1548 3417 δέ
1578 3389 1657 3414 ante
1687 3384 1901 3421 καταδικάσαι,
1934 3394 2006 3425 quae
2038 3384 2108 3427 jam
2146 3385 2181 3422 in

1932 3448 1983 3495 52
