2466 3805
666 224 704 253 {N
745 223 860 253 ACTA

59 307 139 360 περὶ
158 307 292 345 τούτου.
315 307 446 344 Τοῦτον
467 306 522 343 τὸν
550 306 701 352 Ἰησοῦν,
724 304 760 342 ὃν
787 306 884 353 ὑμεῖς
903 301 1078 354 ἐσταυρώ-

60 384 155 406 σατε.
170 368 295 409 Καλῶς
311 369 455 405 ἐνταῦθα
474 365 592 412 ἔληξε,
613 364 772 403 διασείων
794 366 906 402 αὐτῶν
922 363 984 410 τὴν
1002 361 1079 399 διά-

57 445 164 468 νοιαν.
184 427 331 475 Ἐπειδὴ
349 427 416 480 γὰρ
446 427 567 471 ἔδειξεν
588 426 707 472 ἡλίκον
728 425 821 472 ἐστὶ,
844 424 923 463 τότε
959 422 1080 462 λοιπὸν

58 489 118 528 καὶ
142 489 182 526 τὸ
207 487 374 539 τόλμημα
395 487 589 539 ἐγύμνωσεν
604 517 614 535 ,
640 486 730 524 ὥστε
750 489 863 537 μεῖζον
885 485 990 529 δεῖξαι
1020 483 1080 521 καὶ

58 551 108 601 τῷ
127 548 224 601 φόόῳ
241 547 361 590 αὐτοὺς
381 549 481 586 ἑλεῖν.
495 550 548 586 Οὐ
559 547 626 598 γὰρ
645 546 753 589 οὕτως
770 548 801 583 οἱ
818 545 993 597 ἄνθρωποι
1005 550 1080 586 ταῖς

61 609 270 661 εὐεργεσίαις
297 609 504 660 ἐπείγονται,
529 610 576 649 ὡς
602 611 652 660 τῷ
674 607 769 658 φόόῳ
802 605 1079 657 σωρρονίζονται.

62 669 161 708 Οῖδὲ
182 670 374 720 Θαυμαστοὶ
392 669 451 707 καὶ
473 667 616 719 μεγάλοι
634 667 693 705 καὶ
711 670 792 719 Θεῷ
818 665 927 717 φίλοι,
948 664 1082 706 οὐδενὸς

64 730 192 768 τούτων
212 729 365 768 δέονται·
386 724 482 772 οἷος
471 743 488 767 ο
505 730 644 771 Παυλος
662 722 720 774 ἦν.
739 729 791 765 Οὐ
806 726 871 777 γὰρ
885 723 1082 776 βασιλείας,

63 794 101 830 οὗ
121 808 259 843 γεεννης
275 791 405 867 λόγον
392 797 551 829 εποιεῖτο.
567 789 680 828 Τουτό
702 791 775 827 ἐστι
793 789 902 839 φιλεῖν
922 787 979 824 τὸν
996 787 1066 835 Χρι

65 853 157 899 στὸν,
177 867 276 890 τουτο
290 851 362 902 αὴ
357 850 525 888 μισθωτὸν
537 853 642 894 εἰναι,
659 847 746 898 μηδὲ
763 845 1005 898 πραγματείαν
1025 844 1085 882 καὶ

65 930 146 951 καπ·
144 913 258 960 ηλείαν
284 916 460 963 ἡγεῖσθαι,
484 911 560 948 ἀλλ’
590 910 695 952 ὄντως
727 908 883 961 ἐνάρετον
904 911 1006 952 εἶναι,
1027 921 1087 943 και

66 973 123 1012 διὰ
143 974 182 1011 τὸ
201 976 250 1011 τῶ
281 976 362 1026 Θεῳ
390 971 486 1025 φίλον
507 971 620 1009 πάντα
639 975 762 1008 ποιεῖν
795 967 921 1006 Πόσων
948 971 1004 1004 οὖν
1023 967 1086 1004 δα-

66 1034 177 1086 κρύων
198 1035 303 1082 ἄξιοι,
323 1034 404 1071 ὅταν
426 1036 586 1070 τοσοῦτον
614 1030 804 1082 ὀφείλοντες
828 1028 968 1080 μέτρον,
997 1026 1085 1077 μηδε

66 1099 112 1138 ὡς
149 1095 302 1141 κάπηλοι
337 1093 510 1144 μετίωμεν
538 1092 600 1138 τὴν
632 1090 809 1143 βασιλείαν
827 1092 895 1128 τῶν
914 1091 1084 1142 οὐρανῶν,

67 1157 232 1193 Τοσαῦτα
245 1159 329 1205 ἡμῖν
350 1157 572 1206 ὑπισχνεῖται
585 1183 594 1201 ,
614 1152 673 1191 καὶ
692 1152 767 1190 οὐδὲ
779 1151 886 1194 οὕτως
899 1149 1086 1200 ἀκούομεν,

66 1215 114 1254 Τί
136 1214 265 1261 ταύτης
282 1217 344 1260 τῆς
370 1214 494 1266 ἔχθρας
517 1213 590 1251 ἴσον
610 1212 743 1264 γένοιτο
773 1212 834 1259 ἄν,
853 1210 978 1249 Καίτοι
993 1225 1033 1260 γε
1056 1211 1086 1247 οἱ

67 1275 146 1328 περὶ
161 1275 328 1327 χρήματα
346 1273 571 1326 μαινόμενοι,
592 1273 655 1312 κᾶν
668 1272 810 1326 ἐχθροὺς
822 1300 831 1318 ,
846 1271 910 1310 κᾶν
930 1270 1084 1318 δούλους,

987 1348 1088 1371 uovov

69 1337 132 1375 κᾶν
151 1337 431 1388 πολεμιωτάτους
446 1336 592 1388 εὕρωσι,
610 1335 674 1374 κᾶν
690 1335 806 1374 πάντα
821 1333 964 1380 κακοὺς,
987 1369 992 1383 γ

69 1397 104 1437 δὲ
120 1399 416 1450 προσδοκήσωσιν,
434 1397 486 1436 ὅτι
505 1396 674 1449 χρήματα
691 1397 733 1434 δι’
753 1397 864 1433 αὐτῶν
885 1394 1091 1440 δυνησονται

69 1459 203 1506 λαίέῖν,
223 1459 338 1497 πάντα
362 1462 518 1506 ποιοῦσι,
538 1458 598 1496 καὶ
623 1457 870 1504 κολακεύουσι,
900 1456 958 1494 καὶ
991 1459 1089 1508 Οερα-

71 1520 232 1567 πεύουσι,
248 1520 307 1558 καὶ
328 1521 441 1558 δοῦλοι
468 1520 640 1570 γίνονται,
662 1519 720 1557 καὶ
745 1518 884 1556 πάντων
902 1521 1090 1569 ξ’ἡγοῦνται

70 1580 189 1624 αὐτοὺς
206 1581 429 1632 σεμνοτέρους
452 1575 558 1626 εἶναι,
574 1580 630 1618 ἵνα
644 1596 678 1618 τι
698 1580 834 1618 >tetemet
853 1579 936 1630 παρ’
959 1580 1089 1616 αὐτῶν·

70 1645 91 1687 ἦ
106 1641 172 1693 γὰρ
191 1643 258 1678 τῶν
277 1641 468 1694 χρημάτων
481 1642 577 1684 ἐλπὶς
594 1642 689 1680 οὐδὲν
701 1640 831 1679 τούτων
852 1639 974 1682 αὐτοὺς
987 1638 1090 1691 ἀφίη-

72 1717 125 1740 σιν
146 1705 318 1749 ἐννοῆσαι.
338 1701 506 1740 Βασιλεία
526 1702 560 1741 δὲ
580 1703 641 1740 οὐκ
660 1701 800 1754 ἴσΑυσεν
816 1701 881 1740 ὅσα
905 1700 1092 1752 χρήματα,

73 1765 203 1813 μᾶλλον
226 1763 261 1802 δὲ
286 1763 361 1802 οὐδὲ
384 1763 423 1800 τὸ
449 1763 655 1802 πολλοστόν·
694 1763 807 1802 καίτοι
833 1762 910 1800 οὐδὲ
933 1765 950 1799 5
977 1760 1092 1812 τυχών

72 1826 163 1863 ἐστιν
185 1828 202 1863 ὃ
221 1823 514 1876 ἐπαγγελλόμενος
530 1824 652 1872 αὐτὴν,
670 1826 746 1862 ἀλλ’
770 1827 786 1862 5
804 1822 1021 1874 ἀσυγκρίτως
1035 1821 1095 1859 καὶ

73 1888 135 1931 τ’ἧς
152 1885 330 1936 βασιλείας
351 1887 456 1932 αυτῆς
480 1884 616 1936 μείζων.
638 1885 788 1924 ΗΟταν
771 1884 806 1922 οὲ
842 1884 901 1922 καὶ
923 1883 961 1921 τὸ
988 1884 1096 1933 ἐπαγ-

74 1944 221 1998 γεὶλούε
224 1963 279 1985 νον
301 1947 482 1998 βασιλεία,
503 1963 562 1984 και
581 1947 697 1989 Θεὸς
684 1963 701 1984 ο
717 1946 843 1992 ταύτην
861 1944 1034 1994 διδους,μ
1009 1943 1099 2017 μέγα

77 2023 135 2045 και
156 2009 219 2045 αὖτ
223 2007 239 2044 ὸ
255 2008 294 2045 τὸ
314 2023 411 2058 παρα
431 2006 584 2045 τοιούτου
604 2006 808 2056 λαμὸάνειν.
830 2007 939 2044 ἹΝυν
921 2005 955 2044 05
975 2006 1099 2044 ταυτὸν

75 2068 226 2118 γίνεται,
242 2067 360 2119 ὥσπερ
375 2067 414 2104 ἂν
447 2069 476 2105 εἷ
510 2067 671 2118 βασιλεὺς
693 2067 754 2117 μὲν
773 2066 1007 2120 κληρονόμους
1038 2067 1100 2103 αὐ-

76 2132 133 2166 τοῦ
151 2128 210 2166 καὶ
232 2127 530 2180 συγκληρονόμους
549 2131 599 2181 τῷ
618 2130 684 2180 υἱῷ
713 2128 920 2179 βουλόμενος
952 2130 1100 2173 ποιῆσαι

77 2189 165 2239 μετὰ
183 2189 307 2242 μυρίας
341 2189 403 2227 καὶ
438 2189 556 2240 ἑτέρας
582 2188 794 2240 εὐεργεσίας,
825 2194 1097 2240 καταφρονοῖτο·

75 2250 271 2301 λῇσταρχος
288 2249 323 2287 δὲ
351 2248 458 2301 μυρία
483 2249 539 2286 καὶ
566 2252 660 2300 ἡμᾶς
688 2249 747 2287 καὶ
780 2248 858 2292 τοὺς
885 2254 994 2300 γονεῖς
1020 2247 1099 2292 τοὺς

75 2310 263 2362 ἡμετέρους
281 2310 422 2359 διαθεὶς,
437 2310 496 2348 καὶ
517 2310 646 2362 μυρίων
664 2310 779 2362 γέμων
795 2313 925 2358 κακῶν,
947 2310 1006 2348 καὶ
1034 2326 1096 2348 κα-

74 2370 261 2423 ταισχύνας
288 2374 388 2420 ἡμῶν
415 2371 474 2408 καὶ
504 2370 566 2418 τὴν
595 2370 694 2415 δόξαν
718 2371 778 2410 καὶ
805 2370 868 2418 τὴν
896 2371 1094 2425 σωτηρίαν,

75 2432 135 2470 ἕνα
163 2431 264 2482 μόνον
287 2431 405 2471 ὂὸολὸν
425 2431 535 2477 δείξας
548 2439 774 2487 προσκυνοῖτο
792 2435 874 2485 παρ’
891 2435 1004 2484 ἡμῶν.
1024 2435 1095 2471 Βα-

77 2494 206 2532 σιλείαν
239 2492 490 2544 ἐπαγγέλλεται
518 2496 535 2531 ὃ
569 2494 658 2538 Θεὸς
675 2523 685 2541 ,
717 2494 777 2532 καὶ
808 2501 1075 2546 καταφρονεῖται
1088 2510 1095 2517 ·

76 2554 213 2629 γέενναν
229 2553 384 2607 προξενεῖ
395 2558 412 2592 5
431 2555 608 2601 διάὸολος,
623 2555 682 2594 καὶ
697 2562 854 2607 τιμᾶται.
867 2550 979 2600 Οἷτος
995 2556 1096 2603 Θεὸς,

78 2617 203 2658 ἐκεῖνος
223 2615 392 2666 διάβολος.
419 2614 509 2654 Ἀλλ’
542 2615 670 2666 ἴδωμεν
693 2620 760 2655 τῶν
784 2618 1032 2669 ἐπιταγμάτων
1058 2617 1097 2655 τὸ

79 2676 251 2729 διάφορον.
271 2678 316 2714 Εἰ
337 2676 405 2730 γὰρ
431 2676 539 2727 μηδὲν
555 2676 685 2715 τούτων
713 2682 770 2727 ἠν,
799 2679 888 2753 μηρὲ
916 2695 1013 2722 ουτος
1033 2679 1096 2730 μὲν

78 2737 214 2784 Θεὸς,’
199 2743 326 2781 εκεῖνος
346 2737 380 2775 δὲ
401 2737 579 2782 ὃιοίοολος·
603 2738 690 2788 μηδὲ
703 2744 799 2782 οὗτος
820 2739 882 2790 μὲν
900 2716 1095 2791 βασιλείαν,

78 2799 206 2843 ἐκεῖνος
231 2798 266 2837 δὲ
285 2798 422 2850 γέενναν
441 2800 633 2850 προεξένει·
648 2800 735 2847 αὐτὴ
762 2804 831 2839 τῶν
851 2802 1097 2853 ἐπιταγμάτων

79 2859 216 2911 ἡφύσις
237 2861 302 2911 οὐχ
321 2860 422 2906 ικανὴ
443 2865 562 2898 πεῖσαι
586 2860 696 2914 τούτῳ
719 2862 948 2913 προσθέσθαι,
967 2863 1015 2901 Τί
1043 2863 1099 2901 δαὶ

80 2920 139 2957 καὶ
166 2920 326 2972 ἑκάτερος
341 2920 534 2969 ἐπιτάττει,
555 2901 710 2965 Ἐκεῖνος
728 2922 772 2961 τὰ
802 2923 1099 2976 καταισχύνοντα,

81 2983 178 3023 οὗτος
199 2997 243 3018 τα
259 2981 407 3026 ἐνδόξους
432 2997 617 3021 ποιουντα·
638 2984 764 3026 ἐκεῖνος
783 2983 827 3022 τὰ
846 2984 985 3036 μυρίαις
1003 3001 1101 3037 περι-

83 3039 254 3078 Εάλλοντα
269 3050 460 3095 συμφοραῖς
473 3059 533 3081 και
552 3043 827 3095 ἇσχημοσύναις,
844 3049 941 3089 ουτος
954 3046 998 3084 τὰ
1013 3048 1103 3084 πολ-

83 3099 146 3146 ὶὴν
165 3117 228 3146 την
248 3101 362 3140 ἄνεσιν
384 3104 519 3155 ἔχοντα.
539 3103 637 3156 θΙΟρα
655 3105 740 3156 γάρ·
761 3109 856 3149 οὗτος
882 3106 995 3158 λεγει,
1016 3107 1102 3145 Μοί-

85 3162 159 3197 Οετε
178 3160 238 3197 ἀπ’
258 3163 358 3211 ἐμοῦ,
378 3162 430 3201 ὅτι
446 3164 555 3215 πρᾶός
571 3167 641 3215 εἰμι
656 3164 716 3203 καὶ
732 3167 894 3210 ταπεινὸς
906 3169 949 3217 τῇ
966 3166 1103 3220 καρδίᾳ,

87 3222 145 3259 καὶ
170 3223 330 3273 εὑρήσετε
353 3225 544 3263 ἀνάπαυσιν
563 3233 638 3270 ταῖς
662 3229 789 3280 ψυχαῖς
825 3230 941 3279 ὑμῶν·
976 3229 1104 3272 ἐκεῖνός

132 3361 143 3373 ⁴
169 3349 216 3381 ΑΙ.
236 3356 391 3392 ἡγήσονται
410 3361 600 3398 σεμνοτέρους
618 3359 698 3389 εἶναι.

897 224 921 250 Α
928 220 1222 251 POSTOLORUM
1230 239 1240 251 ο

2071 201 2126 247 61

1153 303 1270 340 Hunc
1299 301 1448 348 Jesum,
1461 313 1574 352 quem
1600 310 1670 336 vos
1691 296 2055 349 crucifixssstsssene
2068 296 2140 334 huc

1152 361 1312 412 desinit,
1342 362 1488 400 illorum
1525 359 1686 398 animum
1717 358 1912 409 exagitans.
1946 358 2141 408 Postquam

1153 423 1248 460 enim
1269 421 1421 460 ostendit
1439 429 1613 472 quantum
1641 419 1686 457 sit
1705 419 1842 457 facinus
1855 448 1866 468 ,
1890 427 1976 455 tunc
1994 417 2142 456 demum

1153 483 1271 534 ipsum
1285 482 1454 530 declarat,
1470 490 1510 518 ut
1530 481 1581 519 sic
1594 480 1708 532 majus
1727 478 1946 526 ostendatur,
1964 486 1998 515 et
2016 477 2143 515 timore

1153 543 1234 580 illos
1261 542 1440 594 corripiat.
1462 542 1543 579 Non
1571 540 1666 578 enim
1693 539 1743 578 sic
1768 539 1930 576 homines
1960 536 2143 575 beneficiis

1156 603 1375 652 alliciuntur,
1397 612 1437 640 ut
1452 603 1578 640 timore
1597 601 1825 653 castigantur.
1845 598 2057 637 Admirandi
2077 613 2145 636 au-

1156 672 1227 701 tem
1245 664 1337 713 viri,
1356 663 1409 715 pii
1432 677 1473 700 ac
1493 662 1559 700 Dei
1585 662 1705 712 amici,
1732 670 1857 700 neutro
1883 675 1971 713 opus
1985 660 2144 710 habent;

1157 724 1273 774 qualis
1298 733 1372 761 erat
1395 724 1547 772 Paulus,
1569 725 1632 774 qui
1660 737 1723 761 nec
1758 722 1859 774 regni
1885 736 1948 759 nec
1977 721 2143 773 gehennae

1105 815 1134 838 52
1157 784 1328 822 rationem
1354 784 1518 821 habebat.
1541 784 1617 821 Hoc
1645 793 1696 820 est
1720 797 1839 820 amare
1856 783 2056 832 Christum,
2075 782 2143 820 hoc

1110 851 1137 880 A
1159 853 1210 881 est
1236 858 1308 882 non
1341 858 1415 882 esse
1445 843 1704 881 mercenarium
1719 872 1730 891 ,
1755 857 1868 893 neque
1887 852 2063 893 quaestum
2086 843 2145 883 vel

1158 901 1434 956 negotiationem
1464 903 1502 940 id
1540 903 1763 952 existimare3
1804 902 1866 940 sed
1896 903 2029 941 virtute
2064 917 2146 942 vele

1158 965 1351 1031 praeditum
1369 978 1466 1013 esse,
1487 973 1519 1001 et
1545 965 1591 1001 ob
1614 963 1682 1001 Dei
1710 977 1867 1000 amorem
1885 963 2003 1019 omnia
2021 963 2145 1000 facere.

1160 1025 1314 1072 Quantis
1332 1024 1444 1076 igitur
1460 1023 1630 1076 lacrymis
1647 1023 1749 1074 digni
1770 1037 1908 1073 sumus⁷
1933 1023 1995 1073 qui
2014 1032 2149 1062 tantam

1159 1086 1326 1124 debentes
1348 1100 1578 1134 mensuram,
1606 1099 1649 1123 ne
1675 1084 1822 1135 quidem
1847 1093 1886 1121 ut
1917 1084 2149 1136 negotiatores

1159 1161 1308 1198 regnum
1333 1147 1500 1185 caelorum
1529 1145 1756 1197 expetimus?
1790 1147 1907 1183 Tanta
1936 1145 2037 1183 nobis
2073 1145 2149 1197 pol-

1157 1209 1296 1258 licetur,
1310 1223 1423 1259 neque
1441 1209 1491 1246 sic
1506 1207 1673 1245 audimus
1689 1207 1798 1245 eum?
1817 1206 1915 1253 Quid
1931 1206 2016 1244 huic
2031 1206 2150 1244 inimi-

1159 1270 1252 1309 citiae
1274 1284 1338 1323 par
1359 1269 1484 1308 fuerit?
1505 1269 1614 1320 Atqui
1633 1268 1673 1318 ii,
1695 1268 1756 1319 qui
1772 1269 1893 1306 insana
1907 1267 2064 1320 pec-uniae
2083 1282 2150 1306 cu-

1161 1332 1311 1385 piditate
1326 1332 1503 1381 laborant,
1525 1331 1602 1368 sive
1622 1331 1740 1368 hostes
1764 1330 1908 1377 adeant,
1925 1329 2001 1367 sive
2019 1343 2151 1396 servosz

1163 1393 1237 1432 sive
1250 1392 1514 1431 inimicissimos
1529 1391 1610 1441 sibi,
1621 1401 1656 1429 et
1672 1391 1833 1428 omnium
1846 1389 2102 1440 nequissimos3
2122 1389 2152 1427 si

1163 1465 1280 1494 tamen
1299 1464 1439 1507 sperent
1459 1468 1495 1492 se
1510 1467 1611 1506 posse
1626 1467 1688 1505 pel
1703 1453 1783 1490 illos
1801 1452 1968 1505 pecunias
1984 1451 2150 1504 adipisci,

1165 1516 1257 1554 nihil
1281 1530 1351 1554 non
1379 1524 1513 1567 agunt,
1531 1513 1618 1567 ipsis
1646 1513 1861 1562 adulantur,
1878 1513 1973 1564 ipsos
1994 1521 2033 1549 ut
2060 1512 2153 1551 servi

1166 1578 1298 1626 colunt,
1325 1586 1360 1615 et
1387 1576 1548 1615 omnium
1571 1574 1838 1613 honestissimos
1866 1574 2022 1624 habent,
2041 1582 2080 1611 ut
2107 1573 2154 1611 ab

1165 1638 1239 1676 illis
1261 1637 1436 1690 accipiant
1455 1653 1463 1674 ε
1488 1637 1721 1689 pecuniarum
1740 1636 1834 1674 enim
1860 1649 1938 1688 spes
1961 1649 2030 1673 non
2070 1634 2155 1672 sinit

1167 1713 1223 1737 eos
1253 1699 1380 1737 horum
1411 1698 1599 1750 quidpiam
1628 1697 1798 1749 cogitare.
1834 1698 1999 1748 Regnum
2036 1705 2154 1733 autem

1166 1775 1235 1798 non
1260 1769 1399 1798 tantum
1428 1759 1569 1812 poterit,
1597 1768 1770 1809 quantum
1790 1757 1948 1809 pecuniae
1963 1773 1975 1808 3
2006 1756 2078 1794 imo
2110 1770 2153 1793 ne

1169 1821 1359 1859 minimum
1377 1820 1521 1871 quidem
1549 1819 1677 1871 poterit
1697 1835 1704 1855 :
1728 1819 1890 1869 quamvis
1915 1832 1985 1856 non
2004 1832 2023 1856 e
2043 1818 2155 1869 vulgo

1169 1882 1348 1934 quispiam
1368 1881 1425 1930 sit⁷
1441 1881 1501 1931 qui
1518 1879 1609 1918 illud
1623 1880 1814 1932 promittit,
1838 1879 1898 1917 sed
1919 1880 1995 1931 ipso
2015 1892 2157 1929 quoque

1170 1956 1277 1994 regno
1305 1943 1408 1993 longe
1439 1942 1553 1993 major
1574 1941 1633 1978 sit.
1655 1940 1807 1986 Quando
1839 1949 1958 1977 autem
1986 1939 2026 1977 id
2057 1938 2155 1990 quod

1171 2002 1392 2055 promittitur
1415 2015 1566 2054 regnum
1594 2011 1659 2051 est7
1681 2000 1843 2051 illudque
1866 2000 1927 2038 dat
1945 2002 2062 2049 Deus,
2079 2014 2155 2038 ma-

1174 2078 1284 2116 gnum
1312 2072 1404 2102 certe
1423 2072 1473 2101 est
1497 2071 1530 2100 et
1554 2061 1647 2100 illud
1670 2070 1704 2099 et
1727 2076 1747 2098 a
1771 2062 1831 2099 tali
1856 2061 2028 2113 accipere.
2051 2062 2157 2099 Nunc

1173 2135 1293 2164 autem
1318 2124 1466 2177 perinde
1483 2124 1539 2174 fit,
1564 2138 1605 2161 ac
1631 2123 1659 2161 si
1682 2137 1747 2161 rex
1763 2122 1826 2173 qui
1853 2122 2010 2160 haeredes
2028 2131 2062 2159 et
2080 2122 2157 2160 filio

1174 2186 1372 2225 cohaeredes
1393 2186 1471 2225 vult
1488 2186 1602 2222 facere
1620 2198 1690 2234 eOS,
1710 2198 1798 2234 quos
1818 2184 1918 2221 mille
1928 2192 2008 2221 ante
2025 2183 2156 2221 benefi-

1173 2248 1236 2286 ciis
1257 2247 1397 2297 affecit,
1418 2255 1662 2284 contemnatur
1672 2261 1684 2296 ,
1707 2254 1740 2283 et
1762 2246 1940 2283 latronum
1964 2244 2154 2297 princeps,

1170 2310 1232 2362 qui
1246 2308 1440 2347 innumeris
1459 2317 1562 2346 etnos
1573 2317 1605 2346 et
1615 2316 1778 2359 parentes
1795 2315 1932 2344 nostros
1951 2306 2055 2343 malis
2072 2307 2158 2345 affe-

1171 2372 1219 2409 cit
1234 2402 1244 2421 ,
1265 2379 1297 2408 et
1313 2369 1414 2407 mille
1432 2369 1536 2407 malis
1561 2369 1636 2421 ipse
1661 2368 1787 2420 plenus
1803 2377 1870 2417 est,
1891 2367 1920 2405 si
1938 2381 2050 2405 unum
2071 2368 2157 2406 obo-

1168 2433 1246 2470 lum
1267 2432 1404 2479 offerat,
1423 2431 1591 2468 adoretur
1606 2444 1626 2467 a
1650 2429 1764 2467 nobis.
1785 2431 1949 2481 Regnum
1967 2429 2158 2481 pollicetur

1170 2496 1290 2545 Deus,
1320 2502 1355 2531 et
1378 2492 1598 2545 despicitur5
1624 2491 1819 2543 gehennam
1841 2490 2004 2528 conciliat
2029 2490 2157 2528 diabo-

1170 2553 1246 2603 lus,
1268 2561 1302 2590 et
1327 2552 1535 2590 honoratur.
1559 2550 1628 2587 Hic
1655 2551 1751 2588 Deus
1765 2579 1776 2598 ,
1797 2550 1860 2587 ille
1883 2549 2062 2586 diabolus.
2086 2548 2156 2587 Sed

1169 2614 1355 2653 videamus
1382 2620 1637 2665 praeceptorum
1663 2610 1866 2649 discrimen.
1888 2610 1927 2648 Si
1945 2610 2041 2647 enim
2063 2610 2157 2648 nihil

1170 2676 1300 2714 horum
1316 2682 1417 2722 esset,
1428 2687 1540 2723 neque
1549 2672 1609 2709 hic
1627 2673 1744 2721 Deus,
1761 2672 1821 2708 ille
1839 2671 2027 2720 diabolum
2043 2685 2158 2721 neque

1171 2737 1231 2774 hic
1248 2749 1412 2787 regnum,
1426 2734 1488 2772 ille
1511 2734 1708 2785 gehennam
1727 2732 1929 2770 conciliaret
1936 2748 1946 2781 3
1963 2745 2079 2770 annon
2099 2732 2158 2770 vel

1172 2800 1249 2852 ipsa
1268 2806 1525 2851 praeceptorum
1542 2805 1668 2834 natura
1699 2795 1845 2833 suadere
1873 2803 1990 2846 posset
2017 2803 2056 2832 ut
2071 2793 2157 2831 huic

1172 2859 1410 2898 haereremus?
1453 2857 1552 2904 Quid
1579 2857 1690 2908 igitur
1716 2866 1864 2906 uterque
1890 2854 2072 2907 imperat?
2092 2855 2158 2893 Ille

1173 2936 1250 2973 quae
1273 2930 1413 2972 turpes,
1432 2919 1492 2957 hic
1509 2933 1586 2970 quae
1604 2918 1775 2970 gloriosos
1794 2917 1972 2967 reddunt3
1994 2917 2056 2954 ille
2076 2930 2156 2967 quae

1173 2982 1272 3021 mille
1288 2981 1548 3019 calamitatibus
1562 2990 1595 3018 et
1613 2980 1759 3018 infamia
1784 2979 1986 3028 involvunt,
2005 2978 2065 3016 hic
2079 2991 2157 3028 quae

1175 3057 1340 3095 magnam
1372 3042 1517 3094 pariunt
1547 3041 1849 3092 tranquillitatem.
1879 3039 1977 3079 Vide
1989 3053 2155 3090 namque:

1175 3105 1235 3142 ille
1252 3104 1357 3142 dicit:
1377 3105 1525 3141 Discite
1541 3117 1566 3140 a
1582 3116 1641 3139 me
1657 3103 1749 3153 quia
1763 3103 1866 3138 mitis
1876 3114 1959 3138 sum
1978 3109 2013 3138 et
2028 3102 2157 3138 Ῐιιιηιὶ-

1279 220 1443 250 Romu„
1483 218 1546 249 vl.

2211 788 2293 828 Quid
2310 789 2348 815 sit

2157 841 2253 860 amare
2263 830 2348 857 Chri-

2158 880 2247 901 stum.

2174 3112 2283 3140 Maaeeh.
2294 3119 2304 3140 ι
2316 3121 2340 3140 ι.

1177 3167 1225 3204 lis
1259 3167 1396 3215 corde,
1439 3173 1476 3203 et
1508 3165 1709 3202 invenietis
1752 3164 1923 3214 requiem
1950 3164 2156 3200 animabus
2170 3161 2220 3191 ²9·

1129 3240 1152 3269 D
1177 3230 1316 3266 vestris
1328 3244 1344 3273 ,-
1366 3227 1426 3265 ille
1440 3226 1488 3264 ait
1506 3241 1513 3262 ε
1532 3226 1648 3264 Ferox
1667 3232 1738 3262 esto
1758 3232 1792 3261 et
1807 3223 2037 3276 inhumanus,
2053 3233 2157 3275 atque
