2502 3810
758 443 1378 538 PRAEFATIO

908 654 977 692 AD
1005 624 1260 693 HOMILIAS

303 819 415 895 IN
471 816 1085 894 EPISTOLAM
1141 817 1285 890 AD
1352 818 1898 899 ROMANOS.

130 1162 225 1198 Inter
242 1159 472 1211 elegantiores
493 1168 525 1196 et
541 1158 848 1210 praestantissimas
868 1157 1112 1210 Chrysostomi
1135 1159 1318 1198 conciones
1337 1161 1502 1201 Homiliae
1525 1164 1560 1201 in
1581 1164 1779 1217 Epistolam
1795 1168 1842 1207 ad
1863 1171 2038 1213 Romanos
2058 1191 2143 1216 cen*

76 1229 208 1258 sentur.
232 1219 297 1257 His
321 1219 416 1256 enim
434 1218 634 1256 accuratius
653 1217 906 1256 concinnandis
925 1232 1068 1270 operam
1091 1218 1191 1257 dedit
1212 1219 1336 1259 doctor
1357 1232 1488 1271 noster,
1513 1225 1596 1275 quia
1619 1226 1655 1263 in
1676 1227 1741 1265 hac
1760 1229 1907 1281 epistola
1930 1247 1993 1272 sua
2012 1237 2144 1277 Paulus

74 1284 224 1321 obscura
243 1281 507 1332 humanumque
525 1281 752 1319 ratiocinium
771 1280 1021 1332 exsuperantia
1038 1281 1150 1319 multa
1170 1281 1424 1334 admiscuerat,
1442 1301 1520 1336 quae
1539 1287 1718 1339 ingenioso
1738 1305 1778 1329 ac
1796 1302 1938 1334 strenuo
1957 1297 2145 1352 interprete

76 1360 165 1398 opus
191 1346 332 1383 habent.
355 1343 590 1396 Explicandis
613 1343 750 1381 arcanis
776 1343 849 1381 illis
872 1343 1066 1396 mysteriis,
1087 1358 1165 1394 quae
1185 1346 1317 1397 passim
1343 1347 1379 1385 in
1398 1348 1465 1386 hac
1488 1350 1592 1387 Pauli
1617 1352 1763 1404 epistola
1783 1368 1987 1409 occurrunt,
2010 1370 2145 1401 tantam

74 1411 226 1449 Joannes
243 1417 359 1446 noster
377 1407 544 1445 adhibuit
562 1420 719 1458 operam,
734 1415 774 1444 ut
788 1406 852 1445 vix
867 1420 988 1458 parem
1008 1407 1044 1444 in
1066 1407 1206 1459 seriptis
1223 1409 1298 1460 ejus
1313 1409 1566 1462 deprehendas.
1588 1414 1631 1452 Et
1644 1416 1740 1454 certe
1753 1418 1868 1456 multa
1883 1420 1920 1458 in
1935 1421 1997 1460 illa
2012 1424 2145 1464 haben-

74 1481 134 1509 tur
152 1471 244 1509 circa
265 1471 414 1522 gratiam
429 1479 463 1507 et
482 1469 839 1521 praedestinationem,
865 1483 942 1519 quae
960 1469 1259 1521 peritissimorum
1275 1472 1417 1524 ingenia
1437 1486 1637 1525 exerceant,
1658 1493 1806 1531 quaeque
1824 1496 1893 1520 non
1915 1484 1989 1523 sine
2002 1489 2143 1527 errandi

74 1534 231 1585 periculo
248 1533 390 1571 tractari
404 1541 563 1584 possunt,
573 1532 642 1570 nisi
656 1545 783 1583 magna
796 1531 912 1570 cautio
925 1531 1148 1571 adhibeatur.
1162 1533 1298 1572 Mirum
1311 1545 1483 1586 quantum
1497 1537 1665 1578 homilias
1680 1541 1781 1581 hasce
1795 1544 1953 1585 Isidorus
1964 1549 2143 1589 Pelusiota

68 1596 312 1644 celebraverit,
327 1595 388 1645 qui
402 1594 454 1633 sic
464 1595 571 1632 habet
585 1595 650 1633 lib.
669 1597 691 1633 5
713 1595 749 1632 in
777 1595 938 1646 Epistola
954 1595 1005 1632 52
1025 1594 1070 1633 ad
1090 1595 1268 1634 Isidorum
1294 1597 1485 1637 diaconum
1506 1618 1514 1638 :
1537 1602 1572 1639 ἐν
1592 1605 1636 1654 τῇ
1672 1605 1840 1661 ἑρμηνείᾳ
1864 1611 1907 1660 τῇ
1941 1610 2025 1662 πρὸς
2053 1611 2142 1651 Ῥω-

76 1658 194 1707 μαίους
221 1659 407 1708 μάλισταὴ
425 1657 586 1695 Ἰωάννου
604 1660 663 1694 τοῦ
685 1656 861 1708 πανσόφου
896 1655 997 1708 σοφία
1024 1655 1312 1709 τεθησαύρισται·
1333 1652 1431 1710 οἶμαι
1452 1660 1518 1713 γὰρ
1536 1691 1545 1709 ,
1567 1663 1625 1701 καὶ
1658 1665 1706 1716 μή
1736 1682 1787 1710 τις
1807 1668 1892 1721 πρὸς
1909 1671 2013 1722 χάριν
2030 1673 2141 1725 λέγειν

73 1719 260 1769 νομιζέτω,
280 1719 332 1756 ὅτι
348 1720 378 1756 εἷ
403 1723 420 1756 ὁ
439 1720 579 1762 Παῦλος
614 1722 631 1756 ὃ
661 1718 838 1761 θεσπέσιος
856 1717 1014 1765 Ἀττικὴν
1035 1718 1154 1771 εἴληφε
1168 1721 1341 1770 γλῶτταν,
1368 1720 1458 1760 ὥστε
1490 1724 1610 1763 ἑαυτὸν
1632 1728 1867 1778 ἑρμηνεῦσαι,
1888 1732 1948 1770 οὐκ
1968 1733 2007 1770 ἂν
2028 1735 2141 1779 ἄλλως

70 1781 298 1832 ἧρμήνευσεν,
326 1780 348 1826 ἢ
375 1783 420 1823 ὡς
441 1783 458 1818 ὁ
481 1780 730 1833 προειρημένος
749 1780 904 1831 ἀοίδιμος
923 1779 1027 1832 ἁνήρ·
1046 1780 1136 1818 οὕτω
1162 1781 1221 1818 καὶ
1247 1782 1492 1834 ἐνθυμήμασι,
1512 1787 1578 1823 καὶ
1604 1787 1725 1826 κάλλει
1745 1790 1804 1827 καὶ
1822 1793 2018 1847 κυριολεξίᾳ
2042 1798 2141 1836 κεχό-

70 1858 204 1892 σμηται
220 1847 241 1890 ἡ
258 1842 435 1894 ἑρμηνεία.
450 1842 491 1879 Id
508 1851 577 1880 est:
591 1844 641 1879 In
655 1845 929 1880 commentario
950 1845 1120 1880 maxime
1133 1846 1175 1880 in
1198 1845 1416 1896 Epistolam
1438 1848 1492 1884 ad
1506 1849 1701 1888 Romanos
1720 1856 1962 1903 sagacissimi
1971 1858 2140 1897 Joannis

67 1908 268 1957 sapientise
284 1907 456 1943 thesauri
471 1905 821 1956 deprehenduntur.
846 1907 949 1943 Puto
968 1908 1071 1943 enim
1085 1922 1100 1951 ,-
1117 1920 1165 1944 ac
1186 1911 1329 1959 nequis
1348 1923 1407 1946 me
1427 1911 1481 1947 ad
1495 1914 1664 1962 gratiam
1679 1913 1786 1965 loqui
1800 1919 1992 1956 existimet
2006 1935 2017 1955 :
2035 1923 2069 1958 si
2086 1923 2140 1959 di·

69 1970 186 2005 vinus
207 1968 356 2005 Paulus
376 1967 515 2005 Attica
534 1981 624 2005 usas
648 1968 783 2019 lingua
804 1971 1049 2019 semetipsum
1071 1971 1346 2021 interpretatus
1359 1973 1518 2024 suisset,
1541 1987 1619 2011 non
1641 1976 1721 2012 alio
1741 1978 1852 2015 modo
1877 1984 2138 2032 expositurum

55 2031 200 2081 ficisse,
229 2044 345 2082 quam
373 2039 605 2068 memoratus
629 2033 856 2082 conspicuus
880 2033 947 2069 vir
970 2046 981 2066 .-
1001 2034 1059 2069 ita
1088 2046 1220 2084 nempe
1244 2047 1372 2085 sensu,
1399 2035 1595 2087 elegantia
1621 2045 1658 2075 ec
1682 2041 1887 2078 verborum
1903 2048 2139 2095 proprietate

68 2095 149 2144 ejus
167 2095 432 2143 interpretatio
455 2101 630 2130 ornatur.

122 2152 196 2190 Alii
215 2167 354 2203 quoque
369 2152 465 2190 docti
476 2153 547 2191 viri
563 2153 724 2192 eamdem
738 2153 783 2191 de
798 2153 895 2192 hisee
909 2154 1140 2193 concionibus
1156 2156 1364 2195 sententiam
1376 2158 1572 2210 proferunt.
1587 2160 1720 2199 Omnes
1731 2161 1884 2214 denique
1897 2166 1957 2204 hic
1972 2182 2139 2220 magnam

67 2214 200 2266 ingenii
218 2215 464 2265 subtilitatem,
487 2215 612 2254 orandi
631 2216 706 2255 vim
730 2225 763 2254 et
781 2217 991 2267 elegantiam
1017 2217 1304 2270 deprehendunt,
1325 2229 1430 2270 atque
1451 2221 1609 2260 nativam
1629 2224 1703 2275 ejus
1725 2225 1976 2279 eloquentiam,
1998 2232 2137 2270 stilum-

63 2291 134 2327 que
147 2277 280 2315 caeteris
299 2278 544 2330 Chrysostomi
558 2279 724 2330 operibus
736 2279 788 2317 sic
806 2279 961 2328 affinem,
975 2290 1015 2318 ut
1034 2294 1103 2318 non
1123 2281 1169 2319 sit
1187 2295 1298 2320 ovum
1317 2296 1385 2322 ovo
1407 2282 1561 2322 similius
1583 2301 1590 2323 :
1610 2285 1660 2323 ita
1683 2296 1721 2324 ut
1741 2301 1785 2325 ne
1803 2303 1894 2328 unus
1914 2292 2056 2342 quidem
2071 2295 2137 2333 du-

64 2338 245 2389 bitaverit,
264 2339 349 2389 quin
364 2339 431 2377 hoc
444 2340 488 2377 sit
504 2354 630 2379 verum
643 2350 677 2378 et
695 2354 902 2392 germanum
923 2341 1168 2393 Chrysostomi
1188 2357 1292 2395 opus.

116 2400 196 2437 Non
217 2414 282 2452 par
300 2414 485 2439 consensus
504 2401 718 2453 scriptorum
736 2411 787 2440 est
809 2401 901 2441 circa
920 2403 1050 2451 locum,
1068 2403 1132 2441 ubi
1152 2403 1257 2442 hasce
1282 2405 1466 2443 conciones
1489 2406 1617 2444 habuit
1641 2407 1928 2460 Chrysostomus.
1951 2415 2136 2462 Quaeritur

61 2461 168 2510 enim,
194 2462 434 2500 Antiochiaene
445 2477 490 2501 an
506 2463 810 2516 Constantinopoli
826 2463 900 2502 haec
911 2464 1173 2516 praedicaverit.
1194 2466 1351 2505 Savilius
1367 2467 1563 2505 Antiochiae
1576 2468 1689 2507 dictas
1704 2470 1878 2512 Homilias
1897 2475 1942 2513 ad
1956 2478 2134 2519 Romanos

60 2524 169 2561 fuisse
187 2524 367 2576 opinatur,
389 2525 596 2564 auctoritate
614 2526 744 2565 ductus
762 2527 896 2575 Photii,
918 2527 979 2578 qui
998 2528 1047 2565 ait
1067 2528 1301 2567 Antiochenas
1322 2530 1568 2582 Chrysostomi
1589 2531 1753 2571 homilias
1774 2535 2134 2592 Constantinopolita-

60 2588 114 2624 nis
133 2587 292 2638 ejusdem
309 2601 382 2625 esse
399 2588 638 2638 elegantiores,
663 2590 755 2628 Cum
775 2591 912 2630 videret
930 2605 1013 2643 ergo
1035 2593 1193 2631 Savilius
1216 2593 1280 2631 has
1300 2594 1482 2632 conciones
1503 2604 1671 2646 praestare
1692 2597 1841 2649 salibus,
1864 2603 1982 2641 nervis
2005 2613 2038 2641 et
2059 2607 2131 2644 elo-

61 2648 218 2698 quentia,
240 2648 434 2686 Antiochiae
448 2650 670 2688 concinnatas
687 2661 723 2689 et
737 2651 876 2690 habitas
892 2653 1001 2691 fuisse
1020 2654 1278 2706 pronuntiavit.
1296 2656 1433 2693 Verum
1451 2655 1526 2694 haec
1547 2655 1667 2693 Photii
1687 2667 1767 2695 nota
1785 2660 1922 2711 critica,
1944 2678 2022 2713 quae
2038 2680 2132 2718 saepe

58 2725 141 2748 vera
164 2725 235 2748 esse
255 2712 514 2763 comprobatur,
538 2714 726 2752 nonnullas
743 2715 849 2753 hahet
868 2716 1104 2768 exceptiones.
1127 2716 1329 2768 Aliquando
1351 2717 1445 2754 enim
1467 2718 1866 2771 Constantinopolitanae
1884 2725 2129 2777 Chrysostomi

59 2772 241 2811 conciones
255 2774 415 2825 quaedam
433 2774 589 2813 homiliis
608 2776 743 2827 aliquot
762 2778 991 2817 Antiochenis
1010 2780 1182 2831 elegantia
1202 2789 1282 2817 sunt
1304 2780 1566 2831 anteponendae.

112 2835 362 2874 Tillemontius
377 2851 476 2885 vero,
489 2838 551 2888 qui
567 2839 692 2891 majori
705 2841 927 2880 accuratione
941 2851 974 2880 et
992 2844 1181 2894 sagacitate
1196 2857 1250 2881 res
1269 2851 1420 2880 tractare
1437 2843 1538 2893 sol‘et,
1560 2843 1676 2882 allatis
1695 2844 1778 2883 hinc
1805 2855 1838 2884 et
1865 2848 1947 2887 inde
1963 2852 2127 2905 Chryso-

61 2898 272 2948 stomilocis,
288 2908 321 2936 et
333 2901 488 2939 excussis
505 2902 670 2959 utrinque
684 2903 893 2953 rationibus,
910 2919 1100 2958 suspensus
1117 2907 1240 2956 haeret,
1259 2919 1322 2943 nec
1341 2906 1518 2944 affirmare
1532 2906 1652 2957 audet,
1672 2917 1750 2945 utra
1763 2908 1800 2946 in
1816 2910 1960 2951 civitate
1980 2914 2034 2953 hae
2046 2931 2127 2955 con-

60 2958 176 2996 ciones
194 2958 296 2996 dictae
314 2960 455 2998 fuerint.
478 2963 615 3001 Verum
633 2963 908 3017 Chrysostomus
928 2976 1048 3019 aperte
1065 2967 1154 3005 dicit
1174 2976 1209 3005 et
1231 2981 1266 3005 se
1286 2976 1320 3005 et
1340 2966 1519 3005 auditores
1538 2982 1620 3006 suos
1647 2978 1825 3020 pastorem
1844 2971 1986 3023 habere,
2005 2978 2127 3029 utique

62 3018 287 3079 Flavianum,
309 3020 407 3069 queis
425 3022 601 3074 significat
625 3038 661 3062 se
679 3025 927 3078 presbyterum
951 3027 1146 3065 Antiochiae
1168 3028 1378 3066 concionari.
1403 3028 1459 3065 En
1480 3030 1556 3081 ejus
1578 3030 1686 3068 verba
1709 3030 1857 3070 homilia
1879 3045 2021 3087 octava,
2042 3054 2123 3091 pag.

63 3079 154 3126 508,
168 3081 196 3117 Β
213 3095 219 3115 :
239 3080 273 3117 τί
291 3081 418 3132 λέγεις;
436 3085 518 3135 ὁρᾷς
536 3085 669 3131 πάντας
683 3091 777 3137 ἡμᾶς
794 3089 861 3127 ὑπὸ
877 3095 947 3132 τοῖς
977 3092 1091 3134 αὐτοῖς
1111 3090 1263 3143 τείχεσιν
1293 3090 1392 3133 ὄντας
1405 3119 1415 3137 ,
1448 3091 1515 3128 ὑπὸ
1548 3091 1605 3129 τὸν
1631 3091 1731 3129 αὐτὸν
1766 3096 1827 3139 τῆς
1853 3096 2041 3143 ἐκκλησίας
2065 3117 2125 3148 0⁸⁷2·

63 3141 136 3187 κὀν,
155 3142 221 3179 ὑπὸ
236 3142 298 3188 τὴν
319 3144 426 3190 αὐτὴν
448 3146 601 3198 μάνδραν
621 3151 695 3198 μεθ’
720 3150 879 3201 ὁμονοίας
896 3154 1070 3199 ἑστῶτας,
1088 3152 1207 3191 οὐδένα
1223 3152 1434 3204 μαχόμενον,
1453 3153 1519 3191 ὑπὸ
1537 3155 1586 3205 τῷ
1608 3154 1702 3206 αὐτῷ
1721 3156 1878 3206 ποιμένι,
1897 3164 1994 3212 κοινῗ1
2014 3164 2125 3212 βοῶν-

62 3218 142 3249 τας,
165 3205 261 3253 κοινῇ
277 3207 344 3242 τῶν
359 3207 551 3256 λεγομένων
575 3211 834 3263 ἀκροωμένους,
847 3217 943 3265 κοινῇ
957 3213 1019 3257 τὰς
1039 3214 1142 3266 εὐχὰς
1163 3214 1452 3265 ἀναπέμποντας,
1471 3214 1529 3252 καὶ
1545 3214 1661 3266 μάχης
1682 3215 1858 3267 μέμνησαι
1873 3220 1932 3258 καὶ
1952 3223 2125 3274 στάσεως;

64 3265 192 3316 Μοίχης
214 3266 412 3315 μέμνημαι,
432 3270 491 3307 καὶ
510 3271 546 3308 οὖ
567 3272 734 3324 μαίνομαι
765 3275 841 3314 οὐδὲ
871 3275 1051 3323 ἐξέστηκα.
1068 3276 1165 3328 ‘Ops-3
1187 3276 1249 3328 μὲν
1268 3276 1335 3328 γὰρ
1362 3276 1383 3314 ἃ
1404 3279 1492 3328 ὁρῶ,
1512 3277 1571 3314 καὶ
1591 3270 1665 3315 οἶδα
1680 3308 1689 3325 ,
1705 3277 1758 3316 ὅτι
1776 3280 1842 3318 ὑπὸ
1858 3282 1915 3321 τὸν
1936 3285 2040 3331 σηκὸν
2068 3287 2124 3326 τὸν

68 3327 167 3364 αὐτόν
186 3329 290 3378 ἐσμεν
309 3328 367 3366 καὶ
386 3330 441 3368 τὸν
458 3334 618 3382 ποιμένα.
641 3335 683 3374 Id
703 3345 756 3375 est
778 3353 786 3373 :
808 3339 910 3388 Quid
926 3342 984 3377 ais
1002 3343 1018 3375 P
1041 3353 1108 3377 nos
1130 3353 1258 3377 omnes
1279 3340 1389 3377 vides
1413 3340 1515 3376 intra
1538 3340 1687 3377 eosdem
1705 3345 1884 3392 parieles,
1907 3348 1949 3383 in
1968 3362 2044 3385 nno
2062 3364 2124 3387 eo„

66 3389 226 3439 demque
240 3390 407 3427 ecclesia?
424 3402 538 3443 septO,
558 3397 600 3432 in
622 3398 751 3435 eodem
774 3399 867 3436 ovili
880 3401 1179 3439 concordissime
1199 3408 1414 3450 versantes,
1436 3402 1625 3438 neminem
1639 3412 1890 3453 pugnantem,
1913 3410 1979 3445 snb
1997 3411 2127 3448 eodem

249 3465 329 3488 Tou
361 3467 415 3490 ix.
1889 3470 1939 3506 55

2295 489 2342 514 1017
