2502 3810
716 294 758 323 IN
795 294 936 326 EPIST.
976 293 1035 325 AD
1071 293 1179 324 ROM.

152 373 245 426 ίὈροι
264 372 415 418 ἑκάστην
437 372 525 417 λέξιν
547 373 609 420 τὴν
638 373 765 412 οἰκείαν
787 373 959 426 εὐγένειαν
987 374 1114 412 διασώ-

98 439 240 481 ζουσαν,
256 434 315 471 καὶ
332 433 394 480 τὴν
431 438 491 471 τοῦ
518 436 608 472 Θεοῦ
628 432 731 485 χάριν
761 434 822 473 καὶ
840 434 902 481 τὴν
924 437 993 472 τῶν
1013 436 1117 478 σωζο-

100 496 211 546 μένων
233 493 497 544 εὐγνωμοσύνην
519 494 766 545 ἐμφαίνουσαν.
785 497 848 546 Τῷ
879 495 940 546 μὲν
968 494 1034 546 γὰρ
1063 497 1115 532 εἷ-

98 561 193 601 πεῖν,
210 553 383 604 Ἐκλογῆν
396 583 406 601 ,
427 553 550 597 ἔδειξεν
573 554 709 592 ἐκείνων
738 554 801 601 τὴν
819 555 964 605 δοκιμήν
981 570 988 578 ·
1012 557 1060 605 τῷ
1081 554 1117 592 δὲ

2077 278 2163 341 705

1222 293 1378 324 HOMlL.
1417 295 1546 325 XVIII.

1237 374 1274 412 5.
1297 373 1393 414 Vide
1421 373 1598 425 quomodo
1622 387 1769 425 quaeque
1798 373 1903 412 lectio
1928 387 2031 412 suam
2054 384 2166 413 servet

1183 436 1428 486 nobilitatem,
1447 451 1487 474 ac
1510 437 1577 474 Dei
1593 436 1743 487 gratiam
1762 445 1795 475 et
1824 450 1946 474 eorum
1974 437 2036 487 qui
2055 437 2168 474 salute

1184 495 1361 533 donantur
1382 496 1596 548 probitatem
1618 505 1878 534 commonstret.
1893 497 1983 534 Cum
1999 496 2092 534 enim
2111 497 2168 534 di-

1185 555 1233 593 cit
1259 557 1498 594 Electionem
1516 586 1526 605 ,
1561 557 1705 595 illorum
1740 556 1953 608 probitatem
1990 556 2142 594 ostendit
2153 572 2166 606 5

100 617 220 661 εἰπεῖν,
236 613 408 666 Χάριτος,
436 614 539 659 ἔδειξε
566 618 625 652 τοῦ
645 616 737 653 Θεοῦ
757 614 819 661 τὴν
840 615 985 666 δωρεάν.
1007 615 1052 652 Εἰ
1082 613 1117 652 δὲ
1138 619 1161 650 Β
1184 631 1264 655 eum
1286 626 1404 654 autem
1419 617 1534 667 addit,
1553 619 1713 667 Gratioe,
1733 618 1802 655 Dei
1822 617 1971 656 donum.
1993 620 2030 657 6.
2049 619 2089 657 Si
2099 633 2170 656 αιι-

99 674 241 727 χοῖριτι,
266 675 380 712 οὐκέτι
408 674 443 719 ἐξ
464 675 593 728 ἔργων,
613 675 688 713 ἐπεὶ
714 678 736 721 ἦ
765 676 867 727 χάρις
896 674 1012 713 οὐκέτι
1044 676 1118 713 ἐστι

98 736 215 787 χάρις.
240 737 284 773 Εἰ
303 734 338 772 δὲ
358 735 391 778 ἐξ
409 735 531 787 ἔργων,
547 735 660 774 οὐκέτι
678 736 752 773 ἐστὶ
773 736 896 787 χάρις,
913 736 988 773 ἐπεὶ
1010 735 1048 773 τὸ
1064 735 1119 786 ἔρ-

99 811 158 846 γον
173 795 288 833 οὖκέτι
303 795 394 833 ἐστὶν
422 795 533 847 ἔργον.
553 796 669 833 Πάλιν
689 796 844 847 ἐπιπηδᾷ
862 798 905 846 τῇ
925 795 1118 847 φιλονεικίᾳ

99 858 166 892 τῶν
197 855 408 893 ι*Ἰουδαίων
441 855 530 906 μετὰ
558 857 626 892 τῶν
653 855 857 906 εἰρημένων,
877 854 936 893 καὶ
970 857 1118 892 ἐνταῦθα

102 918 336 963 ἐναντιοῦται,
364 916 423 953 καὶ
447 919 598 953 ἐντεῦθεν
620 914 741 958 αὐτοὺς
759 916 942 966 ἀποστερεῖ
959 914 1117 965 συγγνώ-

100 993 178 1026 μης.
200 976 292 1015 Οὐδὲ
321 976 388 1027 γὰρ
414 975 534 1027 ἔχετε,
555 975 678 1026 φησὶν,
702 977 832 1019 εἰπεῖν,
860 973 912 1011 ὅτι
939 977 1116 1026 προφῆται

99 1036 160 1084 μὲν
182 1037 339 1081 εκάλουν,
354 1051 412 1072 και
429 1039 445 1072 ὁ
463 1035 551 1077 Θεὸς
566 1034 770 1086 παρεκάλει,
785 1034 843 1071 καὶ
859 1033 903 1071 τὰ
922 1034 1117 1084 πράγυατα

97 1095 198 1140 ἐὸόα,
218 1095 276 1132 καὶ
296 1099 316 1141 ἠ
339 1094 618 1147 παραζήὶΤωσις
611 1094 709 1140 ικανὴ
734 1098 828 1144 ἡμᾶς
854 1093 1117 1131 ἐπισπάσασθαι

96 1159 160 1202 ἠν·
181 1155 325 1208 φορτικὰ
352 1154 387 1192 δε
412 1153 455 1191 τὰ
479 1153 753 1203 επιταττόμενα,
781 1153 840 1191 καὶ
863 1153 918 1191 διὰ
937 1156 1039 1191 τοῦτο
1056 1155 1117 1191 οὐκ

97 1216 278 1266 ἧδυνηθημ
254 1231 314 1253 αεν
329 1216 549 1265 προσελθεῖν,
570 1213 690 1260 ἐπειδὴ
714 1213 822 1265 ἐργων
843 1213 938 1252 ἓπίοε
943 1213 1002 1257 ιξιν
1023 1217 1117 1266 ἀπῃ-
1134 1220 1157 1251 C

95 1275 268 1327 τούμεθα,
287 1275 345 1313 καὶ
360 1273 617 1326 κατορθώματα
643 1273 792 1312 ἐπίπονα
809 1289 816 1296 ·
839 1273 913 1312 οὐδὲ
935 1273 1002 1327 γὰρ
1017 1279 1117 1313 τοῦτο

95 1337 187 1375 ἔστιν
203 1339 321 1374 εἰπεῖν,
336 1337 420 1378 Πῶς
434 1334 501 1387 γὰρ
516 1334 555 1371 ἂν
572 1339 681 1372 ταῦτα
698 1333 877 1385 ἀπῄτησεν
893 1337 910 1372 ὃ
927 1333 1016 1376 Θεὸς
1030 1337 1114 1385 παρ’

96 1399 213 1444 ὑμῶν,
235 1396 339 1434 ὁπότε
365 1395 424 1433 καὶ
443 1395 506 1441 τὴν
534 1394 636 1448 χάριν
664 1397 766 1432 αὐτοῦ
782 1399 882 1432 τοῦτο
902 1393 1115 1438 ἐπισκιάζειν

95 1458 240 1508 ἔμελλε,
263 1458 387 1494 Ταῦτα
412 1455 447 1493 δὲ
469 1449 561 1502 εἶπε,
585 1454 788 1506 βουλόμενος
811 1455 1045 1502 ἐνδείξασθαι,
1065 1454 1117 1493 ὅτι

95 1518 259 1570 σφόδραε
245 1516 344 1555 εοούλ
348 1531 402 1554 ετο
421 1514 540 1558 αὐτους
561 1518 725 1561 σωθῆναι.
750 1516 841 1553 Οὐοὲ
869 1514 935 1566 γὰρ
953 1518 975 1561 ’ἥ
1007 1530 1118 1562 σωτη-

98 1580 153 1632 ρία
183 1581 294 1621 αὐτοῖς
323 1575 517 1630 προεγώρει
543 1576 644 1626 μόνον
672 1575 841 1623 εὐκόλως,
868 1575 957 1613 ἀλλὰ
987 1592 1047 1614 και
1068 1579 1117 1613 τῷ

94 1642 175 1690 Θεῷ
198 1639 278 1683 δόξα
298 1637 444 1689 μεγίστη
476 1653 517 1683 ην
531 1664 540 1682 ,
559 1637 598 1674 τὸ
617 1636 679 1683 τὴν
700 1635 962 1689 φιλανθρωπίαν
989 1636 1116 1674 ἐπιδεί-

96 1700 219 1744 ξασθαι
247 1699 309 1745 τὴν
329 1701 462 1736 ἑαυτοῦ.
488 1697 534 1736 Τί
562 1697 674 1736 τοίνυν
700 1697 872 1749 ἐφοὸἡθης
890 1699 1116 1748 προσελθεῖν,

93 1762 155 1798 οὐκ
172 1759 424 1810 ἀπαιτούμενος
443 1758 546 1810 ἔργα,
562 1757 597 1795 τί
618 1757 653 1795 δὲ
668 1757 864 1801 στασιάζεις
883 1757 942 1795 καὶ
961 1758 1115 1809 φιλονει-

93 1826 181 1868 κεῖς,
200 1820 342 1873 χάριτος
361 1818 616 1871 προκειμένης,
641 1817 700 1855 καὶ
726 1817 830 1868 νόμον
852 1833 911 1868 μοι
929 1817 1113 1870 προῧάλλῃ

93 1883 169 1932 εἰκῇ
187 1880 245 1918 καὶ
271 1880 406 1931 μάτην,
423 1879 517 1917 Οὔτε
533 1878 600 1931 γὰρ
621 1881 746 1916 ἐκεῖθεν
768 1878 931 1929 σωθήσῃ,
951 1878 1010 1916 καὶ
1031 1878 1115 1916 ταύ-

92 1958 154 1988 την
172 1943 310 1992 )υμανῇ
331 1941 393 1987 τὴν
423 1939 566 1991 δωρεάν.
595 1941 640 1977 Εἰ
667 1939 735 2014 γὰρ
755 1942 959 1991 φιλονεικεῖς
986 1941 1112 1977 ἐκεῖθεν

91 2001 272 2046 σώζεσθαι,
293 2003 444 2053 ἀναιρεῖς
462 2014 521 2037 του
538 2001 629 2037 Θεου
649 1999 712 2046 την
728 1999 831 2051 χάριν
846 1999 988 2046 ταύτην.
1009 1993 1112 2047 Εἶτα,

90 2062 146 2099 ἵνα
176 2062 223 2112 μὴ
259 2061 428 2112 νομίσωσι
448 2066 547 2099 τοῦτο
575 2059 665 2104 ξένον
699 2064 805 2106 εἰναι,
837 2059 1023 2113 προλαέὼν
1054 2076 1113 2097 και

91 2139 168 2166 τους
196 2122 478 2174 ἑπτακισχιλίους
495 2122 644 2165 ἐκείνους
659 2121 728 2160 ἀπο
744 2121 886 2173 γάριτος
917 2121 981 2173 ἔφη
1003 2123 1114 2159 σεσῷ-

92 2188 183 2222 σθαι.
202 2183 316 2222 εὈταν
336 2183 402 2235 γὰρ
423 2183 502 2234 εἴπῃ
517 2213 526 2230 ,
545 2182 598 2220 ὅτι
618 2181 706 2221 οὕτω
731 2181 789 2220 καὶ
811 2183 844 2219 ἓν
858 2185 907 2233 τῷ
923 2185 981 2219 νῦν
1002 2184 1114 2234 καιρῷ

88 2246 222 2295 λεῖμμα
248 2247 324 2282 κατ’
349 2243 494 2295 ἐκλογὴν
524 2244 667 2297 χάριτος
695 2243 832 2295 γέγονε,
861 2242 1030 2281 δείκνυσιν
1060 2243 1113 2281 ὅτι

87 2305 147 2343 καὶ
174 2308 298 2344 ἐκεῖνοι
326 2305 447 2356 χάριτι
477 2304 669 2351 ἐσώθησαν.
699 2304 770 2342 Καὶ
798 2305 835 2341 οὗ
866 2307 967 2341 τοῦτο
994 2304 1111 2354 μόνον,

86 2365 175 2404 ἀλλὰ
204 2365 263 2404 καὶ
288 2369 337 2418 τῷ
358 2367 466 2402 εἰπεῖν
479 2394 489 2411 ,
519 2364 715 2403 Κατέλιπον
736 2366 876 2416 ἐμαυτῷ
891 2380 898 2388 ·
923 2368 1024 2402 τοῦτο
1045 2364 1113 2418 γὰρ

85 2426 310 2478 ἐμφαίνοντι-ἲς
330 2428 443 2470 ἐστιν,
462 2424 569 2463 ὅτιτὸ
588 2424 692 2463 πλέον
714 2425 813 2468 αὐτὸς
830 2425 1019 2476 εἰσήνεγκε.
1040 2425 1111 2463 Καὶ

85 2488 114 2524 εἰ
133 2486 272 2538 χάριτι,
292 2486 414 2539 φησιν,
436 2487 492 2524 διὰ
514 2486 549 2524 τί
572 2485 620 2537 μὴ
653 2486 781 2529 πάντες
802 2487 1005 2537 σωζόμεθα;
1022 2486 1110 2525 ξὈτι

87 2545 135 2595 μὴ
159 2546 346 2596 βούλεσθε·
367 2550 389 2592 ἡ
417 2546 484 2621 γὰρ
502 2547 624 2623 χάρις,
649 2563 715 2585 καν
734 2546 838 2598 γάρις
857 2542 903 2599 ᾗ,
927 2546 1004 2589 τους
1029 2547 1105 2585 303'-

84 2608 205 2650 λοντας
225 2606 346 2654 σώζει,
365 2608 402 2643 οὐ
421 2622 499 2650 τους
519 2607 567 2656 μὴ
592 2608 819 2658 βουλομένους
847 2607 905 2644 καὶ
936 2608 1107 2658 ἀποστρε-

84 2666 251 2718 φομένους
272 2666 397 2715 αὐτὴν,
423 2667 483 2705 καὶ
501 2669 737 2718 πολευουντας
765 2669 850 2718 αὐτῇ
869 2668 1033 2714 διηνεκῶς
1047 2669 1107 2705 καὶ

83 2728 375 2802 ἐναντιρυμένους.
392 2722 493 2771 Εἶδες
514 2730 587 2772 πῶς
600 2729 643 2765 δι’
661 2727 740 2766 ὅλου
762 2729 872 2765 ἐκεῖνο
891 2728 1106 2765 κατασκευά-

83 2791 152 2837 ζει,
176 2806 236 2836 το,
271 2791 351 2840 Οὐχ
380 2791 488 2827 οἷον
470 2789 528 2836 οὲ,
547 2789 586 2827 ὅτ
591 2805 600 2826 ι
630 2788 853 2827 ἐκπέπτωκεν
882 2791 900 2826 ὁ
919 2788 1019 2839 λόγος
1047 2804 1106 2826 του

83 2851 231 2924 Θεοῧρ,
212 2849 343 2893 οεικνυς
359 2866 411 2888 οτι
434 2851 482 2893 εἷς
498 2866 575 2894 τους
595 2849 708 2894 ἀξίους
726 2844 771 2896 ἠλ
774 2852 827 2886 θεν
849 2850 870 2895 ἦ
898 2848 1103 2900 ἐπαγγελία,

81 2909 140 2946 και
159 2910 211 2947 ὅτι
235 2914 348 2956 οὗτοι,
367 2911 397 2948 εἷ
424 2911 482 2948 καὶ
502 2910 609 2961 ὀλίγοι
632 2910 716 2984 εἰσὶ,
738 2909 897 2947 δυνανται
917 2913 1003 2946 εἶναι
1023 2909 1104 2952 λαὸς

81 2973 140 3007 τοῦ
165 2972 277 3009 Θεου·
299 2970 412 3009 καίτοι
442 2987 481 3022 γε
509 2973 542 3008 ἐν
572 2970 766 3024 προοιμίοις
794 2973 855 3017 τ’ῆς
890 2969 1103 3016 Ἐπιστολης

82 3030 170 3078 μετὰ
189 3031 343 3074 πλείονος
360 3032 443 3070 αὐτὸ
456 3034 518 3078 τῆς
533 3032 727 3084 ὑπερὸολῆς
746 3031 895 3069 τέθεικεν
912 3031 1032 3080 εἰπὼν,
1053 3030 1100 3068 Τί

80 3086 159 3138 γὰρ,
177 3089 205 3125 εἷ
222 3089 420 3134 ἠπίστησάν
439 3105 543 3137 τινες,
558 3090 616 3127 καὶ
633 3090 721 3139 μηδὲ
741 3089 846 3140 μέχρι
862 3087 982 3125 τούτου
996 3087 1099 3134 στὰς,

80 3144 170 3181 ἀλλὰ
200 3146 402 3197 ἐπαγαγὼν,
423 3147 576 3186 Γινέσθω
595 3148 630 3185 δὲ
656 3151 674 3186 ὁ
702 3148 790 3189 Θεὸς
811 3146 956 3193 ἀληθὴς,
976 3152 1044 3188 πᾶς
1064 3145 1100 3182 δὲ

81 3203 258 3252 ἅνθρωπος
274 3204 433 3255 ψεύστης.
456 3205 524 3242 Καὶ
542 3211 599 3244 νῦν
615 3205 650 3244 δὲ
669 3206 774 3244 πάλιν
795 3205 922 3256 ἑτέρως
937 3204 1019 3242 αὐτὸ
1039 3218 1101 3241 κα-

86 3262 311 3310 τασκευάζει,
331 3263 391 3300 καὶ
409 3266 470 3309 τῆς
488 3264 630 3315 χάριτος
646 3264 799 3302 δείκνυσι
819 3263 881 3309 τὴν
899 3261 1017 3313 ἰσχὺν,
1041 3262 1099 3299 καὶ

83 3320 135 3357 ἀεὶ
154 3319 230 3362 τοὺς
248 3319 308 3370 μὲν
334 3320 561 3370 σωζομένους,
583 3321 660 3364 τοὺς
689 3321 724 3360 δὲ
746 3321 1013 3370 ἀπολλυμένους.
1036 3321 1104 3357 Εὐ·

126 3432 138 3444 “
167 3432 218 3471 [Α.
238 3430 385 3469 Ϊωῦκὶων,
404 3438 485 3472 μετὰ
498 3448 526 3465 τ.
548 3439 601 3477 eff„
620 3437 667 3466 καὶ
687 3438 816 3466 ἐντεῦθεν
840 3436 942 3470 αὐτούς
959 3439 1087 3466 'inosti-

92 3492 149 3523 ,τῶν
167 3498 208 3522 7,,
231 3480 323 3515 bene.
339 3482 436 3515 Edita
453 3485 614 3526 scriptura
633 3483 765 3516 turbata
779 3492 827 3516 est
849 3482 890 3517 ab
909 3483 1089 3527 intcrso'a-

1187 687 1261 716 tem
1273 682 1415 731 gratia,
1419 682 1507 731 jam
1517 694 1595 717 non
1611 694 1658 717 ex
1676 682 1848 731 operibus
1862 695 1873 716 .·
1885 681 2062 733 alioquin
2079 694 2168 732 gra-

1185 743 1239 777 tia
1260 743 1348 792 jam
1369 755 1452 779 ⁴non
1470 750 1566 779 esset
1586 743 1727 792 gratia.
1749 741 1787 778 Si
1806 755 1890 779 vero
1909 756 1955 779 ex
1986 742 2167 793 operibus,

1179 801 1255 852 jam
1280 816 1348 839 non
1378 802 1506 854 gratia,
1530 801 1706 851 siquidem
1725 811 1758 839 et
1788 816 1877 853 opus
1901 804 1976 854 jam
2005 817 2075 841 non
2101 804 2168 842 erit

1183 875 1284 912 opus.
1305 863 1463 899 Rursum
1478 876 1523 899 ex
1537 861 1594 898 his
1612 861 1716 898 dictis
1735 861 1941 900 Judaeorum
1967 864 2165 902 contentio-

1183 922 1219 958 ni
1252 913 1420 969 occurrit,
1456 922 1599 972 illisque
1626 921 1849 970 adversatur,
1879 924 1974 960 omni
2006 925 2168 963 exclusos

1183 982 1285 1020 venia
1301 982 1496 1019 declarans.
1516 983 1594 1019 Non
1603 981 1711 1031 enim,
1729 981 1855 1032 inquit,
1872 984 2017 1034 potestis
2033 984 2167 1022 dicere:

1183 1042 1367 1094 Propheta?
1384 1041 1526 1092 quidem
1547 1050 1731 1089 vocarunt,
1746 1043 1842 1079 Deus
1855 1042 2015 1080 hortatus
2036 1053 2100 1090 est,
2114 1059 2168 1082 res
2181 1059 2275 1087 Judaei
2286 1062 2368 1088 inox-
2416 1063 2419 1065 ·

1182 1102 1266 1154 ipsae
1284 1103 1499 1150 clamabant,
1517 1112 1550 1139 et
1568 1101 1615 1139 ad
1629 1116 1692 1139 nos
1711 1102 1970 1153 pertrahendos
1989 1104 2168 1142 aemulatio
2183 1101 2335 1128 ‘⁰⁵³¹’fl03-

1184 1164 1259 1215 ipsa
1279 1164 1363 1202 satis
1388 1172 1462 1201 erat
1479 1180 1488 1201 ς
1512 1177 1637 1202 verum
1658 1177 1805 1201 onerosa
1820 1164 1917 1214 jussa
1938 1173 2049 1212 erant,
2071 1164 2170 1203 ideo-

1183 1239 1251 1275 que
1270 1239 1339 1262 non
1368 1225 1550 1277 potuimus
1569 1223 1744 1271 accedere,
1776 1224 1859 1274 quia
1879 1239 1984 1276 opera
2008 1234 2041 1262 et
2073 1234 2170 1276 gesta

1184 1285 1466 1335 requirebantur,
1501 1284 1645 1337 ipsaque
1663 1284 1863 1322 laboriosa:
1886 1285 1954 1324 hoe
1981 1285 2170 1324 obtendere

1182 1359 1251 1383 non
1269 1347 1427 1398 potestis.
1446 1346 1635 1393 Quomodo
1655 1345 1751 1383 enim
1779 1345 1853 1384 haec
1872 1361 1891 1384 a
1907 1346 2011 1384 vobis
2033 1349 2171 1399 exegis-

1184 1415 1234 1444 set
1250 1407 1358 1455 Deus,
1379 1407 1477 1457 queis
1497 1406 1611 1458 gratia
1627 1421 1689 1444 sua
1714 1407 1898 1445 obscurata
1915 1408 2066 1446 fuisset?
2087 1409 2170 1447 Haec

1182 1483 1266 1507 vero
1284 1469 1379 1507 dixit
1396 1479 1433 1507 ut
1449 1468 1644 1507 ostenderet
1661 1483 1697 1506 se
1710 1469 1855 1507 illorum
1875 1470 2025 1508 salutem
2043 1471 2170 1510 admo-

1184 1529 1270 1567 dum
1294 1529 1507 1567 desiderare.
1551 1531 1673 1580 Neque
1703 1529 1798 1568 enim
1830 1530 1918 1582 ipsis
1946 1531 2041 1569 salus
2065 1532 2168 1570 facile

1182 1590 1368 1641 obtigisset
1400 1599 1563 1640 tantum3
1597 1589 1659 1628 sed
1692 1589 1798 1628 etiam
1829 1590 1867 1628 id
1897 1593 1971 1629 Deo
2000 1593 2167 1632 maximae

1182 1652 1302 1704 gloriae
1322 1653 1458 1701 fuisset,
1482 1668 1550 1703 quo
1568 1653 1821 1704 benignitatem
1841 1668 1942 1692 suam
1961 1664 2167 1695 ostensurus

1182 1722 1267 1751 erat.
1289 1714 1361 1751 Cur
1377 1727 1459 1765 ergo
1474 1713 1637 1752 accedere
1656 1713 1819 1763 timuisti,
1833 1728 1914 1752 cum
1928 1715 1991 1753 abs
2012 1724 2045 1754 te
2060 1731 2165 1769 opera

1180 1787 1249 1811 non
1282 1774 1544 1825 exigerentur?
1576 1788 1640 1811 cur
1665 1774 1845 1812 contendis
1879 1785 1912 1813 et
1941 1775 2164 1827 digladiaris,

1180 1837 1293 1887 gratia
1308 1838 1507 1890 proposita,
1534 1847 1568 1875 et
1596 1838 1709 1889 legem
1740 1838 1829 1876 mihi
1849 1847 1977 1877 temere
1995 1841 2162 1892 profers?

1179 1913 1292 1950 neque
1307 1900 1401 1939 enim
1416 1915 1461 1939 ex
1480 1901 1542 1939 illa
1553 1901 1702 1939 salutem
1723 1901 1957 1952 consequeris,
1979 1912 2012 1940 et
2029 1902 2164 1942 donum

1179 1963 1381 2001 labefactas.
1410 1964 1450 2002 Si
1473 1964 1568 2002 enim
1593 1979 1637 2002 cx
1658 1964 1720 2002 illa
1750 1973 1781 2002 te
1799 1965 1933 2003 servari
1953 1979 2053 2017 posse
2079 1981 2163 2005 con-

1179 2025 1314 2074 tendas,
1334 2025 1426 2063 hanc
1446 2026 1513 2063 Dei
1533 2025 1682 2077 gratiam
1701 2026 1809 2064 tollis.
1829 2026 1968 2064 Deinde
1988 2042 2032 2065 ne
2056 2037 2164 2079 puta-

1180 2095 1257 2124 rent
1274 2101 1348 2124 rem
1366 2101 1438 2125 esse
1454 2087 1690 2139 peregrinam,
1708 2088 1846 2139 prolata
1862 2088 1924 2126 illa
1938 2098 2068 2141 septem
2084 2090 2165 2128 mil-

1180 2146 1228 2184 lia
1252 2148 1416 2186 virorum
1449 2162 1494 2185 ex
1524 2147 1635 2199 gratia
1666 2149 1815 2186 salutem
1835 2159 1937 2188 nacta
1965 2164 2040 2188 esse
2062 2151 2162 2189 dicit.

1181 2212 1272 2248 Cum
1281 2211 1375 2248 enim
1382 2210 1485 2261 dicit,
1497 2211 1603 2248 etiam
1613 2211 1681 2248 hoc
1690 2220 1848 2264 tempore
1857 2213 2023 2263 reliquias
2032 2228 2162 2252 secun-

1179 2272 1267 2311 dum
1278 2273 1483 2311 electionem
1504 2273 1624 2324 gratiae
1644 2275 1980 2323 esse,ostenditillos
1991 2276 2097 2314 etiam
2120 2291 2164 2315 ex

1179 2335 1291 2386 gratia
1299 2336 1415 2374 salvos
1422 2336 1544 2387 fuisse,
1555 2350 1668 2386 neque
1676 2336 1762 2374 hine
1772 2345 1910 2375 tantum
1917 2339 2163 2390 probatiu',sed

1179 2396 1288 2434 etiam
1302 2397 1398 2447 quod
1416 2396 1513 2435 dicat
1528 2413 1535 2434 :
1566 2398 1724 2450 Reliqui
1752 2400 1958 2451 mihiipsi:
1980 2414 2063 2439 nam
2081 2401 2165 2439 hinc

1176 2457 1333 2496 declarat
1351 2473 1386 2497 se
1405 2459 1576 2511 majorem
1596 2469 1732 2511 partem
1751 2459 1922 2499 intulisse.
1943 2462 1982 2500 Si
2003 2477 2067 2514 per
2085 2477 2163 2514 gra-

1176 2519 1276 2566 tiam,
1307 2519 1460 2570 inquies,
1495 2533 1559 2557 cur
1578 2533 1647 2557 non
1676 2533 1796 2557 omnes
1825 2521 1937 2559 salute
1958 2521 2165 2560 donamur?

1176 2579 1270 2624 Quia
1283 2593 1352 2616 non
1365 2579 1495 2618 vultis:
1531 2579 1645 2630 gratia
1673 2579 1820 2630 quippe,
1855 2580 1938 2618 licet
1968 2583 2082 2632 gratia
2101 2583 2161 2633 sit,

1176 2641 1334 2678 volentes
1353 2654 1389 2677 se
1421 2649 1550 2689 servat,
1576 2654 1646 2677 non
1666 2639 1837 2690 nolentes,
1859 2641 1922 2691 qui
1947 2642 2017 2693 ipsi
2035 2657 2163 2695 perpe—

1174 2709 1236 2738 tuo
1263 2700 1332 2739 adv
1336 2709 1497 2738 ersantm
1513 2729 1525 2749 ,
1555 2700 1740 2750 ipsamque
1773 2701 1993 2752 propulsant.
2027 2702 2160 2741 Viden'

1174 2760 1351 2810 quomodo
1368 2759 1461 2797 illud
1482 2773 1620 2811 semper
1637 2759 1774 2810 probet,
1797 2761 1886 2797 lion
1907 2769 2038 2799 autem
2059 2764 2164 2814 quod
2175 2784 2264 2813 Rom
2284 2795 2314 2824 9
2328 2785 2358 2814 5

1173 2837 1245 2860 vet
1247 2825 1332 2860 hum
1352 2823 1428 2859 Dei
1449 2823 1646 2869 exciderit,
1675 2821 1861 2860 ostendens
1889 2824 2161 2875 promissionem

1173 2884 1220 2921 ad
1234 2897 1291 2921 eos
1311 2883 1374 2933 qui
1392 2882 1494 2933 digni
1511 2891 1609 2920 erant
1628 2882 1832 2934 pertigisse:
1855 2893 1959 2934 atque
1978 2885 2055 2934 hos,
2078 2887 2162 2925 licet

1172 2944 1276 2996 pauci
1295 2944 1380 2991 sint,
1402 2957 1475 2981 esse
1501 2957 1603 2995 posse
1623 2943 1798 2995 populum
1831 2945 1912 2982 Dei.
1936 2946 2161 2998 Quamquam

1172 3007 1275 3044 initio
1294 3006 1481 3058 Epistolae,
1500 3005 1538 3043 id
1554 3020 1636 3043 cum
1655 3006 1789 3057 majore
1802 3007 2023 3045 vehementia
2035 3023 2159 3060 posue-

1173 3067 1231 3117 rit,
1251 3067 1392 3105 dicens:
1413 3067 1516 3117 Quid
1528 3069 1643 3113 enim,
1660 3069 1693 3104 si
1712 3068 1873 3117 quidam
1889 3082 1968 3105 non
1989 3070 2160 3107 credide·
2174 3081 2260 3110 Rom.
2281 3081 2310 3111 3.
2328 3081 2359 3109 3,

1178 3140 1268 3169 runt
1287 3136 1303 3168 Ρ
1334 3145 1445 3181 neque
1469 3131 1528 3168 hic
1553 3130 1701 3181 gradum
1733 3131 1882 3182 sistens,
1920 3132 1980 3170 sed
1996 3133 2128 3172 addens
2149 3150 2157 3171 ε

1175 3199 1214 3236 Si
1218 3207 1231 3235 t
1247 3206 1374 3235 autem
1385 3198 1490 3236 Deus
1501 3211 1639 3244 verax,
1655 3201 1779 3235 omnis
1792 3208 1921 3236 autem
1929 3200 2042 3237 homo
2057 3215 2159 3239 men-

1177 3259 1270 3296 dax.
1286 3257 1333 3295 Et
1352 3271 1444 3295 nunc
1463 3272 1605 3295 rursum
1622 3257 1658 3295 id
1673 3258 1742 3296 alia
1762 3259 1897 3298 ratione
1914 3261 2057 3313 probat,
2075 3276 2159 3314 gra-

1177 3319 1303 3368 tiaeque
1322 3318 1397 3357 vim
1417 3318 1569 3356 ostendit
1589 3335 1595 3355 :
1621 3328 1653 3357 ct
1672 3333 1808 3371 semper
1829 3319 1915 3359 alios
1930 3321 2074 3372 quidem
2089 3337 2162 3361 scr-

1159 3439 1226 3463 torc
1245 3430 1385 3473 aliqum]
