2466 3805
274 231 332 276 90

269 310 493 362 juramentis,
528 309 706 364 ‘omittens
737 310 911 347 forensia?
947 309 1026 346 Illic
1057 308 1150 345 nihil
1177 308 1247 344 tale

273 371 390 409 dicere
423 380 522 422 potes
545 386 551 406 :
573 384 654 407 nam
664 384 728 421 pro
757 370 877 407 decem
908 369 1022 406 obolis
1046 370 1245 420 juramenta

273 431 365 469 fiunt
390 441 423 468 et
437 430 604 482 perjuria.
621 429 716 476 Quia
735 429 828 466 enim
851 429 984 465 fulmen
1001 442 1148 480 superne
1178 442 1247 466 non

272 492 438 540 mittitur,
455 490 537 540 quia
548 502 615 526 non
636 489 753 525 omnia
766 489 1032 537 subvertuntur,
1050 497 1122 526 stas
1131 489 1247 526 Deum

270 551 501 601 obstringens.
522 551 601 594 Qua
622 548 666 585 de
694 548 825 585 causa?
842 549 892 586 Ut
911 548 1020 598 olera,
1036 558 1082 586 ·ut
1116 549 1248 587 calceos

272 610 437 662 accipias,
458 623 522 660 pro
540 608 679 645 modica
698 608 848 659 pecunia
864 609 901 646 in
921 618 1043 647 testem
1060 609 1164 648 illum
1182 610 1247 647 ad-

272 685 386 708 vocas.
408 671 472 716 Ne,
495 669 657 719 quianon
682 669 887 720 plectimur,
904 679 1070 722 putemus
1089 684 1151 708 nos
1180 685 1249 708 non

270 743 413 781 peccare
434 745 440 765 :
457 728 525 765 hoc
543 727 674 765 divinae
686 728 937 767 misericordiae
954 738 1018 779 est,
1034 744 1103 768 non
1123 739 1248 768 nostrae

269 790 424 827 virtutis.
443 791 463 827 J
466 803 529 825 ura
544 803 605 840 per
616 803 765 840 puerum
778 798 892 837 tuum;
904 790 987 841 jura
1001 804 1064 842 per
1082 790 1247 842 teipsum,

269 850 328 887 dic
344 865 350 885 :
365 850 425 888 Sic
439 863 482 887 ne
500 849 602 886 lictor
614 849 729 887 adstet
744 849 917 887 lateribus
931 850 1030 889 meis.
1045 850 1115 890 Sed
1133 851 1247 889 times,

270 910 456 947 Lateribus
477 923 559 961 ergo
578 909 650 947 tuis
671 909 777 947 vilior
807 920 858 948 est
878 913 986 961 Deus,
1007 920 1040 949 et
1060 913 1172 964 capite
1187 923 1248 950 tuo

268 970 466 1022 abjectior?
495 970 639 1007 Dicito:
659 971 717 1008 Sic
751 984 793 1008 ne
821 985 985 1009 excaecer.
1009 974 1054 1009 At
1086 973 1248 1011 Christus

268 1034 317 1071 ita
339 1034 440 1071 nobis
455 1033 581 1084 parcit,
600 1042 638 1070 ut
656 1042 748 1070 vetet
767 1033 873 1070 etiam
899 1048 961 1085 per
980 1035 1165 1086 proprium
1185 1049 1247 1072 ca-

268 1103 332 1146 put
346 1095 466 1145 jurare
487 1109 494 1129 :
517 1107 579 1131 nos
617 1107 700 1130 vero
736 1093 784 1129 ita
807 1107 876 1130 non
916 1093 1095 1144 parcimus
1129 1094 1247 1145 gloriae

269 1154 348 1201 Dei,
368 1163 407 1191 ut
425 1153 556 1203 ubique
575 1153 692 1204 ipsum
706 1153 900 1190 trahamus.
918 1153 1080 1201 Nescitis,
1100 1153 1189 1204 quid
1204 1154 1248 1191 sit

99 1222 256 1249 Juuamen-
267 1217 375 1283 Deus,
396 1225 428 1254 et
447 1230 517 1266 quo
536 1229 595 1252 01e
617 1214 687 1252 adi
689 1214 844 1252 ocandus
875 1215 931 1252 sit.
952 1214 1022 1252 Sed
1041 1215 1073 1252 si
1107 1215 1151 1253 de
1169 1216 1247 1255 viro

69 1269 149 1340 {¹2:1¹2}
165 1313 191 1330 C
181 1273 399 1331 ¹¹¹n'x11t11tc
424 1277 519 1314 claro
547 1276 749 1325 loquamui,
772 1274 937 1323 dicimus,
958 1276 1054 1313 Lava
1074 1290 1111 1314 os
1126 1285 1244 1328 tuum,

266 1346 297 1375 et
313 1337 363 1374 sic
383 1350 620 1375 commemora
640 1351 648 1372 :
672 1349 764 1372 nunc
783 1349 868 1373 vero
888 1335 1083 1387 pretiosum
1102 1351 1227 1375 nomen
1233 1369 1244 1388 ,

264 1399 359 1449 quod
374 1407 424 1436 est
445 1412 551 1449 super
566 1411 668 1435 omne
689 1410 827 1445 nomen,
848 1396 1010 1434 mirabile
1026 1396 1062 1434 in
1079 1398 1244 1437 universa

261 1470 368 1508 terra,
386 1459 480 1510 quod
498 1458 678 1496 audientes
705 1457 880 1495 daemones
911 1457 1177 1509 exhorrescunt,
1194 1469 1243 1497 te-

265 1534 358 1558 mere
373 1519 697 1558 circumstabimus,

317 1584 354 1620 6.
377 1583 408 1619 O
432 1579 740 1619 consuetudinem!
763 1580 808 1617 ab
840 1581 900 1618 illa
928 1582 1020 1619 enim
1053 1582 1242 1620 contemtui

267 1651 326 1680 est.
358 1643 448 1681 Sane
467 1641 495 1679 si
515 1641 549 1678 in
578 1640 690 1678 sacris
710 1640 846 1679 aedibus
870 1641 975 1679 alicui
1003 1643 1243 1682 necessitatem

260 1702 405 1754 jurandi
417 1701 642 1753 imposueris,
659 1701 707 1738 ita
720 1701 866 1739 affectus
879 1716 913 1740 es
927 1717 967 1740 ac
980 1703 1009 1740 si
1024 1703 1244 1742 horrendum

263 1763 386 1801 feceris
397 1764 650 1814 juramentum.
662 1761 770 1811 Atqui
786 1775 849 1798 cur
863 1771 937 1799 tam
949 1763 1170 1801 horrendum
1190 1765 1242 1802 vi-

263 1824 367 1861 detur
380 1822 539 1871 esse,nisi
555 1821 638 1872 quia
652 1822 715 1859 illo
732 1822 877 1871 quidem
895 1823 998 1860 facile
1018 1824 1166 1874 utimur,
1178 1825 1245 1863 boc

262 1899 345 1922 vero
360 1883 535 1921 minime?
551 1896 666 1919 annon
680 1883 824 1920 horrere
839 1892 1016 1934 oporteret
1032 1898 1112 1921 cum
1132 1886 1245 1922 nomi-

65 1948 166 1976 Erml.
178 1948 226 1988 39-
263 1953 367 1981 natur
380 1942 503 1981 Deus.3
519 1945 564 1980 At
577 1942 673 1994 apud
686 1941 831 1981 Judaeos
850 1942 897 1979 ita
916 1944 1158 1981 venerandum
1170 1954 1243 1982 erat

65 1998 112 2025 29*
263 2019 389 2043 nomen
416 2005 502 2055 ejus,
517 2012 556 2040 ut
571 2003 606 2040 in
619 2003 763 2041 laminis
776 2002 1047 2053 describeretur,
1066 2014 1099 2043 et
1112 2007 1242 2044 nemini

262 2067 381 2104 liceret
410 2065 531 2102 literas
551 2064 633 2101 istas
653 2064 756 2111 ferre,
785 2063 854 2101 nisi
887 2064 952 2102 soli
973 2079 1111 2103 summo
1131 2081 1246 2104 sacer-

261 2127 335 2164 doti
347 2143 358 2176 3
375 2139 468 2163 nunc
491 2134 610 2162 autem
627 2133 700 2162 tam
716 2124 820 2162 facile
846 2138 973 2162 nomen
998 2127 1075 2177 ejus
1095 2127 1245 2165 circum-

262 2187 418 2224 ferimus.
439 2185 475 2222 Si
492 2184 699 2235 simpliciter
719 2184 901 2222 nominare
915 2186 1031 2222 Deum
1048 2200 1117 2224 non
1132 2187 1245 2224 omni-

262 2249 331 2284 bus
350 2247 401 2283 fas
419 2254 508 2294 erat;
526 2245 643 2296 ipsum
662 2244 697 2280 in
718 2253 841 2281 testem
862 2258 1002 2292 vocare,
1028 2255 1166 2296 quantae
1186 2261 1246 2284 au—

266 2307 389 2353 daci-te,
412 2319 545 2355 quaeso,
567 2304 689 2354 quan-ti
705 2303 836 2341 furoris
858 2313 909 2341 est
925 2304 942 2341 ‚9
957 2304 995 2341 Si
1016 2305 1110 2342 enim
1128 2307 1249 2357 potius

266 2367 385 2405 omnia
414 2366 567 2417 abjicere
599 2373 788 2416 oporteret,
811 2377 924 2402 annon
957 2364 1108 2403 libenter
1141 2367 1246 2404 relin-

267 2443 372 2479 quere
387 2442 451 2479 μοι·
467 2426 577 2464 esset?
591 2426 682 2463 Ecce
695 2424 787 2474 dico,
800 2434 833 2462 et
850 2425 1038 2463 testificor:
1054 2426 1248 2466 Emendate

265 2492 464 2540 juramenta
496 2487 556 2523 illa
579 2485 729 2523 forensia
747 2501 758 2535 3
791 2499 860 2522 non
887 2486 1167 2538 obtemperantes
1187 2503 1247 2526 au-

269 2560 338 2586 tem
356 2561 474 2585 omncs
494 2546 537 2583 ad
554 2560 609 2584 me
632 2545 808 2584 adducite.
834 2546 926 2584 Ecce
945 2546 1047 2585 vobis
1069 2550 1251 2599 praesenti-

273 2612 336 2647 bus
354 2609 488 2659 impero
510 2608 567 2655 iis,
585 2607 644 2658 qui
663 2606 707 2643 ad
723 2606 960 2644 ministerium
977 2617 1059 2645 sunt
1076 2608 1250 2647 domuum

269 2668 450 2714 orationis,
484 2668 606 2704 hortor
624 2676 656 2704 et
681 2666 793 2714 edico,
822 2667 955 2704 nemini
987 2667 1093 2705 licere
1118 2678 1248 2707 temere

269 2732 408 2782 jurare,
428 2729 498 2766 imo
517 2741 627 2778 neque
641 2728 711 2765 alio
732 2728 860 2778 quovis
873 2728 992 2766 modo.
1018 2729 1072 2766 Ad
1091 2744 1146 2767 me
1167 2745 1252 2781 ergo

272 2792 433 2838 (lucatur,
449 2789 607 2840 quisquis
628 2789 684 2837 sit,
703 2788 787 2839 quia
805 2788 880 2825 haec
907 2789 1024 2826 omnia
1043 2789 1091 2827 ad
1114 2805 1177 2828 nos
1196 2805 1252 2829 us-

275 2867 341 2902 que
358 2851 486 2889 deferri
499 2859 650 2901 oportet,
669 2863 709 2886 ac
726 2849 755 2887 si
775 2850 913 2900 pueruli
945 2851 1076 2888 essetis.
1096 2851 1198 2889 Absit
1217 2861 1255 2888 ut

276 2914 320 2949 ita
354 2926 406 2949 res
438 2911 494 2948 sit.
515 2909 636 2947 Pudor
654 2909 748 2946 enim
770 2917 832 2957 est,
865 2909 894 2946 si
928 2910 1045 2948 adhuc
1066 2911 1253 2964 disciplina

276 2972 412 3023 egeatis.
430 2973 525 3009 ,Num
555 2984 689 3007 sacram
708 2983 863 3006 mensam
887 2978 1027 3021 tangere
1058 2971 1165 3010 audes
1186 2987 1250 3010 non

277 3033 458 3071 initiatus?
474 3031 543 3069 Sed
563 3030 657 3081 quod
673 3030 774 3082 pejus
792 3039 856 3080 est,
873 3039 911 3067 tu
931 3030 1089 3068 initiatus
1118 3046 1251 3071 sacram

278 3108 430 3132 mensam
451 3103 591 3144 tangore
619 3091 738 3139 audes,
757 3105 863 3140 quam
884 3105 946 3128 nec
963 3091 1126 3129 omnibus
1141 3107 1251 3130 sacer-

277 3156 417 3192 dotibus
429 3164 569 3204 tangere
590 3153 684 3202 licet,
709 3152 801 3189 etsie
819 3152 948 3202 jurare.
990 3153 1035 3190 Et
1052 3161 1089 3190 tu
1110 3154 1250 3204 quidem

323 3284 338 3305 l
364 3281 455 3312 Alii
445 3296 474 3313 s
478 3297 491 3312 s,
511 3287 596 3324 ’ssZ‘ssr

322 3343 334 3356 ὃ
356 3331 410 3363 &lii
430 3338 486 3365 ἀπὸ
510 3346 540 3364 το
528 3335 611 3365 r-'·0-
631 3345 730 3371 'semi‘

601 3295 638 3312 DQ<

744 3332 874 3365 ,minus
893 3341 943 3363 rec
950 3338 990 3362 te

725 230 764 259 S.
801 229 986 260 JOANMS
1021 229 1262 259 CHRYSOST.

1271 381 1294 409 B

1271 1712 1293 1740 Ι)

1306 229 1510 258 ARCHIEP.
1548 230 1632 258 CON
1641 230 1889 260 STANTlNOP
1899 250 1907 259 .

1320 310 1446 346 εἰπεῖν·
1477 308 1563 362 ὑπὲρ
1593 309 1658 361 γὰρ
1692 311 1774 348 δέκα
1807 312 1936 349 ὀέολῶν
1966 311 2062 362 ὅρκοι
2098 310 2248 360 γίνονται
2277 309 2334 346 καὶ

1321 368 1506 420 ἐπιορκίαι.
1525 368 1610 407 “Ort
1628 369 1694 421 γὰρ
1711 372 1864 417 σκηπτὸς
1882 372 2010 409 ἄνωθεν
2024 369 2086 408 ¹³on
2108 370 2335 420 κατέρχεται,

1320 428 1373 467 ὅτι
1389 428 1455 481 γὰρ
1471 430 1508 467 οὗ
1524 430 1639 468 πάντα
1662 430 1913 482 ἀνατρέπεται,
1935 430 2082 477 ἕστηκας
2102 430 2259 481 κατέχων
2279 430 2336 467 τὸν

1322 488 1423 526 Θεόν.
1441 488 1488 526 Τί
1516 489 1662 536 δήποτε,
1682 488 1761 528 Ἵνα
1780 490 1917 542 λάχανα
1932 491 2064 542 λάὸῃς,
2085 490 2140 527 ἵνα
2159 489 2336 538 ὑποδήμα-

1322 565 1365 586 τα
1376 579 1386 595 ,
1402 548 1488 601 ὑπὲρ
1504 549 1620 600 ὀλίγου
1638 550 1800 603 ἀργυρίου
1817 553 1864 592 εἰς
1881 551 2071 602 μαρτυρίαν
2089 551 2187 588 αὐτὸν
2207 552 2335 588 καλῶν.

1323 610 1384 656 Μὴ
1403 609 1457 657 δὴ,
1471 611 1589 657 ἐπειδὴ
1607 610 1655 662 μὴ
1672 611 1900 661 κολαζόμεθα,
1914 611 2109 661 νομίσωμεν
2127 610 2213 661 μηδὲ
2227 612 2338 662 ἅμαρ-

1322 670 1434 709 τάνειν
1448 686 1454 693 ·
1475 675 1573 709 τοῦτο
1591 675 1651 718 τῆς
1666 671 1925 722 φιλανθρωπίας
1939 671 2013 708 ἐστὶ
2024 675 2083 709 τοῦ
2100 673 2209 717 Θεοῦ,
2223 673 2261 708 οὐ
2277 673 2338 715 τ’ῆς

1322 731 1493 783 ἡμετέρας
1514 734 1649 808 ἀρετῆς.
1670 730 1825 781 ’Όμοσον
1845 731 1937 770 κατὰ
1955 735 2014 769 τοῦ
2035 730 2157 773 παιδὸς
2173 734 2231 768 τοῦ
2257 734 2339 778 σοῦ,

1323 792 1447 842 ὄμοσον
1465 791 1554 829 κατὰ
1577 795 1720 829 σαυτοῦ·
1740 791 1832 838 εἰπὲ,
1854 791 1942 828 οὕτω
1963 791 2050 841 μὴ
2033 790 2154 841 οημιος
2177 789 2358 843 ἐπισταίν·ιλ

1322 859 1396 896 ταῖς
1414 854 1579 903 πλευραῖς
1600 859 1675 897 ταῖς
1692 856 1803 903 εμαῖς.
1821 852 1926 890 Ἀλλα
1942 852 2110 894 δέδοικας.
2133 853 2213 889 Τῶν
2230 853 2338 889 πλευ-

1325 915 1390 965 ρῶν
1409 928 1467 951 σου
1488 917 1545 950 οὖν
1563 913 1765 964 ἀτιμότερος
1784 915 1801 950 ὃ
1822 913 1930 956 Θεός·
1923 942 1932 958 ,
1951 914 2013 958 τῆς
2032 913 2186 963 κεφαλης
2205 926 2264 949 σου
2283 913 2337 949 εὐ·

1321 972 1538 1026 τελέστερος,
1570 973 1676 1021 Εἰπὲ,
1703 989 1792 1012 ουτω
1825 974 1872 1024 μὴ
1910 975 2075 1024 πηρωθῶ.
2106 972 2196 1010 Αλλ’
2226 975 2243 1010 ὁ
2275 971 2337 1021 μὲν

1324 1033 1472 1083 Χριστὸς
1490 1033 1596 1076 οὕτως
1620 1037 1720 1084 ἡμῶν
1742 1034 1916 1085 φείδεται,
1936 1036 1982 1076 ὣς
1999 1032 2146 1071 κωλύειν
2166 1033 2225 1070 καὶ
2246 1032 2337 1070 κατὰ

1322 1096 1384 1138 τῆς
1402 1093 1529 1136 οἰκείας
1543 1094 1680 1144 ὀμνύειν
1695 1095 1864 1146 κεφαλῆς·
1882 1099 1984 1144 ἡμεῖς
1999 1092 2034 1130 δὲ
2057 1092 2164 1135 οὕτως
2179 1092 2338 1144 ἀφειδοῦ-

1324 1168 1385 1200 μεν
1400 1156 1461 1198 τῆς
1477 1152 1574 1199 δόξης
1585 1156 1645 1199 τῆς
1658 1158 1716 1192 τοῦ
1728 1156 1820 1192 Θεοῦ
1831 1184 1840 1200 ,
1852 1157 1899 1197 ὣς
1911 1157 2091 1205 πανταχοῦ
2100 1153 2200 1190 αὐτὸν
2213 1151 2337 1189 ἕλκειν.

1322 1215 1398 1251 Οὔκ
1413 1213 1486 1251 ἴστε
1511 1213 1544 1250 τί
1569 1215 1643 1251 ἔστι
1663 1214 1767 1261 Θεὸς,
1785 1215 1844 1252 καὶ
1865 1214 1974 1257 ποίοις
1993 1214 2143 1264 στόμασι
2157 1214 2340 1250 καλεῖσθαι

1322 1273 1460 1325 ὀφείλει.
1483 1273 1574 1312 Ἀλλ’
1596 1274 1634 1311 ἂν
1658 1274 1718 1325 μὲν
1735 1275 1815 1326 περί
1838 1291 1928 1318 τινος
1942 1275 2099 1325 λέγωμεν
2121 1273 2241 1324 ἀνδρὸς
2261 1274 2339 1311 ἐνα-

1323 1334 1441 1386 ρέτου,
1471 1334 1598 1386 φαμὲν,
1626 1335 1823 1373 ἀπόπλυνον
1851 1337 1890 1374 τὸ
1917 1335 2029 1385 στόμα
2055 1349 2134 1382 σου,
2164 1334 2223 1372 καὶ
2250 1333 2339 1372 οὕτω

1322 1394 1512 1445 μνήσθητι·
1538 1395 1610 1433 νυνὶ
1639 1396 1674 1433 δὲ
1702 1396 1742 1434 τὸ
1771 1396 1885 1446 τίμιον
1917 1396 2046 1446 ὄνομα,
2078 1395 2118 1432 τὸ
2149 1393 2236 1446 ὑπὲρ
2268 1400 2337 1431 πᾶν

1319 1457 1448 1506 ὄνομα,
1478 1457 1517 1495 τὸ
1549 1457 1746 1506 θαυμαστὸν
1777 1459 1810 1495 ἐν
1844 1457 1939 1508 πάσῃ
1967 1459 2010 1505 τῇ
2041 1458 2105 1507 γῇ,
2132 1454 2150 1492 ὃ
2180 1454 2339 1505 δαίμονες

1319 1516 1498 1561 ἀκούοντες
1515 1517 1723 1568 φρίττουσιν,
1741 1518 1858 1560 ἁπλῶς
1875 1516 2115 1570 περισύρομεν.

1368 1577 1417 1615 Ὢ
1436 1580 1498 1624 τῆς
1517 1579 1743 1626 συνηθείας-ς
1752 1579 1820 1617 ἀπο
1838 1579 1905 1630 γὰρ
1924 1594 2051 1624 ταυτης
2070 1577 2206 1630 (έγονεν
2228 1580 2333 1615 εὐκα-

1317 1638 1542 1690 ταφρόνητον.
1563 1638 1700 1689 Αμέλει
1725 1644 1804 1689 γοῦν
1833 1641 1880 1682 εἷς
1908 1642 1998 1677 οἰκον
2030 1638 2124 1690 ἅγιον
2151 1654 2192 1676 αν
2215 1640 2335 1688 ἐπιθῇς

1317 1715 1384 1737 τινι
1403 1699 1555 1751 ἀνάγκην
1577 1699 1719 1749 ὀμόσαι,
1742 1701 1788 1742 ὡς
1808 1715 1949 1752 φρικτον
1981 1715 2038 1737 τον
2059 1698 2158 1750 ὅρκον
2187 1699 2335 1750 ἐργασά-

1320 1776 1432 1811 μενος,
1449 1759 1538 1797 οὕτω
1566 1760 1736 1798 διάκεισαι
1750 1777 1757 1783 ·
1790 1760 1902 1798 καίτοι
1933 1760 2036 1798 πόθεν
2069 1759 2160 1797 οὕτω
2192 1759 2335 1811 φρικτὸν

1319 1815 1404 1858 εἶναι
1420 1822 1530 1867 δοκεῖ,
1552 1823 1628 1859 ἀλλ’
1647 1820 1669 1866 ἢ
1687 1820 1739 1858 ὅτι
1756 1820 1875 1873 ἐκείνῳ
1901 1820 1962 1872 μὲν
1989 1821 2107 1863 ἁπλῶς
2135 1819 2335 1872 ἀποκεχρη-

1320 1885 1428 1932 μεθα,
1447 1881 1558 1933 τούτῳ
1586 1881 1621 1920 δὲ
1648 1882 1748 1933 οὐχί,
1768 1885 1806 1919 οὐ
1835 1882 1904 1936 γὰρ
1934 1881 2059 1934 φρίκην
2081 1882 2149 1919 ἔδει
2177 1880 2337 1931 γενέσθαι

1318 1943 1572 1993 ὀνομαζομένου
1591 1946 1650 1979 τοῦ
1667 1945 1779 1990 Θεοῦ,
1803 1942 1894 1981 Ἀλλ’
1915 1943 1972 1981 ἐπὶ
1995 1942 2055 1993 μὲν
2076 1941 2252 1979 Ἰουδαίων
2274 1940 2335 1978 οὕ-

1318 2020 1385 2047 τως
1410 2005 1510 2041 αὐτοῦ
1528 2004 1568 2041 τὸ
1585 2002 1694 2053 ὄνομα
1711 2003 1837 2053 σεμνὸν
1863 1998 1917 2051 ἦν,
1938 2005 1984 2046 ὡς
2006 2004 2039 2040 ἐν
2060 2001 2222 2043 πετάλοις
2252 2002 2338 2052 γρά-

1319 2068 1460 2116 φεσθαι,
1479 2064 1538 2102 καὶ
1556 2063 1679 2114 μηδενὶ
1695 2063 1738 2101 τὰ
1756 2064 1951 2116 γράμματα
1971 2063 2094 2106 ἐξεῖναι
2115 2067 2242 2115 φορεῖν,
2261 2064 2337 2100 οἰλλ7

1318 2124 1340 2171 ἢ
1362 2125 1456 2177 μόνῳ
1475 2127 1524 2176 τῷ
1543 2127 1718 2176 ἀρχιερεῖ·
1742 2124 1814 2162 νυνὶ
1836 2124 1870 2162 δὲ
1891 2127 1936 2168 ὡς
1951 2124 1991 2162 τὸ
2009 2123 2113 2175 τυχὸν
2131 2122 2218 2160 οὕτω
2233 2138 2337 2175 περι-

1320 2186 1466 2237 φέρομεν
1484 2187 1587 2224 αὐτοῦ
1600 2187 1638 2223 τὸ
1651 2186 1769 2236 ὄνομα.
1785 2188 1829 2224 Εἰ
1845 2187 1963 2229 ἁπλῶς
1977 2185 2157 2235 ὀνομάζειν
2176 2185 2232 2222 τὸν
2248 2185 2337 2223 Θεὸν

1320 2247 1357 2283 οὐ
1379 2252 1484 2283 πᾶσιν
1507 2245 1641 2295 εὐαγές·
1663 2246 1701 2283 τὸ
1722 2246 1779 2284 καὶ
1800 2248 1856 2284 ἐπὶ
1877 2245 2069 2297 μαρτυρίαν
2087 2246 2187 2283 αὐτὸν
2207 2247 2338 2292 καλεῖν,

1322 2306 1429 2352 πόσης
1443 2306 1594 2355 τόλμης,
1614 2305 1689 2343 εἶπέ
1702 2322 1776 2355 μοι,
1793 2306 1902 2352 πόσης
1918 2305 2042 2354 μανίας
2056 2321 2066 2351 ;
2080 2307 2124 2342 Εἰ
2140 2305 2206 2356 γὰρ
2225 2305 2339 2342 πάντα

1323 2368 1420 2417 ῥῖψαι
1450 2368 1569 2418 ἐχρῆν,
1601 2368 1662 2403 οὐκ
1682 2365 1751 2402 ἔδει
1770 2365 1955 2418 προθύμως
1978 2366 2058 2416 ἐᾷ’ν,
2086 2364 2195 2412 Ἰδοὺ,
2227 2365 2338 2414 λέγω,

1322 2426 1382 2464 καὶ
1409 2426 1710 2479 διαμαρτύρομαι,
1742 2425 1984 2479 κατορθώσατε
2012 2425 2152 2469 τούτους
2176 2424 2253 2469 τοὺς
2281 2427 2338 2463 ε’πὶ

1324 2491 1384 2533 τῆς
1406 2489 1531 2538 ἀγορᾶς
1550 2486 1690 2538 ὅρκους,
1709 2486 1786 2529 τοὺς
1805 2486 1840 2524 Ρὲ
1867 2486 1918 2537 μὴ
1937 2486 2157 2537 πειθομένους
2172 2518 2181 2535 ,
2208 2487 2339 2530 πάντας

1324 2548 1400 2598 ἐμοι
1421 2547 1580 2597 α(οί(ετε.
1609 2546 1697 2584 Ἰδου
1725 2548 1903 2598 παρόντων
1925 2550 2022 2597 υυῧν
2045 2548 2250 2594 ἐπισκήπτω
2270 2555 2341 2591 τοῖς

1324 2624 1407 2682 προς
1428 2606 1619 2659 ὑπηρεσίαν
1642 2608 1893 2659 αρυρισαένοις
1917 2610 1984 2645 τῶν
2011 2608 2112 2645 οἴκων
2131 2611 2198 2646 τῧν
2219 2624 2341 2654 ευκτη-

1328 2669 1420 2722 ρίων,
1449 2684 1508 2706 και
1535 2671 1694 2720 παραινιΝ)
1723 2685 1781 2705 και
1809 2671 2016 2720 παρεΗυώ,
2046 2669 2167 2719 μηδενι
2197 2669 2340 2719 ὀμνύναι

1329 2731 1478 2773 απλῶς’
1464 2728 1531 2773 εξεῖ
1534 2742 1603 2766 ν·αι
1625 2731 1754 2779 mmm
1774 2728 1808 2766 οὲ
1831 2730 1918 2779 μηδὲ
1939 2730 2073 2781 ἑτέρως.
2093 2730 2221 2781 Προς
2206 2747 2267 2780 εμε
2283 2734 2340 2768 οὖν

1326 2791 1461 2842 ἀγέσθω
1489 2790 1581 2833 ὅστις
1609 2789 1647 2826 ἂν
1664 2784 1686 2840 ἦ
1703 2820 1712 2837 ,
1739 2790 1858 2835 ἐπειδὴ
1888 2790 1946 2828 καὶ
1966 2795 2074 2828 ταῦτα
2096 2790 2219 2841 μέχρις
2237 2793 2337 2840 ἡμῶν

1328 2852 1490 2905 ἔρχεσθαι
1512 2853 1578 2896 δεῖ,
1604 2850 1760 2902 καθάπερ
1789 2850 1845 2888 ἐπὶ
1872 2850 2005 2888 παίδων
2024 2853 2169 2902 μικρῶν.
2199 2851 2260 2896 Μὴ
2285 2851 2340 2902 γέ-

1327 2928 1431 2950 νοιτο.
1464 2909 1618 2962 Αἷσχύνη
1649 2909 1738 2962 ᾱγάρ
1769 2913 1859 2948 ἐστιν
1888 2910 1975 2962 ὑπέρ
1996 2927 2097 2948 τινων
2128 2911 2178 2948 ἔτι
2206 2911 2340 2950 δέεσθαι

1328 2973 1522 3025 μανθάνειν.
1537 2970 1598 3016 Μὴ
1614 2970 1785 3021 τραπέζης
1801 2972 1895 3021 ἱερᾶς
1914 2970 2067 3021 ἅψασθαι
2080 2973 2210 3023 τολμᾷς
2230 2972 2339 3021 ἀμύη-

1326 3049 1380 3077 τος
1400 3049 1468 3078 ων,
1495 3031 1598 3069 Ama
1625 3031 1664 3068 τὸ
1695 3030 1744 3067 ετι
1777 3037 1904 3083 χεῖρον,
1937 3030 1976 3069 σὺ
1994 3033 2011 3068 ὃ
2031 3033 2249 3081 μεμυημένος
2279 3035 2340 3078 τῆς

1325 3097 1351 3131 is
1360 3099 1417 3144 ραζς
1437 3093 1622 3143 ἅψασθαι.
1607 3090 1778 3142 τραπέζτς
1795 3093 1941 3141 τολμᾷς,
1962 3085 2001 3136 ἧς
2022 3091 2096 3130 οὐδὲ
2113 3099 2218 3130 πᾶσιν
2237 3095 2341 3144 ἱερεῦ-

1327 3172 1377 3192 σιν
1397 3155 1548 3191 αὺασθαι
1570 3152 1605 3189 θέ
1610 3168 1664 3201 αις
1681 3182 1689 3198 ,
1715 3167 1772 3189 και
1796 3151 1902 3195 οὕτως
1922 3152 2076 3201 ὀμνύναι,
2111 3153 2177 3191 Καὶ
2206 3153 2246 3191 σὺ
2277 3154 2338 3203 μὲν

1387 3282 1402 3305 d
1429 3281 1508 3325 [γάρ
1526 3281 1684 3312 omissum
1709 3278 1740 3310 iu
1759 3281 1792 3310 Β,
1819 3280 1854 3310 C.
1876 3278 2037 3310 Commel.
2067 3290 2143 3309 vcro
2172 3286 2203 3310 ct
2229 3280 2269 3311 D,
2292 3281 2336 3310 ita

1345 3330 1462 3363 liabent
1486 3338 1525 3372 μὴ
1550 3337 1670 3371 γένοιτο.
1692 3335 1795 3368 καλῶς.
1817 3333 1934 3371 αἰσχύνη
1953 3335 1999 3363 καὶ
2018 3331 2103 3374 72³5]
