2502 3810
731 272 772 301 IN
811 271 952 302 EPIST.
992 271 1051 300 AD
1087 270 1194 301 ROM.

94 352 182 392 τίδὲ
206 353 321 403 ἀλγεῖς
350 353 466 399 ἐλεῶν,
487 352 544 388 καὶ
578 351 634 389 τὀν
668 352 800 404 καρπὸν
831 351 1029 405 ι’προδίδως
1057 354 1115 389 τοῦ

93 412 386 464 κατορθώματος,
425 414 469 449 Εἰ
505 411 571 463 γὰρ
604 413 739 462 ἀλγεῖς,
778 414 839 450 οὐκ
873 414 1000 460 ἐλεεῖς,
1037 412 1114 449 ἀλλ’

93 473 187 522 ὠμὸς
219 466 250 509 εἷ
282 472 342 510 καὶ
378 472 621 526 ἀπάνθρωπος.
642 474 686 510 Εἰ
719 473 785 524 γὰρ
813 472 853 510 σὺ
887 475 1019 524 ἀλγεῖς,
1042 474 1116 516 πῶς

94 537 221 572 ἐκεῖνον
242 535 277 570 ἐν
296 533 389 584 λύπῃ
408 534 489 571 ὄντα
503 535 732 579 διαναστῆσαι
753 533 900 584 δυνήσῃ
920 532 1115 584 Ἀγαπητὸν

94 594 181 646 γὰρ,
215 593 320 644 μηδὲν
353 597 568 632 ὑποπτεῦσαι
599 597 725 632 ἐκεῖνον
758 594 919 647 πονηρὸν,
940 594 999 630 καὶ
1035 593 1116 631 ὅταν

97 654 187 704 μετὰ
213 659 272 692 τοῦ
288 655 421 706 χαίρειν
446 655 616 708 παρέχῃς.
632 654 778 702 Ἐπειδὴ
808 655 875 706 γὰρ
896 654 990 692 οὐδὲν
1011 653 1117 697 οὕτως

97 716 240 767 αἰσχρὸν
276 715 469 768 ἀνθρώποις
491 710 577 754 εἶναι
609 717 721 763 δοκεῖ,
740 718 786 759 ὡς
816 716 855 753 τὸ
886 717 969 767 παρ’
992 716 1117 766 ἑτέρων

95 776 300 826 λαμὸάνειν,
330 776 370 813 ἂν
400 776 448 826 μὴ
477 779 519 828 τῆ
541 775 804 828 ὓπερὸαλλούση
825 775 1029 827 φαιδρότητι
1053 774 1117 821 τὴν

97 836 246 888 ὑποψίαν
271 837 414 888 ἀνέλῃς,
435 836 492 874 καὶ
514 837 643 889 δείξῃς,
663 836 716 875 ὅτι
734 836 925 886 λαμδάνεις
948 837 1077 887 μᾶλλον
1094 835 1117 882 ἢ

99 896 220 942 δίδως,
241 897 377 947 Ἵκαὶ]
402 898 594 940 κατέέαλες
614 899 760 948 μᾶλλον,
786 895 808 942 ἢ
841 895 1034 943 ἀνέστησας
1059 896 1116 933 τὸν

98 958 334 1008 λαμὸάνοντα.
356 958 423 996 Διὰ
456 958 556 997 τοῦτό
587 961 705 1010 φησιν,
741 957 786 995 ‘O
819 959 936 1005 ἐλεῶν,
971 958 1006 993 ἐν
1040 958 1118 994 ἱλα-

101 1018 232 1069 ρότητι.

150 1138 215 1182 Τίς
228 1139 294 1191 γὰρ
313 1138 491 1190 βασιλείαν
510 1136 715 1188 λαμῧάνων,
734 1137 936 1189 σκυθρωπός
956 1138 1051 1185 ἕστι;
1070 1136 1122 1180 τίς

99 1199 364 1250 ἁμαρτημάτων
397 1198 582 1250 δεχόμενος
617 1196 853 1249 συγχώρησιν,
885 1201 919 1236 ἐν
948 1197 1123 1251 κατηφείᾳ

102 1260 216 1312 μένει,
236 1259 298 1306 Μὴ
324 1259 435 1298 τοίνυν
470 1262 513 1311 τῇ
541 1258 675 1311 δαπάνῃ
704 1261 772 1296 τῶν
794 1258 987 1311 χρημάτιωκ
1008 1260 1122 1312 πρόσ-

99 1337 178 1373 εχε,
196 1321 286 1360 ἀλλὰ
313 1324 354 1373 τῇ
377 1320 433 1359 διὰ
452 1324 513 1367 τῆς
544 1321 701 1367 δαπάνης
719 1320 892 1373 προσόδῳ.
919 1319 935 1340 ‘¹
948 1322 992 1359 Εἰ
1021 1320 1089 1373 γὰρ
1105 1324 1123 1359 ὃ

101 1382 250 1433 σπείρων
264 1382 399 1434 χαίρει,
412 1381 527 1419 καίτοι
539 1397 578 1433 γε
592 1383 646 1419 ἐπ’
665 1382 805 1428 ἀδήλοις
820 1381 970 1435 σπείρων
985 1398 992 1405 ·
1003 1384 1122 1434 πολλῷ

102 1444 233 1493 μᾶλλον
255 1446 271 1481 ὃ
293 1441 350 1480 τὸν
371 1441 510 1494 οὐρανὸν
527 1444 701 1493 γεωργῶν.
723 1441 827 1480 Οὕτω
843 1441 911 1494 γὰρ
931 1441 994 1479 κᾶν
1022 1441 1124 1492 ὀλίγα

102 1505 167 1556 δῷς
180 1535 189 1550 ,
210 1503 323 1542 πολλὰ
349 1503 488 1546 δώσεις·
506 1502 623 1555 ὥσπερ
643 1497 700 1541 οἷν
753 1503 817 1542 ετὰ
837 1502 1124 1556 σκυθρωπότητος

101 1565 164 1603 κᾶν
181 1565 294 1603 πολλὰ
314 1566 379 1617 δῷς
390 1593 398 1609 ,
416 1564 515 1616 ὀλίγα
531 1564 724 1611 πεποίηκας
739 1565 783 1604 τὰ
799 1565 923 1603 πολλά.
940 1564 1045 1603 Οὕτω
1064 1564 1124 1602 καὶ

101 1630 123 1673 ἡ
143 1626 237 1679 χήρα
256 1625 369 1664 πολλὰ
383 1625 536 1662 τάλαντα
554 1624 804 1677 ὓπερηκόντισε
821 1625 876 1662 διὰ
897 1625 956 1663 δύο
973 1627 1123 1663 λεπτῶν·

103 1688 251 1738 δαψιλὴς
268 1686 333 1737 γὰρ
355 1680 396 1732 ἦν
414 1690 435 1733 ἡ
456 1685 592 1737 γνώμη.
615 1686 683 1724 Καὶ
709 1688 782 1729 πῶς
802 1686 871 1733 ἔνι,
900 1686 1005 1738 φησὶ,
1023 1686 1125 1739 πενίᾳ

103 1749 258 1790 συζῶντα
285 1747 417 1799 ἐσχάτῃ
431 1776 439 1792 ,
460 1747 519 1784 καὶ
541 1746 656 1784 πάντα
675 1750 838 1784 κενοῦντα
853 1776 862 1794 ,
884 1745 972 1796 μετὰ
998 1749 1124 1798 προθυ-

104 1807 186 1858 μίας
202 1811 303 1846 τοῦτο
317 1805 662 1860 ποιεῖν;Ἔρώτησον
681 1805 744 1852 τὴν
764 1806 891 1858 χήραν,
911 1807 970 1844 καὶ
991 1806 1121 1858 ἀκούσῃ

102 1869 160 1907 τὸν
179 1868 318 1920 τρόπον,
333 1867 392 1905 καὶ
411 1868 484 1918 εἴσῃ
500 1868 552 1905 ὅτι
567 1870 630 1919 οὐχ
649 1871 670 1914 ἡ
690 1867 791 1905 πενία
811 1873 902 1905 ποιεῖ
916 1866 978 1914 τὴν
1001 1883 1123 1905 στενο-

102 1928 249 1982 χωρίαν,
267 1930 343 1966 ἀλλ’
365 1932 386 1975 ἡ
408 1928 610 1980 προαίρεσις
637 1927 697 1965 καὶ
723 1931 825 1966 τοῦτο
849 1927 908 1965 καὶ
928 1927 1123 1966 τούναντίον

104 1991 218 2027 edimur
237 1989 417 2042 ἐργάζεται
433 2004 440 2011 ·
459 1988 531 2027 ἔστι
547 1988 612 2040 γὰρ
632 1988 691 2026 καὶ
707 1991 741 2026 ἓν
763 1988 865 2040 πενίᾳ
881 1988 1124 2040 μεγαλόψυχον

106 2045 193 2089 εἶναι
204 2079 213 2096 ,
234 2050 293 2088 καὶ
313 2051 348 2086 ἓν
366 2049 505 2100 πλούτῳ
519 2050 736 2102 μικρολόγον.
752 2049 819 2087 Διὰ
837 2053 937 2088 τοῦτο
953 2050 1011 2087 καὶ
1031 2051 1064 2087 ἓν
1077 2053 1124 2101 ,τῇ

106 2110 288 2161 μεταδόσει
309 2109 370 2156 την
402 2109 583 2155 ἁπλότητα
614 2111 728 2155 ζητεῖ,
747 2110 806 2147 καὶ
824 2111 859 2147 ἓν
879 2113 928 2162 τῷ
957 2109 1042 2162 ἐλέῳ
1062 2110 1125 2157 τὴν

105 2171 317 2223 ἱλαρότητα,
338 2170 397 2208 καὶ
422 2173 455 2208 ἐν
476 2173 518 2220 τῆ
546 2170 742 2224 προστασίᾳ
759 2170 823 2217 τὴν
851 2171 1015 2218 σπουδήν.
1035 2171 1127 2209 Οὐδὲ

105 2232 172 2284 γὰρ
205 2232 366 2284 χρήμασι
402 2231 503 2282 μόνον
538 2231 697 2282 βούλεται
726 2236 794 2275 τοῖς
828 2233 1001 2282 δεομένοις
1033 2236 1127 2283 ἡμᾶς

107 2295 256 2344 βοηθεῖν,
276 2291 366 2330 ἀλλὰ
389 2291 449 2330 καὶ
469 2292 600 2344 ῥήμασι
619 2292 678 2330 καὶ
694 2292 878 2344 πράγμασι
893 2293 951 2331 καὶ
968 2293 1126 2344 σώματι,

106 2351 165 2390 καὶ
184 2358 254 2395 τοῖς
292 2353 410 2395 ἅλλοις
436 2352 558 2391 ἅπασι.
579 2349 649 2390 Καὶ
681 2352 786 2391 εἰπὼν
820 2353 883 2399 τὴν
907 2354 1128 2406 προηγουμέ-

106 2429 166 2459 νην
191 2413 421 2466 προστασίαν,
453 2413 516 2461 τὴν
545 2412 602 2451 διὰ
634 2417 696 2461 τῆς
725 2413 967 2461 διδασκαλίας,
987 2413 1051 2460 τὴν
1072 2413 1128 2452 διὰ

106 2478 168 2521 τ’ἧς
201 2475 454 2527 παρακλήσεως
489 2475 602 2524 (αὕτη
636 2475 704 2528 γὰρ
749 2475 1020 2527 ἀναγκαιοτέρα,
1059 2478 1129 2530 ὅσῳ

107 2535 166 2572 καὶ
196 2537 310 2587 ψυχῆς
342 2538 416 2574 ἐστι
457 2536 590 2588 τροφή)
607 2552 614 2561 ·
642 2531 745 2583 ἦλθεν
779 2537 837 2574 ἐπὶ
869 2536 932 2582 τὴν
971 2537 1028 2575 διὰ
1059 2541 1128 2575 τῶν

108 2598 303 2650 χρημάτων
330 2597 389 2635 καὶ
424 2600 492 2635 τῶν
525 2598 639 2636 ἄλλων
676 2597 854 2636 ἁπάντων.
877 2592 967 2635 Εἶτα
998 2598 1131 2643 δεικνὺς

109 2660 183 2700 πῶς
203 2657 242 2694 ἂν
265 2661 375 2695 ταῦτα
394 2658 648 2709 κατορθωθείη,
667 2657 731 2704 τὴν
757 2657 893 2710 μητέρα
923 2659 1033 2696 αὐτῶν
1055 2662 1130 2698 εἷσ-

111 2719 205 2768 άγει,
233 2717 295 2765 τὴν
330 2718 483 2769 ἀγάπην.
504 2717 549 2756 ‘H
589 2718 708 2769 ἀγάπη
736 2717 826 2769 γὰρ,
857 2719 973 2770 φησὶν,
996 2719 1130 2757 ἀνυπό-

111 2794 238 2831 κριτος.
257 2777 318 2816 Ἂν
347 2779 477 2825 ταύτην
498 2778 603 2831 ἔχῃς,
624 2781 660 2817 οὐ
692 2778 849 2823 δαπάνης
877 2780 1025 2831 αἰσθήσῃ
1045 2796 1132 2832 χρη-

1236 270 1390 300 nomn.
1431 268 1524 300 xxi.
2082 252 2170 314 737

1190 351 1284 389 enim
1303 350 1424 388 adesse
1446 349 1551 388 dehet
1571 348 1765 395 miserenti,
1799 346 2018 387 abundantia
2037 356 2071 385 et
2103 361 2174 386 vo-

1189 411 1320 462 luptas.
1341 412 1415 448 Cur
1435 410 1528 448 enim
1544 410 1662 462 ploras
1679 409 1767 447 dans
1784 408 2069 461 eleemosynam?
2086 407 2178 458 quid

1189 471 1302 521 doles,
1321 471 1407 509 dum
1426 471 1615 519 misereris,
1632 481 1665 509 et
1679 472 1835 509 fructum
1860 470 1947 508 boni
1964 469 2079 522 operis
2095 483 2175 521 pro-

1189 532 1271 569 dis?
1286 532 1324 570 Si
1344 532 1437 569 enim
1457 532 1567 580 doles,
1587 546 1655 569 non
1676 531 1865 581 misereris,
1884 530 1944 569 sed
1961 529 2114 568 crudelis
2140 544 2176 567 es

1191 601 1222 629 et
1239 592 1467 629 inhumanus.
1495 592 1533 630 Si
1553 592 1648 629 enim
1669 601 1706 629 tu
1737 591 1848 640 doles,
1878 590 2056 642 quomodo
2071 591 2176 628 illum

1190 653 1225 689 in
1245 652 1368 690 dolore
1398 652 1582 703 degentem
1615 652 1769 691 allevare
1787 652 1945 703 poteris?
1967 650 2177 703 Optandum

1191 713 1285 750 enim
1305 722 1368 761 est,
1387 727 1431 750 ne
1446 713 1505 749 ille
1523 712 1707 763 quidpiam
1724 712 1922 763 suspicetur
1940 711 2040 760 mali,
2053 712 2177 749 etiam-

1142 781 1165 811 C
1193 774 1222 811 si
1240 788 1319 810 cum
1341 773 1472 824 gaudio
1486 772 1639 811 dederis.
1660 772 1755 818 Quia
1774 772 1868 809 enim
1886 772 1981 809 nihil
2006 772 2053 809 ita
2073 781 2177 824 turpe

1190 833 1334 871 videtur
1361 833 1567 870 hominibus
1590 846 1677 878 esse,
1699 841 1739 868 ut
1757 832 1803 869 ab
1821 831 1900 868 aliis
1922 832 2092 884 accipere,
2115 832 2175 869 ni-

1192 891 1221 928 si
1252 904 1297 928 ex
1329 905 1467 928 summa
1495 890 1677 927 hilaritate
1701 889 1937 941 suspicionem
1960 891 2110 939 auferas,
2144 899 2178 928 et

1160 991 1174 997 ἢ
1192 951 1360 989 ostendas
1382 960 1416 989 te
1430 950 1543 1002 magis
1559 951 1716 1002 accipere
1737 964 1845 1000 quam
1863 950 1963 1000 dare,
1984 952 2103 1003 potius
2118 965 2179 989 ac-

1193 1010 1382 1062 cipientem
1403 1010 1562 1062 dejicies,
1584 1024 1691 1060 quam
1717 1010 1901 1048 allevahis.
1925 1011 2114 1063 Propterea
2126 1010 2180 1048 di-

1195 1072 1256 1119 cit,
1277 1073 1352 1122 Qui
1366 1075 1578 1121 miseretur,
1596 1074 1638 1108 in
1656 1073 1870 1111 hilaritate.

1248 1135 1284 1171 2
1309 1132 1401 1180 Quis
1429 1133 1524 1171 enim
1540 1146 1690 1184 regnum
1709 1132 1899 1184 accipiens,
1923 1141 2070 1171 moestus
2105 1134 2183 1171 est?

1193 1194 1276 1245 quis
1304 1203 1529 1246 peecatorum
1561 1193 1804 1231 remissionem
1831 1193 2021 1246 accipiens,
2050 1193 2087 1231 in
2118 1193 2184 1231 tri-

1195 1256 1291 1293 stitia
1301 1256 1451 1293 manet?
1482 1256 1535 1293 Ne
1555 1255 1673 1305 itaque
1693 1268 1857 1307 expensae
1875 1255 2109 1306 pecuniarum
2130 1263 2184 1293 at·

1195 1318 1332 1367 tendas,
1350 1318 1411 1356 sed
1428 1317 1672 1370 proventuieal)
1688 1331 1840 1369 expensa
1860 1317 2075 1355 advenienti.
2091 1319 2184 1357 Nam

2246 1333 2386 1361 Eleemo-

1197 1381 1225 1418 si
1244 1380 1306 1431 qui
1333 1380 1482 1417 seminat
1498 1378 1640 1431 gaudet,
1661 1379 1724 1417 etsi
1750 1379 1786 1416 in
1808 1379 1984 1417 incertum
2010 1379 2179 1417 seminet:
2197 1384 2271 1413 ⁵5¹¹ae
2293 1377 2385 1402 ΜΨ·

2197 1422 2258 1443 tum
2274 1419 2387 1444 extani-

1197 1442 1310 1479 multo
1332 1441 1446 1492 magis
1475 1440 1537 1490 qui
1571 1440 1698 1477 caelum
1718 1439 1819 1490 quasi
1854 1453 1982 1490 agrum
2010 1440 2105 1478 colit.
2130 1442 2182 1478 Ita
2196 1467 2244 1484 mo
2279 1458 2385 1496 pendi-

1148 1508 1173 1538 D
1198 1503 1303 1551 enim,
1320 1502 1383 1539 etsi
1399 1515 1512 1553 pauca
1529 1501 1605 1550 des,
1624 1501 1736 1538 multa
1754 1500 1876 1551 dabi53
1899 1510 1938 1538 ut
1953 1501 1982 1539 si
1997 1515 2079 1539 cum
2096 1517 2182 1540 moe-
2198 1503 2257 1528 ¹¹¹¹*-

1197 1564 1290 1601 stitia
1311 1563 1423 1600 multa
1438 1561 1592 1611 dederis,
1615 1576 1659 1599 ex
1686 1562 1809 1599 multis
1827 1567 1941 1614 pauca
1975 1563 2103 1600 fecisti.
2123 1564 2184 1602 Sic

1197 1624 1307 1663 vidua
1338 1624 1451 1662 multa
1490 1623 1619 1661 talenta
1651 1622 1794 1660 duobus
1827 1623 1942 1661 obolis
1975 1624 2156 1676 superavit
2166 1640 2179 1675 5

1196 1686 1318 1738 largus
1342 1685 1436 1724 enim
1451 1685 1590 1723 animus
1604 1694 1688 1722 erat.
1706 1684 1753 1722 Et
1767 1684 1946 1735 quomodo
1964 1685 2107 1737 poterit,
2127 1685 2183 1724 in-

1197 1749 1309 1799 quies,
1328 1748 1358 1785 is
1375 1747 1437 1798 qui
1457 1747 1492 1784 in
1514 1755 1721 1799 paupertate
1748 1746 1853 1795 vivit,
1881 1755 1913 1784 et
1932 1747 2051 1784 omnia
2063 1748 2183 1785 ‘effun-

1199 1808 1263 1856 dit,
1283 1808 1322 1846 id
1338 1807 1500 1846 alacriter
1515 1808 1653 1845 facere?
1682 1808 1862 1859 Interroga
1878 1808 2039 1856 viduam,
2059 1817 2092 1845 et
2102 1822 2183 1846 mo—

1197 1871 1286 1908 dum
1320 1870 1442 1908 audies
1477 1870 1634 1920 sciesque
1667 1870 1794 1908 mentis
1820 1871 2019 1922 angustiam
2037 1885 2107 1909 non
2138 1886 2183 1909 ex

1196 1941 1421 1985 paupertate,
1441 1931 1501 1969 sed
1520 1945 1564 1968 ex
1577 1931 1771 1969 voluntatis
1795 1933 1977 1984 proposito
1993 1943 2027 1970 et
2045 1933 2139 1971 illud
2151 1942 2185 1972 et

1197 1993 1374 2045 quidquid
1411 1992 1465 2030 illi
1492 1992 1709 2030 contrarium
1735 2002 1792 2037 *est
1829 1993 1906 2031 fieri
1927 2010 1935 2030 :
1955 2003 2070 2046 potest
2089 1995 2185 2032 enim

1198 2056 1278 2107 quis
1296 2066 1329 2094 et
1345 2056 1381 2093 in
1403 2064 1613 2108 paupertate
1629 2056 1763 2107 magni,
1795 2065 1828 2094 et
1845 2056 1881 2094 in
1904 2056 2043 2096 divitiis
2061 2057 2182 2110 pusil—

1198 2115 1224 2153 li
1255 2129 1327 2153 esse
1364 2115 1490 2152 animi.
1525 2114 1610 2152 Ideo
1640 2115 1675 2152 in
1696 2115 1885 2166 largitione
1920 2115 2185 2168 simplicitatem

1200 2176 1339 2226 quaerit,
1360 2185 1393 2213 et
1417 2176 1453 2212 in
1473 2175 1715 2213 misericordia
1747 2175 1977 2222 hilaritatem,
2001 2186 2034 2214 et
2066 2176 2102 2214 in
2122 2192 2186 2229 pa-

1151 2246 1174 2276 13
1202 2237 1349 2275 trocinio
1364 2237 1602 2289 diligentiam.
1640 2238 1719 2275 Non
1755 2237 1848 2274 enim
1871 2238 2030 2289 pecuniis
2047 2247 2187 2277 tantum

1199 2299 1279 2337 vult
1294 2313 1356 2336 nos
1375 2312 1547 2350 pauperes
1554 2299 1697 2350 juvare,
1718 2298 1778 2335 sed
1795 2298 1900 2335 etiam
1917 2299 2049 2348 verbis,
2069 2300 2187 2349 rebus,

1201 2373 1346 2412 corpore
1364 2368 1397 2396 et·
1409 2358 1488 2396 aliis
1504 2358 1681 2398 omnibus.
1698 2359 1789 2396 Cum
1806 2358 1956 2396 dixisset
1970 2359 2187 2412 praecipuam

1199 2420 1490 2473 praerogativam,
1523 2433 1599 2457 eam
1620 2433 1698 2470 quae
1716 2433 1780 2472 per
1798 2418 1998 2457 doctrinam
2029 2429 2092 2470 est,
2109 2435 2188 2458 eam

1202 2495 1279 2532 quae
1294 2496 1357 2534 per
1375 2479 1661 2518 adhortationem
1680 2481 1691 2531 (
1699 2480 1776 2517 haec
1803 2479 1898 2518 enim
1922 2480 2037 2531 magis
2062 2495 2187 2519 neces-

1201 2542 1295 2580 saria
1318 2551 1382 2592 est,
1419 2541 1514 2592 quod
1530 2540 1640 2578 animi
1661 2540 1705 2578 sit
1720 2541 1865 2590 cibus);
1895 2541 1995 2578 venit
2017 2541 2062 2579 ad
2097 2556 2187 2591 eam,

1202 2617 1281 2653 quae
1295 2617 1359 2655 per
1377 2602 1545 2654 pecunias
1560 2610 1593 2639 et
1611 2600 1680 2638 alia
1699 2601 1829 2638 omnia.
1850 2601 1989 2638 Deinde
2003 2602 2187 2640 ostendens

1202 2663 1381 2714 quomodo
1412 2663 1487 2700 haec
1516 2661 1762 2714 perficiantur,
1785 2670 1934 2699 matrem
1954 2661 2114 2714 ipsorum
2134 2663 2187 2700 in-

1203 2724 1303 2762 ducit
1330 2723 1556 2761 dilectionem
1581 2735 1690 2758 :nam
1726 2721 1802 2758 ait:
1826 2722 1862 2759 9.
1886 2722 2071 2766 Dilectio,
2105 2726 2189 2762 sine

1205 2785 1467 2823 simulatione.
1499 2782 1539 2821 Si
1559 2781 1650 2819 hanc
1677 2781 1823 2828 habeas,
1848 2795 1918 2819 non
1938 2783 2065 2820 senties
2083 2798 2189 2835 pecu-

113 2839 246 2890 μάτων,
277 2841 315 2877 οὖ
343 2838 448 2878 πόνου
483 2839 668 2890 σωμάτων,
689 2841 726 2877 οὐ
759 2838 889 2890 μόχθου
913 2839 1038 2891 λόγων,
1068 2843 1133 2893 οὐχ
1146 2875 1193 2900 671⁴
1205 2845 1346 2883 uiarum
1366 2857 1567 2896 expensam,
1587 2855 1656 2879 non
1670 2841 1831 2892 corporis
1843 2842 2013 2892 laborem,
2033 2857 2102 2881 non
2116 2858 2191 2882 mo-

112 2901 253 2950 {apeme
272 2899 331 2937 καὶ
360 2899 553 2945 διακονίας,
573 2899 663 2938 ἀλλὰ
681 2899 795 2938 πάντα
817 2900 919 2943 Οἴσεῑς
948 2901 1132 2952 γενναίως,
1158 2912 1183 2941 Α
1205 2908 1345 2946 lestiam
1364 2918 1580 2953 sermonum,
1602 2918 1672 2942 non
1692 2903 1857 2942 sudorem
1879 2914 1911 2942 et
1929 2898 2188 2956 minis‘terium3

114 2960 177 2998 κᾶν
207 2959 369 3011 σώματι,
398 2961 463 2999 κᾶν
492 2960 676 3013 χρήμασι,
698 2961 762 2999 κᾶν
790 2961 907 3013 λόγῳ,
931 2961 994 3000 κᾶν
1026 2962 1133 3016 ἑτέρῳ

115 3024 240 3072 ὁτῳοῦν
263 3023 435 3071 βοηθῆσαι
455 3021 514 3074 δέῃ
535 3025 584 3075 τῷ
604 3022 764 3069 πλησίον.
779 3022 920 3075 (Ὠσπερ
944 3017 1001 3062 οῧν
1016 3026 1054 3062 οὔ
1075 3040 1134 3075 μ.-

116 3080 253 3118 τάδοσιν
282 3084 422 3120 ἀπαιτεῖ
447 3082 561 3133 μόνον,
582 3083 672 3121 ἀλλὰ
699 3083 762 3131 τὴν
795 3086 830 3122 ἐν
849 3084 1038 3133 ἁπλότητι,
1061 3084 1137 3123 οὐδὲ

118 3146 343 3198 προστασίαν,
360 3148 450 3185 ἀλλὰ
464 3148 528 3195 τὴν
549 3150 638 3199 μετὰ
653 3152 803 3196 σπουδῆς
818 3179 828 3197 ,
851 3149 928 3188 οὐδὲ
945 3150 1138 3202 ἐλεημοσύ-

118 3229 191 3259 νην,
212 3213 301 3252 ἀλλὰ
317 3213 380 3261 τὴν
396 3214 484 3264 μετὰ
495 3216 699 3267 ἱλαρότητος
711 3233 718 3241 ·
736 3218 826 3255 οὕτω
846 3217 906 3255 καὶ
923 3216 1060 3268 ἀγάπην
1073 3219 1138 3270 οὐχ

164 3363 175 3383 ¹*
203 3360 211 3403 [
228 3362 262 3392 Α.
282 3368 368 3392 recte
384 3364 535 3406 προῖίῧως.
557 3362 646 3394 Editi
660 3367 811 3409 ulmeta-013,-
830 3367 839 3406 j

165 3426 168 3433 =
200 3412 274 3453 [223
293 3411 481 3445 inclusimus
503 3422 636 3446 auctore
657 3417 711 3456 A]

1206 2969 1268 3007 sed
1280 2968 1397 3007 omnia
1413 2968 1501 3005 seres
1523 2979 1698 3017 generose,
1730 2964 1805 3003 sive
1826 2979 1984 3018 corpore,
2006 2981 2066 3004 seu
2084 2980 2192 3019 pecu-

1187 3031 1290 3081 -niis,
1311 3045 1371 3069 seu
1387 3029 1509 3077 verbo,
1538 3042 1599 3066 seu
1631 3027 1700 3065 alio
1719 3027 1879 3077 quolibet
1897 3029 2106 3079 proximum
2125 3029 2192 3081 ju-

1206 3108 1291 3133 vare
1309 3100 1479 3145 oporteat.
1496 3089 1807 3137 Quemadmodum
1838 3104 1921 3142 ergo
1945 3104 2014 3128 non
2033 3091 2195 3142 largitio-

1207 3169 1289 3193 nem
1304 3153 1410 3192 modo
1425 3151 1552 3203 exigit,
1568 3150 1675 3188 sedin
1691 3150 1932 3202 simplicitate,
1955 3165 2069 3202 neque
2087 3151 2197 3190 modo

1208 3215 1462 3270 patrocinium,
1491 3212 1552 3251 sed
1573 3226 1656 3250 cum
1682 3212 1884 3263 diligentia,
1914 3227 2024 3266 neque
2055 3222 2193 3253 tantum

1239 3364 1255 3388 d
1279 3364 1331 3396 Sic
1347 3364 1424 3395 Mss.
1438 3360 1552 3394 Morel.
1572 3371 1650 3393 vero
1666 3365 1714 3394 καὶ
1732 3367 1801 3406 γάρ.

1241 3422 1250 3435 ²
1276 3419 1354 3450 ἅπαν
1368 3413 1459 3446 deest
1477 3412 1509 3445 in
1528 3424 1591 3445 uno
1609 3411 1743 3445 Codice.
