<?xml version="1.0" encoding="UTF-8"?>
<!DOCTYPE html PUBLIC "-//W3C//DTD XHTML 1.0 Transitional//EN"
    "http://www.w3.org/TR/xhtml1/DTD/xhtml1-transitional.dtd">
<html xmlns="http://www.w3.org/1999/xhtml" xml:lang="en" lang="en">
 <head>
  <title>
</title>
<meta http-equiv="Content-Type" content="text/html;charset=utf-8" />
  <meta name='ocr-system' content='tesseract 3.04.00' />
  <meta name='ocr-capabilities' content='ocr_page ocr_carea ocr_par ocr_line ocrx_word'/>
</head>
<body>
  <div class='ocr_page' id='page_1' title='image "./operaomniaquaeex09johnuoft/operaomniaquaeex09johnuoft_0279.png"; bbox 0 0 2466 3805; ppageno 0'>
   <div class='ocr_carea' id='block_1_1' title="bbox 646 206 1220 238">
    <p class='ocr_par' dir='ltr' id='par_1_1' title="bbox 646 206 1220 238">
     <span class='ocr_line' id='line_1_1' title="bbox 646 206 1220 238; baseline -0.005 0"><span class='ocrx_word' id='word_1_1' title='bbox 646 211 686 238; x_wconf 73' lang='lat' dir='ltr'>lN</span> <span class='ocrx_word' id='word_1_2' title='bbox 725 210 778 238; x_wconf 73' lang='lat' dir='ltr'>Ac</span> <span class='ocrx_word' id='word_1_3' title='bbox 788 210 838 238; x_wconf 70' lang='grc' dir='ltr'>ΓΑ</span> <span class='ocrx_word' id='word_1_4' title='bbox 875 209 1101 238; x_wconf 73' lang='lat' dir='ltr'><strong>APOSTOLO</strong></span> <span class='ocrx_word' id='word_1_5' title='bbox 1110 208 1131 236; x_wconf 73' lang='lat' dir='ltr'>R</span> <span class='ocrx_word' id='word_1_6' title='bbox 1140 207 1162 235; x_wconf 66' lang='lat' dir='ltr'>l}</span> <span class='ocrx_word' id='word_1_7' title='bbox 1174 206 1201 234; x_wconf 77' lang='lat' dir='ltr'>M</span> <span class='ocrx_word' id='word_1_8' title='bbox 1210 225 1220 235; x_wconf 67' lang='lat'>0</span> 
     </span>
    </p>
   </div>
   <div class='ocr_carea' id='block_1_2' title="bbox 93 290 1112 400">
    <p class='ocr_par' dir='ltr' id='par_1_2' title="bbox 93 290 1112 400">
     <span class='ocr_line' id='line_1_2' title="bbox 93 290 1109 344; baseline -0.005 -14"><span class='ocrx_word' id='word_1_9' title='bbox 93 294 155 340; x_wconf 75' lang='grc' dir='ltr'>τὴν</span> <span class='ocrx_word' id='word_1_10' title='bbox 175 293 278 338; x_wconf 77' lang='grc' dir='ltr'>αὐτὴν</span> <span class='ocrx_word' id='word_1_11' title='bbox 297 292 443 344; x_wconf 61' lang='grc' dir='ltr'>μορφὴν,</span> <span class='ocrx_word' id='word_1_12' title='bbox 457 291 518 337; x_wconf 77' lang='grc' dir='ltr'>τὴν</span> <span class='ocrx_word' id='word_1_13' title='bbox 536 291 640 338; x_wconf 74' lang='grc' dir='ltr'>αὐτὴν</span> <span class='ocrx_word' id='word_1_14' title='bbox 661 294 783 335; x_wconf 78' lang='grc' dir='ltr'>ζῶντες</span> <span class='ocrx_word' id='word_1_15' title='bbox 800 292 909 337; x_wconf 74' lang='grc' dir='ltr'>ζωήν,</span> <span class='ocrx_word' id='word_1_16' title='bbox 923 290 1109 336; x_wconf 76' lang='grc' dir='ltr'>Ἐννόησον</span> 
     </span>
     <span class='ocr_line' id='line_1_3' title="bbox 95 351 1112 400; baseline -0.006 -8"><span class='ocrx_word' id='word_1_17' title='bbox 95 354 151 392; x_wconf 77' lang='grc' dir='ltr'>τὸν</span> <span class='ocrx_word' id='word_1_18' title='bbox 170 352 281 400; x_wconf 81' lang='grc' dir='ltr'>Θεὸν,</span> <span class='ocrx_word' id='word_1_19' title='bbox 308 351 467 397; x_wconf 82' lang='grc' dir='ltr'>ἐννόησον</span> <span class='ocrx_word' id='word_1_20' title='bbox 495 351 556 398; x_wconf 78' lang='grc' dir='ltr'>τὴν</span> <span class='ocrx_word' id='word_1_21' title='bbox 593 351 721 389; x_wconf 70' lang='grc' dir='ltr'>ἄνωθεν</span> <span class='ocrx_word' id='word_1_22' title='bbox 750 351 869 396; x_wconf 83' lang='grc' dir='ltr'>δόξαν·</span> <span class='ocrx_word' id='word_1_23' title='bbox 909 351 1112 397; x_wconf 86' lang='grc' dir='ltr'>ἀντίστησον</span> 
     </span>
    </p>
   </div>
   <div class='ocr_carea' id='block_1_3' title="bbox 96 411 1117 586">
    <p class='ocr_par' dir='ltr' id='par_1_3' title="bbox 96 411 1117 586">
     <span class='ocr_line' id='line_1_4' title="bbox 96 411 1110 465; baseline -0.004 -13"><span class='ocrx_word' id='word_1_24' title='bbox 96 417 182 465; x_wconf 75' lang='grc' dir='ltr'>αὐτῇ</span> <span class='ocrx_word' id='word_1_25' title='bbox 198 414 241 451; x_wconf 79' lang='grc' dir='ltr'>τὰ</span> <span class='ocrx_word' id='word_1_26' title='bbox 259 413 436 465; x_wconf 84' lang='grc' dir='ltr'>παρόντα,</span> <span class='ocrx_word' id='word_1_27' title='bbox 458 413 517 450; x_wconf 81' lang='grc' dir='ltr'>καὶ</span> <span class='ocrx_word' id='word_1_28' title='bbox 538 413 671 464; x_wconf 73' lang='grc' dir='ltr'>ταχέως</span> <span class='ocrx_word' id='word_1_29' title='bbox 706 413 835 459; x_wconf 74' lang='grc' dir='ltr'>ταύτης</span> <span class='ocrx_word' id='word_1_30' title='bbox 861 411 1110 459; x_wconf 66' lang='grc' dir='ltr'>ἀποπηδήσεις.</span> 
     </span>
     <span class='ocr_line' id='line_1_5' title="bbox 97 472 1114 526; baseline -0.005 -12"><span class='ocrx_word' id='word_1_31' title='bbox 97 475 214 518; x_wconf 73' lang='grc' dir='ltr'>ΕὈλως</span> <span class='ocrx_word' id='word_1_32' title='bbox 232 477 261 512; x_wconf 85' lang='grc' dir='ltr'>εἷ</span> <span class='ocrx_word' id='word_1_33' title='bbox 282 474 380 521; x_wconf 78' lang='grc' dir='ltr'>δόξης</span> <span class='ocrx_word' id='word_1_34' title='bbox 400 476 578 526; x_wconf 74' lang='grc' dir='ltr'>ἐπιθυμεῖς</span> <span class='ocrx_word' id='word_1_35' title='bbox 592 503 600 519; x_wconf 89' lang='grc'>,</span> <span class='ocrx_word' id='word_1_36' title='bbox 616 477 678 520; x_wconf 64' lang='grc' dir='ltr'>τῆς</span> <span class='ocrx_word' id='word_1_37' title='bbox 698 475 802 517; x_wconf 81' lang='grc' dir='ltr'>ὅντως</span> <span class='ocrx_word' id='word_1_38' title='bbox 822 473 920 520; x_wconf 84' lang='grc' dir='ltr'>δόξης</span> <span class='ocrx_word' id='word_1_39' title='bbox 944 472 1114 522; x_wconf 80' lang='grc' dir='ltr'>ἐπιθόμει.</span> 
     </span>
     <span class='ocr_line' id='line_1_6' title="bbox 98 534 1117 586; baseline -0.003 -12"><span class='ocrx_word' id='word_1_40' title='bbox 98 536 190 574; x_wconf 90' lang='grc' dir='ltr'>Ποία</span> <span class='ocrx_word' id='word_1_41' title='bbox 222 534 302 579; x_wconf 79' lang='grc' dir='ltr'>δόξα</span> <span class='ocrx_word' id='word_1_42' title='bbox 317 535 399 574; x_wconf 74' lang='grc' dir='ltr'>ὅταν</span> <span class='ocrx_word' id='word_1_43' title='bbox 420 535 559 586; x_wconf 78' lang='grc' dir='ltr'>ἀτιμίας</span> <span class='ocrx_word' id='word_1_44' title='bbox 578 538 686 586; x_wconf 71' lang='grc' dir='ltr'>ποιῇ;</span> <span class='ocrx_word' id='word_1_45' title='bbox 715 535 797 574; x_wconf 87' lang='grc' dir='ltr'>ποία</span> <span class='ocrx_word' id='word_1_46' title='bbox 827 535 929 581; x_wconf 82' lang='grc' dir='ltr'>δόξα,</span> <span class='ocrx_word' id='word_1_47' title='bbox 954 534 1034 572; x_wconf 78' lang='grc' dir='ltr'>ὅταν</span> <span class='ocrx_word' id='word_1_48' title='bbox 1055 537 1117 580; x_wconf 61' lang='grc' dir='ltr'>τῆς</span> 
     </span>
    </p>
   </div>
   <div class='ocr_carea' id='block_1_4' title="bbox 97 595 1162 648">
    <p class='ocr_par' dir='ltr' id='par_1_4' title="bbox 97 595 1162 648">
     <span class='ocr_line' id='line_1_7' title="bbox 97 595 1162 648; baseline -0.004 -13"><span class='ocrx_word' id='word_1_49' title='bbox 97 597 289 635; x_wconf 79' lang='grc' dir='ltr'>ἐλαττόνων</span> <span class='ocrx_word' id='word_1_50' title='bbox 307 597 484 647; x_wconf 73' lang='grc' dir='ltr'>ἀναγκάζῃ</span> <span class='ocrx_word' id='word_1_51' title='bbox 502 600 605 647; x_wconf 75' lang='grc' dir='ltr'>τιμῆς</span> <span class='ocrx_word' id='word_1_52' title='bbox 622 596 794 648; x_wconf 69' lang='grc' dir='ltr'>ἐφίεσθαι,</span> <span class='ocrx_word' id='word_1_53' title='bbox 816 595 979 643; x_wconf 85' lang='grc' dir='ltr'>κάκείνης</span> <span class='ocrx_word' id='word_1_54' title='bbox 997 595 1117 647; x_wconf 67' lang='grc' dir='ltr'>ιχρείαν</span> <span class='ocrx_word' id='word_1_55' title='bbox 1140 598 1162 626; x_wconf 84' lang='lat' dir='ltr'>B</span> 
     </span>
    </p>
   </div>
   <div class='ocr_carea' id='block_1_5' title="bbox 99 656 1126 1194">
    <p class='ocr_par' dir='ltr' id='par_1_5' title="bbox 99 656 1126 1194">
     <span class='ocr_line' id='line_1_8' title="bbox 99 656 1119 709; baseline -0.003 -14"><span class='ocrx_word' id='word_1_56' title='bbox 99 657 183 709; x_wconf 54' lang='lat' dir='ltr'>{ff-‚3</span> <span class='ocrx_word' id='word_1_57' title='bbox 207 657 306 707; x_wconf 81' lang='grc' dir='ltr'>Τιμτ’Ι</span> <span class='ocrx_word' id='word_1_58' title='bbox 326 658 399 695; x_wconf 80' lang='grc' dir='ltr'>ἐστι</span> <span class='ocrx_word' id='word_1_59' title='bbox 418 658 457 695; x_wconf 78' lang='grc' dir='ltr'>τὸ</span> <span class='ocrx_word' id='word_1_60' title='bbox 471 659 532 702; x_wconf 67' lang='grc' dir='ltr'>τῆς</span> <span class='ocrx_word' id='word_1_61' title='bbox 551 658 647 709; x_wconf 80' lang='grc' dir='ltr'>παρὰ</span> <span class='ocrx_word' id='word_1_62' title='bbox 664 659 731 694; x_wconf 80' lang='grc' dir='ltr'>τῶν</span> <span class='ocrx_word' id='word_1_63' title='bbox 753 656 916 706; x_wconf 81' lang='grc' dir='ltr'>μειζόνων</span> <span class='ocrx_word' id='word_1_64' title='bbox 933 656 1119 694; x_wconf 78' lang='grc' dir='ltr'>ἀπολαύειν</span> 
     </span>
     <span class='ocr_line' id='line_1_9' title="bbox 99 715 1120 769; baseline -0.003 -14"><span class='ocrx_word' id='word_1_65' title='bbox 99 718 209 764; x_wconf 83' lang='grc' dir='ltr'>δόξης.</span> <span class='ocrx_word' id='word_1_66' title='bbox 232 718 348 761; x_wconf 59' lang='lat' dir='ltr'>“Oh-&gt;g</span> <span class='ocrx_word' id='word_1_67' title='bbox 366 720 395 755; x_wconf 81' lang='grc' dir='ltr'>εἷ</span> <span class='ocrx_word' id='word_1_68' title='bbox 410 716 505 764; x_wconf 79' lang='grc' dir='ltr'>δόξης</span> <span class='ocrx_word' id='word_1_69' title='bbox 519 720 597 769; x_wconf 72' lang='grc' dir='ltr'>ἐρᾷς</span> <span class='ocrx_word' id='word_1_70' title='bbox 608 748 617 765; x_wconf 90' lang='grc'>,</span> <span class='ocrx_word' id='word_1_71' title='bbox 632 719 762 768; x_wconf 78' lang='grc' dir='ltr'>μᾶλλον</span> <span class='ocrx_word' id='word_1_72' title='bbox 774 717 937 769; x_wconf 78' lang='grc' dir='ltr'>ἐράσθητι</span> <span class='ocrx_word' id='word_1_73' title='bbox 952 719 1014 761; x_wconf 66' lang='grc' dir='ltr'>τῆς</span> <span class='ocrx_word' id='word_1_74' title='bbox 1025 715 1120 766; x_wconf 81' lang='grc' dir='ltr'>παρὰ</span> 
     </span>
     <span class='ocr_line' id='line_1_10' title="bbox 99 777 1120 830; baseline -0.003 -14"><span class='ocrx_word' id='word_1_75' title='bbox 99 783 158 817; x_wconf 73' lang='grc' dir='ltr'>τοῦ</span> <span class='ocrx_word' id='word_1_76' title='bbox 173 781 277 818; x_wconf 69' lang='grc' dir='ltr'>Θεοῦ.</span> <span class='ocrx_word' id='word_1_77' title='bbox 293 777 353 817; x_wconf 80' lang='grc' dir='ltr'>Ἂν</span> <span class='ocrx_word' id='word_1_78' title='bbox 372 778 526 830; x_wconf 78' lang='grc' dir='ltr'>ἐρασθεὶς</span> <span class='ocrx_word' id='word_1_79' title='bbox 541 778 672 825; x_wconf 76' lang='grc' dir='ltr'>ἐκείνης</span> <span class='ocrx_word' id='word_1_80' title='bbox 684 809 693 823; x_wconf 75' lang='grc'>,</span> <span class='ocrx_word' id='word_1_81' title='bbox 705 777 831 823; x_wconf 79' lang='grc' dir='ltr'>ταύτης</span> <span class='ocrx_word' id='word_1_82' title='bbox 843 777 1120 828; x_wconf 67' lang='grc' dir='ltr'>καταφρονήσῃς,</span> 
     </span>
     <span class='ocr_line' id='line_1_11' title="bbox 101 835 1122 891; baseline -0.005 -14"><span class='ocrx_word' id='word_1_83' title='bbox 101 840 178 891; x_wconf 72' lang='grc' dir='ltr'>ὄψει</span> <span class='ocrx_word' id='word_1_84' title='bbox 193 838 320 886; x_wconf 76' lang='grc' dir='ltr'>ταύτην</span> <span class='ocrx_word' id='word_1_85' title='bbox 342 840 484 889; x_wconf 80' lang='grc' dir='ltr'>ἄτιμον·</span> <span class='ocrx_word' id='word_1_86' title='bbox 505 838 568 881; x_wconf 80' lang='grc' dir='ltr'>ἕως</span> <span class='ocrx_word' id='word_1_87' title='bbox 604 838 643 875; x_wconf 86' lang='grc' dir='ltr'>ἂν</span> <span class='ocrx_word' id='word_1_88' title='bbox 678 837 811 883; x_wconf 84' lang='grc' dir='ltr'>ἐκείνην</span> <span class='ocrx_word' id='word_1_89' title='bbox 837 838 885 886; x_wconf 81' lang='grc' dir='ltr'>μὴ</span> <span class='ocrx_word' id='word_1_90' title='bbox 917 836 1013 887; x_wconf 82' lang='grc' dir='ltr'>ἴδῃς,</span> <span class='ocrx_word' id='word_1_91' title='bbox 1045 835 1122 873; x_wconf 75' lang='grc' dir='ltr'>οὐδὲ</span> 
     </span>
     <span class='ocr_line' id='line_1_12' title="bbox 102 895 1124 951; baseline -0.006 -13"><span class='ocrx_word' id='word_1_92' title='bbox 102 900 232 947; x_wconf 83' lang='grc' dir='ltr'>ταύτην</span> <span class='ocrx_word' id='word_1_93' title='bbox 253 901 336 938; x_wconf 80' lang='grc' dir='ltr'>ἰδεῖν</span> <span class='ocrx_word' id='word_1_94' title='bbox 357 901 487 951; x_wconf 70' lang='grc' dir='ltr'>δυνήσῃ</span> <span class='ocrx_word' id='word_1_95' title='bbox 507 902 581 942; x_wconf 79' lang='grc' dir='ltr'>πῶς</span> <span class='ocrx_word' id='word_1_96' title='bbox 599 900 691 937; x_wconf 81' lang='grc' dir='ltr'>ἐστιν</span> <span class='ocrx_word' id='word_1_97' title='bbox 708 898 855 949; x_wconf 79' lang='grc' dir='ltr'>αἰσχρὰ,</span> <span class='ocrx_word' id='word_1_98' title='bbox 877 900 951 939; x_wconf 81' lang='grc' dir='ltr'>πῶς</span> <span class='ocrx_word' id='word_1_99' title='bbox 980 895 1124 946; x_wconf 82' lang='grc' dir='ltr'>καταγέ-</span> 
     </span>
     <span class='ocr_line' id='line_1_13' title="bbox 103 958 1123 1013; baseline -0.005 -14"><span class='ocrx_word' id='word_1_100' title='bbox 103 964 240 1004; x_wconf 84' lang='grc' dir='ltr'>λαστος.</span> <span class='ocrx_word' id='word_1_101' title='bbox 261 961 429 1012; x_wconf 77' lang='grc' dir='ltr'>Καθάπερ</span> <span class='ocrx_word' id='word_1_102' title='bbox 450 961 517 1013; x_wconf 84' lang='grc' dir='ltr'>γὰρ</span> <span class='ocrx_word' id='word_1_103' title='bbox 537 963 569 998; x_wconf 84' lang='grc' dir='ltr'>οἱ</span> <span class='ocrx_word' id='word_1_104' title='bbox 596 966 731 1010; x_wconf 73' lang='grc' dir='ltr'>πονηρᾷ</span> <span class='ocrx_word' id='word_1_105' title='bbox 749 974 816 996; x_wconf 86' lang='grc' dir='ltr'>τινι</span> <span class='ocrx_word' id='word_1_106' title='bbox 835 958 972 1008; x_wconf 80' lang='grc' dir='ltr'>γυναικὶ</span> <span class='ocrx_word' id='word_1_107' title='bbox 991 972 1123 1008; x_wconf 86' lang='grc' dir='ltr'>προκα-</span> 
     </span>
     <span class='ocr_line' id='line_1_14' title="bbox 105 1018 1123 1074; baseline -0.007 -12"><span class='ocrx_word' id='word_1_108' title='bbox 105 1023 329 1074; x_wconf 81' lang='grc' dir='ltr'>τειλημμένοι</span> <span class='ocrx_word' id='word_1_109' title='bbox 346 1024 490 1073; x_wconf 57' lang='lat' dir='ltr'>effla-,4021</span> <span class='ocrx_word' id='word_1_110' title='bbox 506 1021 564 1059; x_wconf 82' lang='grc' dir='ltr'>καὶ</span> <span class='ocrx_word' id='word_1_111' title='bbox 588 1023 734 1071; x_wconf 67' lang='grc' dir='ltr'>αἰσχρᾷ,</span> <span class='ocrx_word' id='word_1_112' title='bbox 755 1019 818 1062; x_wconf 79' lang='grc' dir='ltr'>ἕως</span> <span class='ocrx_word' id='word_1_113' title='bbox 838 1018 877 1056; x_wconf 83' lang='grc' dir='ltr'>ἂν</span> <span class='ocrx_word' id='word_1_114' title='bbox 895 1020 1039 1070; x_wconf 76' lang='grc' dir='ltr'>φιλῶσιν</span> <span class='ocrx_word' id='word_1_115' title='bbox 1058 1019 1123 1056; x_wconf 85' lang='grc' dir='ltr'>αὖ-</span> 
     </span>
     <span class='ocr_line' id='line_1_15' title="bbox 106 1080 1126 1131; baseline -0.006 -9"><span class='ocrx_word' id='word_1_116' title='bbox 106 1085 187 1131; x_wconf 71' lang='grc' dir='ltr'>τῆν,</span> <span class='ocrx_word' id='word_1_117' title='bbox 217 1087 254 1122; x_wconf 78' lang='grc' dir='ltr'>οὖ</span> <span class='ocrx_word' id='word_1_118' title='bbox 283 1083 444 1121; x_wconf 82' lang='grc' dir='ltr'>δύνανται</span> <span class='ocrx_word' id='word_1_119' title='bbox 464 1082 552 1128; x_wconf 76' lang='grc' dir='ltr'>ι’τὴν</span> <span class='ocrx_word' id='word_1_120' title='bbox 578 1081 767 1118; x_wconf 74' lang='grc' dir='ltr'>δυσείδειαν</span> <span class='ocrx_word' id='word_1_121' title='bbox 789 1081 889 1125; x_wconf 82' lang='grc' dir='ltr'>ἰδεῖν,</span> <span class='ocrx_word' id='word_1_122' title='bbox 910 1083 968 1117; x_wconf 77' lang='grc' dir='ltr'>τοῦ</span> <span class='ocrx_word' id='word_1_123' title='bbox 997 1080 1126 1121; x_wconf 82' lang='grc' dir='ltr'>πάθους</span> 
     </span>
     <span class='ocr_line' id='line_1_16' title="bbox 104 1140 1126 1194; baseline -0.006 -11"><span class='ocrx_word' id='word_1_124' title='bbox 104 1147 364 1186; x_wconf 74' lang='grc' dir='ltr'>ἐπισκοτοῦν-τος</span> <span class='ocrx_word' id='word_1_125' title='bbox 381 1146 422 1193; x_wconf 75' lang='grc' dir='ltr'>τῇ</span> <span class='ocrx_word' id='word_1_126' title='bbox 439 1143 567 1194; x_wconf 89' lang='grc' dir='ltr'>κρίσει·</span> <span class='ocrx_word' id='word_1_127' title='bbox 589 1143 678 1179; x_wconf 73' lang='grc' dir='ltr'>οὕτω</span> <span class='ocrx_word' id='word_1_128' title='bbox 690 1141 730 1188; x_wconf 80' lang='grc' dir='ltr'>δὴ</span> <span class='ocrx_word' id='word_1_129' title='bbox 748 1141 806 1178; x_wconf 81' lang='grc' dir='ltr'>καὶ</span> <span class='ocrx_word' id='word_1_130' title='bbox 826 1143 989 1179; x_wconf 75' lang='grc' dir='ltr'>ἐνταῦθα·</span> <span class='ocrx_word' id='word_1_131' title='bbox 1007 1140 1071 1183; x_wconf 75' lang='grc' dir='ltr'>ἕως</span> <span class='ocrx_word' id='word_1_132' title='bbox 1088 1140 1126 1177; x_wconf 77' lang='grc' dir='ltr'>ἂν</span> 
     </span>
    </p>
   </div>
   <div class='ocr_carea' id='block_1_6' title="bbox 105 1202 1128 1256">
    <p class='ocr_par' dir='ltr' id='par_1_6' title="bbox 105 1202 1128 1256">
     <span class='ocr_line' id='line_1_17' title="bbox 105 1202 1128 1256; baseline -0.003 -14"><span class='ocrx_word' id='word_1_133' title='bbox 105 1204 335 1256; x_wconf 81' lang='grc' dir='ltr'>κατεχώμεθα</span> <span class='ocrx_word' id='word_1_134' title='bbox 353 1206 401 1255; x_wconf 75' lang='grc' dir='ltr'>τῷ</span> <span class='ocrx_word' id='word_1_135' title='bbox 417 1204 540 1250; x_wconf 75' lang='grc' dir='ltr'>πάθει,</span> <span class='ocrx_word' id='word_1_136' title='bbox 555 1205 592 1241; x_wconf 79' lang='grc' dir='ltr'>οὗ</span> <span class='ocrx_word' id='word_1_137' title='bbox 608 1203 782 1253; x_wconf 80' lang='grc' dir='ltr'>δυνάμεθα</span> <span class='ocrx_word' id='word_1_138' title='bbox 799 1203 945 1240; x_wconf 84' lang='grc' dir='ltr'>συνιδεῖν</span> <span class='ocrx_word' id='word_1_139' title='bbox 965 1202 1033 1240; x_wconf 82' lang='grc' dir='ltr'>οἷόν</span> <span class='ocrx_word' id='word_1_140' title='bbox 1053 1204 1128 1241; x_wconf 82' lang='grc' dir='ltr'>ἐστι</span> 
     </span>
    </p>
   </div>
   <div class='ocr_carea' id='block_1_7' title="bbox 104 1259 1174 1315">
    <p class='ocr_par' dir='ltr' id='par_1_7' title="bbox 104 1259 1174 1315">
     <span class='ocr_line' id='line_1_18' title="bbox 104 1259 1174 1315; baseline -0.005 -13"><span class='ocrx_word' id='word_1_141' title='bbox 104 1264 224 1303; x_wconf 88' lang='grc' dir='ltr'>κακόν.</span> <span class='ocrx_word' id='word_1_142' title='bbox 235 1266 319 1308; x_wconf 78' lang='grc' dir='ltr'>Πῶς</span> <span class='ocrx_word' id='word_1_143' title='bbox 337 1259 393 1302; x_wconf 64' lang='grc' dir='ltr'>οἶν</span> <span class='ocrx_word' id='word_1_144' title='bbox 408 1263 693 1315; x_wconf 85' lang='grc' dir='ltr'>ἀπαλλαγείημεν</span> <span class='ocrx_word' id='word_1_145' title='bbox 709 1263 761 1311; x_wconf 85' lang='grc' dir='ltr'>ἂν,</span> <span class='ocrx_word' id='word_1_146' title='bbox 776 1263 893 1315; x_wconf 73' lang='grc' dir='ltr'>φησιν,</span> <span class='ocrx_word' id='word_1_147' title='bbox 914 1265 1034 1309; x_wconf 71' lang='grc' dir='ltr'>αὖτοῧ,</span> <span class='ocrx_word' id='word_1_148' title='bbox 1051 1262 1060 1275; x_wconf 75' lang='lat'>³</span> <span class='ocrx_word' id='word_1_149' title='bbox 1079 1276 1129 1301; x_wconf 54' lang='grc' dir='ltr'>ιν-</span> <span class='ocrx_word' id='word_1_150' title='bbox 1151 1267 1174 1297; x_wconf 87' lang='lat' dir='ltr'>C</span> 
     </span>
    </p>
   </div>
   <div class='ocr_carea' id='block_1_8' title="bbox 103 1324 1140 3208">
    <p class='ocr_par' dir='ltr' id='par_1_8' title="bbox 103 1324 1140 3208">
     <span class='ocr_line' id='line_1_19' title="bbox 105 1324 1130 1379; baseline 0 -17"><span class='ocrx_word' id='word_1_151' title='bbox 105 1325 176 1364; x_wconf 84' lang='grc' dir='ltr'>νόει</span> <span class='ocrx_word' id='word_1_152' title='bbox 189 1325 265 1369; x_wconf 71' lang='grc' dir='ltr'>τοὺς</span> <span class='ocrx_word' id='word_1_153' title='bbox 278 1325 446 1379; x_wconf 76' lang='grc' dir='ltr'>χρήματα</span> <span class='ocrx_word' id='word_1_154' title='bbox 463 1325 709 1369; x_wconf 81' lang='grc' dir='ltr'>ἀναλώσαντας</span> <span class='ocrx_word' id='word_1_155' title='bbox 725 1325 831 1376; x_wconf 85' lang='grc' dir='ltr'>μυρία</span> <span class='ocrx_word' id='word_1_156' title='bbox 842 1355 851 1372; x_wconf 97' lang='grc'>,</span> <span class='ocrx_word' id='word_1_157' title='bbox 866 1328 925 1362; x_wconf 80' lang='grc' dir='ltr'>καὶ</span> <span class='ocrx_word' id='word_1_158' title='bbox 939 1324 1032 1363; x_wconf 71' lang='grc' dir='ltr'>οὐδὲν</span> <span class='ocrx_word' id='word_1_159' title='bbox 1045 1330 1058 1346; x_wconf 72' lang='lat'>⁰</span> <span class='ocrx_word' id='word_1_160' title='bbox 1069 1325 1130 1362; x_wconf 70' lang='grc' dir='ltr'>ἀπ’</span> 
     </span>
     <span class='ocr_line' id='line_1_20' title="bbox 107 1385 1132 1438; baseline -0.001 -13"><span class='ocrx_word' id='word_1_161' title='bbox 107 1389 216 1425; x_wconf 76' lang='grc' dir='ltr'>αὐτῶν</span> <span class='ocrx_word' id='word_1_162' title='bbox 233 1386 528 1438; x_wconf 80' lang='grc' dir='ltr'>καρπωσαμένους</span> <span class='ocrx_word' id='word_1_163' title='bbox 541 1401 548 1409; x_wconf 90' lang='grc'><em>·</em></span> <span class='ocrx_word' id='word_1_164' title='bbox 570 1385 678 1424; x_wconf 81' lang='grc' dir='ltr'>ἐννόει</span> <span class='ocrx_word' id='word_1_165' title='bbox 700 1385 777 1429; x_wconf 79' lang='grc' dir='ltr'>τοὺς</span> <span class='ocrx_word' id='word_1_166' title='bbox 797 1385 1032 1428; x_wconf 77' lang='grc' dir='ltr'>ἀποθανόντας</span> <span class='ocrx_word' id='word_1_167' title='bbox 1049 1385 1132 1432; x_wconf 75' lang='grc' dir='ltr'>ὅσης</span> 
     </span>
     <span class='ocr_line' id='line_1_21' title="bbox 106 1446 1130 1498; baseline 0 -13"><span class='ocrx_word' id='word_1_168' title='bbox 106 1447 312 1493; x_wconf 77' lang='grc' dir='ltr'>ἀπήλαυσαν</span> <span class='ocrx_word' id='word_1_169' title='bbox 330 1447 428 1494; x_wconf 81' lang='grc' dir='ltr'>δόξης</span> <span class='ocrx_word' id='word_1_170' title='bbox 440 1478 448 1494; x_wconf 95' lang='grc'>,</span> <span class='ocrx_word' id='word_1_171' title='bbox 473 1447 531 1485; x_wconf 80' lang='grc' dir='ltr'>καὶ</span> <span class='ocrx_word' id='word_1_172' title='bbox 565 1448 714 1498; x_wconf 76' lang='grc' dir='ltr'>οὐδαμοῦ</span> <span class='ocrx_word' id='word_1_173' title='bbox 746 1446 834 1493; x_wconf 77' lang='grc' dir='ltr'>αὕτη</span> <span class='ocrx_word' id='word_1_174' title='bbox 875 1447 1019 1498; x_wconf 65' lang='grc' dir='ltr'>βεῧαία,</span> <span class='ocrx_word' id='word_1_175' title='bbox 1053 1448 1130 1485; x_wconf 79' lang='grc' dir='ltr'>ἀλλ’</span> 
     </span>
     <span class='ocr_line' id='line_1_22' title="bbox 107 1507 1132 1561; baseline 0 -16"><span class='ocrx_word' id='word_1_176' title='bbox 107 1508 266 1546; x_wconf 85' lang='grc' dir='ltr'>ἀπόλωλε</span> <span class='ocrx_word' id='word_1_177' title='bbox 294 1508 352 1546; x_wconf 79' lang='grc' dir='ltr'>καὶ</span> <span class='ocrx_word' id='word_1_178' title='bbox 385 1508 602 1561; x_wconf 68' lang='grc' dir='ltr'>διέφθαρται·</span> <span class='ocrx_word' id='word_1_179' title='bbox 627 1508 786 1556; x_wconf 79' lang='grc' dir='ltr'>ἐννόησον</span> <span class='ocrx_word' id='word_1_180' title='bbox 799 1539 808 1557; x_wconf 84' lang='grc'>,</span> <span class='ocrx_word' id='word_1_181' title='bbox 826 1508 879 1546; x_wconf 72' lang='grc' dir='ltr'>ὅτι</span> <span class='ocrx_word' id='word_1_182' title='bbox 900 1509 1009 1559; x_wconf 82' lang='grc' dir='ltr'>ὄνομα</span> <span class='ocrx_word' id='word_1_183' title='bbox 1029 1507 1132 1559; x_wconf 85' lang='grc' dir='ltr'>μόνον</span> 
     </span>
     <span class='ocr_line' id='line_1_23' title="bbox 107 1569 1130 1623; baseline 0 -16"><span class='ocrx_word' id='word_1_184' title='bbox 107 1569 199 1617; x_wconf 76' lang='grc' dir='ltr'>ἐστὶ,</span> <span class='ocrx_word' id='word_1_185' title='bbox 218 1576 366 1623; x_wconf 71' lang='grc' dir='ltr'>πρᾶγμα</span> <span class='ocrx_word' id='word_1_186' title='bbox 383 1569 417 1608; x_wconf 77' lang='grc' dir='ltr'>δὲ</span> <span class='ocrx_word' id='word_1_187' title='bbox 434 1572 494 1608; x_wconf 70' lang='grc' dir='ltr'>οὐκ</span> <span class='ocrx_word' id='word_1_188' title='bbox 507 1570 595 1621; x_wconf 72' lang='grc' dir='ltr'>ἔχει·</span> <span class='ocrx_word' id='word_1_189' title='bbox 613 1570 688 1607; x_wconf 80' lang='grc' dir='ltr'>ἐπεὶ</span> <span class='ocrx_word' id='word_1_190' title='bbox 705 1569 737 1606; x_wconf 89' lang='grc' dir='ltr'>τί</span> <span class='ocrx_word' id='word_1_191' title='bbox 753 1572 826 1608; x_wconf 82' lang='grc' dir='ltr'>ἐστι</span> <span class='ocrx_word' id='word_1_192' title='bbox 842 1569 940 1617; x_wconf 63' lang='grc' dir='ltr'>δόξα,</span> <span class='ocrx_word' id='word_1_193' title='bbox 958 1569 1034 1608; x_wconf 81' lang='grc' dir='ltr'>εἶπέ</span> <span class='ocrx_word' id='word_1_194' title='bbox 1054 1585 1130 1621; x_wconf 89' lang='grc' dir='ltr'>μοι·</span> 
     </span>
     <span class='ocr_line' id='line_1_24' title="bbox 109 1630 1131 1684; baseline 0.001 -16"><span class='ocrx_word' id='word_1_195' title='bbox 109 1631 164 1674; x_wconf 73' lang='grc' dir='ltr'>δὸς</span> <span class='ocrx_word' id='word_1_196' title='bbox 185 1630 263 1683; x_wconf 78' lang='grc' dir='ltr'>ὅρον</span> <span class='ocrx_word' id='word_1_197' title='bbox 283 1631 374 1668; x_wconf 84' lang='grc' dir='ltr'>τινοί.</span> <span class='ocrx_word' id='word_1_198' title='bbox 402 1630 454 1668; x_wconf 84' lang='grc' dir='ltr'>Τὸ</span> <span class='ocrx_word' id='word_1_199' title='bbox 486 1630 723 1681; x_wconf 80' lang='grc' dir='ltr'>θαυμάζεσθαι</span> <span class='ocrx_word' id='word_1_200' title='bbox 741 1630 840 1683; x_wconf 74' lang='grc' dir='ltr'>παρὰ</span> <span class='ocrx_word' id='word_1_201' title='bbox 858 1631 1011 1680; x_wconf 83' lang='grc' dir='ltr'>πάντων,</span> <span class='ocrx_word' id='word_1_202' title='bbox 1035 1632 1131 1684; x_wconf 84' lang='grc' dir='ltr'>φησί.</span> 
     </span>
     <span class='ocr_line' id='line_1_25' title="bbox 109 1690 1132 1743; baseline 0.001 -14"><span class='ocrx_word' id='word_1_203' title='bbox 109 1691 284 1738; x_wconf 86' lang='grc' dir='ltr'>Δικαίως,</span> <span class='ocrx_word' id='word_1_204' title='bbox 304 1690 326 1736; x_wconf 84' lang='grc' dir='ltr'>ἢ</span> <span class='ocrx_word' id='word_1_205' title='bbox 343 1691 403 1729; x_wconf 77' lang='grc' dir='ltr'>καὶ</span> <span class='ocrx_word' id='word_1_206' title='bbox 424 1690 570 1738; x_wconf 71' lang='grc' dir='ltr'>ἀδίκως,</span> <span class='ocrx_word' id='word_1_207' title='bbox 588 1692 632 1728; x_wconf 76' lang='grc' dir='ltr'>Εἰ</span> <span class='ocrx_word' id='word_1_208' title='bbox 662 1690 722 1741; x_wconf 78' lang='grc' dir='ltr'>μὲν</span> <span class='ocrx_word' id='word_1_209' title='bbox 744 1691 812 1743; x_wconf 79' lang='grc' dir='ltr'>γὰρ</span> <span class='ocrx_word' id='word_1_210' title='bbox 840 1691 986 1740; x_wconf 79' lang='grc' dir='ltr'>ἀδίκως,</span> <span class='ocrx_word' id='word_1_211' title='bbox 1002 1694 1065 1731; x_wconf 78' lang='grc' dir='ltr'>οὐκ</span> <span class='ocrx_word' id='word_1_212' title='bbox 1092 1694 1132 1730; x_wconf 80' lang='grc' dir='ltr'>ἂν</span> 
     </span>
     <span class='ocr_line' id='line_1_26' title="bbox 108 1751 1133 1805; baseline 0.004 -16"><span class='ocrx_word' id='word_1_213' title='bbox 108 1752 162 1799; x_wconf 85' lang='grc' dir='ltr'>εἴη</span> <span class='ocrx_word' id='word_1_214' title='bbox 180 1758 278 1791; x_wconf 72' lang='grc' dir='ltr'>τοῦτο</span> <span class='ocrx_word' id='word_1_215' title='bbox 297 1755 413 1802; x_wconf 71' lang='grc' dir='ltr'>θαῦμα</span> <span class='ocrx_word' id='word_1_216' title='bbox 424 1783 434 1800; x_wconf 88' lang='grc'>,</span> <span class='ocrx_word' id='word_1_217' title='bbox 455 1751 543 1790; x_wconf 72' lang='grc' dir='ltr'>ἀλλὰ</span> <span class='ocrx_word' id='word_1_218' title='bbox 562 1751 774 1805; x_wconf 82' lang='grc' dir='ltr'>κατηγορία,</span> <span class='ocrx_word' id='word_1_219' title='bbox 794 1753 852 1790; x_wconf 84' lang='grc' dir='ltr'>καὶ</span> <span class='ocrx_word' id='word_1_220' title='bbox 866 1754 1030 1791; x_wconf 78' lang='grc' dir='ltr'>κολακεία</span> <span class='ocrx_word' id='word_1_221' title='bbox 1043 1783 1052 1801; x_wconf 89' lang='grc'>,</span> <span class='ocrx_word' id='word_1_222' title='bbox 1074 1756 1133 1793; x_wconf 78' lang='grc' dir='ltr'>καὶ</span> 
     </span>
     <span class='ocr_line' id='line_1_27' title="bbox 110 1812 1133 1867; baseline 0.002 -17"><span class='ocrx_word' id='word_1_223' title='bbox 110 1813 273 1859; x_wconf 64' lang='grc' dir='ltr'>διαὲολή·</span> <span class='ocrx_word' id='word_1_224' title='bbox 299 1815 328 1850; x_wconf 78' lang='grc' dir='ltr'>εἰ</span> <span class='ocrx_word' id='word_1_225' title='bbox 349 1812 507 1861; x_wconf 83' lang='grc' dir='ltr'>δικαίως,</span> <span class='ocrx_word' id='word_1_226' title='bbox 535 1817 634 1851; x_wconf 72' lang='grc' dir='ltr'>τοῧτο</span> <span class='ocrx_word' id='word_1_227' title='bbox 663 1815 700 1851; x_wconf 77' lang='grc' dir='ltr'>οὗ</span> <span class='ocrx_word' id='word_1_228' title='bbox 728 1812 887 1851; x_wconf 85' lang='grc' dir='ltr'>δυνατόν·</span> <span class='ocrx_word' id='word_1_229' title='bbox 919 1817 956 1852; x_wconf 83' lang='grc' dir='ltr'>οὐ</span> <span class='ocrx_word' id='word_1_230' title='bbox 975 1813 1041 1866; x_wconf 82' lang='grc' dir='ltr'>γὰρ</span> <span class='ocrx_word' id='word_1_231' title='bbox 1061 1815 1133 1867; x_wconf 79' lang='grc' dir='ltr'>ἔχει</span> 
     </span>
     <span class='ocr_line' id='line_1_28' title="bbox 108 1872 1133 1926; baseline 0.002 -14"><span class='ocrx_word' id='word_1_232' title='bbox 108 1873 238 1926; x_wconf 85' lang='grc' dir='ltr'>κρίσεις</span> <span class='ocrx_word' id='word_1_233' title='bbox 258 1873 361 1926; x_wconf 77' lang='grc' dir='ltr'>ὀρθὰς</span> <span class='ocrx_word' id='word_1_234' title='bbox 377 1877 394 1911; x_wconf 85' lang='grc' dir='ltr'><em>ὃ</em></span> <span class='ocrx_word' id='word_1_235' title='bbox 411 1875 519 1925; x_wconf 72' lang='grc' dir='ltr'>δῆμος</span> <span class='ocrx_word' id='word_1_236' title='bbox 532 1905 540 1921; x_wconf 93' lang='grc'>,</span> <span class='ocrx_word' id='word_1_237' title='bbox 559 1874 648 1911; x_wconf 75' lang='grc' dir='ltr'>ἀλλὰ</span> <span class='ocrx_word' id='word_1_238' title='bbox 667 1872 744 1917; x_wconf 44' lang='grc' dir='ltr'>τσὺς</span> <span class='ocrx_word' id='word_1_239' title='bbox 761 1879 836 1918; x_wconf 84' lang='grc' dir='ltr'>ταῖς</span> <span class='ocrx_word' id='word_1_240' title='bbox 855 1876 1053 1925; x_wconf 77' lang='grc' dir='ltr'>ἐπιθυμίαις</span> <span class='ocrx_word' id='word_1_241' title='bbox 1075 1879 1133 1914; x_wconf 79' lang='grc' dir='ltr'>αὖ·</span> 
     </span>
     <span class='ocr_line' id='line_1_29' title="bbox 106 1934 1134 1988; baseline 0.003 -16"><span class='ocrx_word' id='word_1_242' title='bbox 106 1937 174 1972; x_wconf 84' lang='grc' dir='ltr'>τῶν</span> <span class='ocrx_word' id='word_1_243' title='bbox 195 1937 450 1986; x_wconf 68' lang='grc' dir='ltr'>ὑπηρετοῦντας</span> <span class='ocrx_word' id='word_1_244' title='bbox 475 1934 611 1978; x_wconf 71' lang='grc' dir='ltr'>τούτους</span> <span class='ocrx_word' id='word_1_245' title='bbox 627 1935 853 1985; x_wconf 76' lang='grc' dir='ltr'>θαυμάζουσι.</span> <span class='ocrx_word' id='word_1_246' title='bbox 871 1936 941 1973; x_wconf 75' lang='grc' dir='ltr'>Καὶ</span> <span class='ocrx_word' id='word_1_247' title='bbox 963 1938 992 1974; x_wconf 85' lang='grc' dir='ltr'>εἷ</span> <span class='ocrx_word' id='word_1_248' title='bbox 1013 1937 1134 1988; x_wconf 79' lang='grc' dir='ltr'>βούλε-</span> 
     </span>
     <span class='ocr_line' id='line_1_30' title="bbox 106 1994 1134 2050; baseline 0.002 -17"><span class='ocrx_word' id='word_1_249' title='bbox 106 1999 183 2043; x_wconf 87' lang='grc' dir='ltr'>σθε,</span> <span class='ocrx_word' id='word_1_250' title='bbox 200 1995 422 2046; x_wconf 76' lang='grc' dir='ltr'>καταμάθετε</span> <span class='ocrx_word' id='word_1_251' title='bbox 444 1994 522 2039; x_wconf 83' lang='grc' dir='ltr'>τοὺς</span> <span class='ocrx_word' id='word_1_252' title='bbox 543 2002 618 2039; x_wconf 80' lang='grc' dir='ltr'>ταῖς</span> <span class='ocrx_word' id='word_1_253' title='bbox 651 1995 794 2048; x_wconf 79' lang='grc' dir='ltr'>πόρναις</span> <span class='ocrx_word' id='word_1_254' title='bbox 812 1995 855 2033; x_wconf 71' lang='grc' dir='ltr'>τὰ</span> <span class='ocrx_word' id='word_1_255' title='bbox 875 1998 986 2034; x_wconf 72' lang='grc' dir='ltr'>αὐτῶν</span> <span class='ocrx_word' id='word_1_256' title='bbox 1007 1998 1134 2050; x_wconf 79' lang='grc' dir='ltr'>δωρου-</span> 
     </span>
     <span class='ocr_line' id='line_1_31' title="bbox 110 2056 1136 2109; baseline 0.002 -15"><span class='ocrx_word' id='word_1_257' title='bbox 110 2056 249 2107; x_wconf 76' lang='grc' dir='ltr'>μένους,</span> <span class='ocrx_word' id='word_1_258' title='bbox 269 2056 345 2099; x_wconf 52' lang='grc' dir='ltr'>τοὺς</span> <span class='ocrx_word' id='word_1_259' title='bbox 364 2063 433 2100; x_wconf 83' lang='grc' dir='ltr'>τοῖς</span> <span class='ocrx_word' id='word_1_260' title='bbox 454 2056 627 2109; x_wconf 68' lang='grc' dir='ltr'>ἡνιόχοις,</span> <span class='ocrx_word' id='word_1_261' title='bbox 647 2056 724 2100; x_wconf 70' lang='grc' dir='ltr'>τοὺς</span> <span class='ocrx_word' id='word_1_262' title='bbox 744 2062 813 2100; x_wconf 88' lang='grc' dir='ltr'>τοῖς</span> <span class='ocrx_word' id='word_1_263' title='bbox 830 2059 1029 2109; x_wconf 76' lang='grc' dir='ltr'>ὀρχησταῖς.</span> <span class='ocrx_word' id='word_1_264' title='bbox 1046 2058 1136 2096; x_wconf 73' lang='grc' dir='ltr'>Ἀλλ’</span> 
     </span>
     <span class='ocr_line' id='line_1_32' title="bbox 106 2116 1136 2169; baseline 0.001 -15"><span class='ocrx_word' id='word_1_265' title='bbox 106 2119 144 2154; x_wconf 77' lang='grc' dir='ltr'>οὐ</span> <span class='ocrx_word' id='word_1_266' title='bbox 169 2117 331 2164; x_wconf 75' lang='grc' dir='ltr'>τούτους,</span> <span class='ocrx_word' id='word_1_267' title='bbox 353 2117 454 2169; x_wconf 69' lang='grc' dir='ltr'>φησὶ,</span> <span class='ocrx_word' id='word_1_268' title='bbox 475 2117 610 2169; x_wconf 71' lang='grc' dir='ltr'>φαμὲν,</span> <span class='ocrx_word' id='word_1_269' title='bbox 639 2116 729 2155; x_wconf 81' lang='grc' dir='ltr'>ἀλλὰ</span> <span class='ocrx_word' id='word_1_270' title='bbox 764 2116 840 2160; x_wconf 72' lang='grc' dir='ltr'>τοὺς</span> <span class='ocrx_word' id='word_1_271' title='bbox 875 2118 1048 2165; x_wconf 86' lang='grc' dir='ltr'>δικαίους,</span> <span class='ocrx_word' id='word_1_272' title='bbox 1077 2119 1136 2155; x_wconf 79' lang='grc' dir='ltr'>καὶ</span> 
     </span>
     <span class='ocr_line' id='line_1_33' title="bbox 106 2176 1135 2230; baseline 0.002 -15"><span class='ocrx_word' id='word_1_273' title='bbox 106 2177 184 2221; x_wconf 73' lang='grc' dir='ltr'>τοὺς</span> <span class='ocrx_word' id='word_1_274' title='bbox 199 2176 336 2230; x_wconf 69' lang='grc' dir='ltr'>ὀρθοὺς,</span> <span class='ocrx_word' id='word_1_275' title='bbox 355 2178 414 2215; x_wconf 80' lang='grc' dir='ltr'>καὶ</span> <span class='ocrx_word' id='word_1_276' title='bbox 430 2179 567 2229; x_wconf 84' lang='grc' dir='ltr'>μεγάλα</span> <span class='ocrx_word' id='word_1_277' title='bbox 584 2178 793 2228; x_wconf 79' lang='grc' dir='ltr'>δυναμένους</span> <span class='ocrx_word' id='word_1_278' title='bbox 812 2184 921 2216; x_wconf 87' lang='grc' dir='ltr'>ποιεῖν</span> <span class='ocrx_word' id='word_1_279' title='bbox 934 2179 1036 2217; x_wconf 84' lang='grc' dir='ltr'>καλοί.</span> <span class='ocrx_word' id='word_1_280' title='bbox 1054 2179 1135 2217; x_wconf 79' lang='grc' dir='ltr'>Εἴθε</span> 
     </span>
     <span class='ocr_line' id='line_1_34' title="bbox 107 2238 1135 2291; baseline 0.002 -15"><span class='ocrx_word' id='word_1_281' title='bbox 107 2239 313 2284; x_wconf 64' lang='grc' dir='ltr'>ἦὸούλοντο,</span> <span class='ocrx_word' id='word_1_282' title='bbox 333 2238 391 2276; x_wconf 72' lang='grc' dir='ltr'>καὶ</span> <span class='ocrx_word' id='word_1_283' title='bbox 419 2239 553 2290; x_wconf 73' lang='grc' dir='ltr'>ταχέως</span> <span class='ocrx_word' id='word_1_284' title='bbox 579 2238 714 2276; x_wconf 78' lang='grc' dir='ltr'>ἐποίουν</span> <span class='ocrx_word' id='word_1_285' title='bbox 740 2238 779 2275; x_wconf 77' lang='grc' dir='ltr'>ἂν</span> <span class='ocrx_word' id='word_1_286' title='bbox 800 2238 844 2277; x_wconf 81' lang='grc' dir='ltr'>τὰ</span> <span class='ocrx_word' id='word_1_287' title='bbox 875 2239 1006 2291; x_wconf 83' lang='grc' dir='ltr'>ἀγαθοί·</span> <span class='ocrx_word' id='word_1_288' title='bbox 1027 2245 1083 2278; x_wconf 78' lang='grc' dir='ltr'>νῦν</span> <span class='ocrx_word' id='word_1_289' title='bbox 1100 2241 1135 2279; x_wconf 79' lang='grc' dir='ltr'>δὲ</span> 
     </span>
     <span class='ocr_line' id='line_1_35' title="bbox 105 2299 1133 2350; baseline 0.003 -13"><span class='ocrx_word' id='word_1_290' title='bbox 105 2299 200 2338; x_wconf 78' lang='grc' dir='ltr'>οὐδὲν</span> <span class='ocrx_word' id='word_1_291' title='bbox 215 2299 344 2338; x_wconf 79' lang='grc' dir='ltr'>τούτων</span> <span class='ocrx_word' id='word_1_292' title='bbox 363 2304 511 2338; x_wconf 71' lang='grc' dir='ltr'>ποιοῦσι.</span> <span class='ocrx_word' id='word_1_293' title='bbox 531 2299 613 2347; x_wconf 85' lang='grc' dir='ltr'>Τίς,</span> <span class='ocrx_word' id='word_1_294' title='bbox 633 2299 709 2338; x_wconf 76' lang='grc' dir='ltr'>εἰπέ</span> <span class='ocrx_word' id='word_1_295' title='bbox 721 2316 800 2350; x_wconf 84' lang='grc' dir='ltr'>μοι,</span> <span class='ocrx_word' id='word_1_296' title='bbox 817 2299 873 2338; x_wconf 80' lang='grc' dir='ltr'>τὸν</span> <span class='ocrx_word' id='word_1_297' title='bbox 888 2299 1019 2339; x_wconf 88' lang='grc' dir='ltr'>δίκαιον</span> <span class='ocrx_word' id='word_1_298' title='bbox 1035 2304 1101 2340; x_wconf 85' lang='grc' dir='ltr'>ἐπα</span> <span class='ocrx_word' id='word_1_299' title='bbox 1109 2319 1133 2339; x_wconf 89' lang='grc' dir='ltr'>ι-</span> 
     </span>
     <span class='ocr_line' id='line_1_36' title="bbox 103 2355 1135 2415; baseline 0.002 -17"><span class='ocrx_word' id='word_1_300' title='bbox 103 2366 155 2398; x_wconf 84' lang='grc' dir='ltr'>νεῖ</span> <span class='ocrx_word' id='word_1_301' title='bbox 174 2366 231 2399; x_wconf 73' lang='grc' dir='ltr'>νῦν</span> <span class='ocrx_word' id='word_1_302' title='bbox 249 2360 308 2398; x_wconf 81' lang='grc' dir='ltr'>καὶ</span> <span class='ocrx_word' id='word_1_303' title='bbox 319 2361 375 2400; x_wconf 81' lang='grc' dir='ltr'>τὸν</span> <span class='ocrx_word' id='word_1_304' title='bbox 389 2361 508 2413; x_wconf 70' lang='grc' dir='ltr'>ὀρθόν,</span> <span class='ocrx_word' id='word_1_305' title='bbox 526 2360 738 2399; x_wconf 80' lang='grc' dir='ltr'>Τοῦναντίον</span> <span class='ocrx_word' id='word_1_306' title='bbox 766 2360 828 2411; x_wconf 77' lang='grc' dir='ltr'>μὲν</span> <span class='ocrx_word' id='word_1_307' title='bbox 851 2355 922 2400; x_wconf 60' lang='grc' dir='ltr'>οἷν.</span> <span class='ocrx_word' id='word_1_308' title='bbox 945 2363 992 2400; x_wconf 88' lang='grc' dir='ltr'>Τι’</span> <span class='ocrx_word' id='word_1_309' title='bbox 1016 2362 1050 2400; x_wconf 79' lang='grc' dir='ltr'>δὲ</span> <span class='ocrx_word' id='word_1_310' title='bbox 1068 2365 1135 2415; x_wconf 76' lang='grc' dir='ltr'>ψυ-</span> 
     </span>
     <span class='ocr_line' id='line_1_37' title="bbox 103 2420 1134 2476; baseline 0.003 -17"><span class='ocrx_word' id='word_1_311' title='bbox 103 2420 268 2474; x_wconf 80' lang='grc' dir='ltr'>χρότερον</span> <span class='ocrx_word' id='word_1_312' title='bbox 294 2422 444 2470; x_wconf 84' lang='grc' dir='ltr'>δικαίου,</span> <span class='ocrx_word' id='word_1_313' title='bbox 470 2425 498 2461; x_wconf 81' lang='grc' dir='ltr'>εἰ</span> <span class='ocrx_word' id='word_1_314' title='bbox 525 2429 673 2475; x_wconf 71' lang='grc' dir='ltr'>πρᾶγμα</span> <span class='ocrx_word' id='word_1_315' title='bbox 704 2426 856 2460; x_wconf 75' lang='grc' dir='ltr'>τοιοῦτον</span> <span class='ocrx_word' id='word_1_316' title='bbox 876 2427 1053 2476; x_wconf 80' lang='grc' dir='ltr'>κατορθῶν</span> <span class='ocrx_word' id='word_1_317' title='bbox 1072 2428 1134 2471; x_wconf 64' lang='grc' dir='ltr'>τῆς</span> 
     </span>
     <span class='ocr_line' id='line_1_38' title="bbox 111 2482 1134 2537; baseline 0.005 -18"><span class='ocrx_word' id='word_1_318' title='bbox 111 2482 208 2534; x_wconf 70' lang='grc' dir='ltr'>παρὰ</span> <span class='ocrx_word' id='word_1_319' title='bbox 226 2486 294 2520; x_wconf 83' lang='grc' dir='ltr'>τῶν</span> <span class='ocrx_word' id='word_1_320' title='bbox 312 2485 450 2521; x_wconf 79' lang='grc' dir='ltr'>πολλῶν</span> <span class='ocrx_word' id='word_1_321' title='bbox 468 2483 565 2528; x_wconf 80' lang='grc' dir='ltr'>δόξης</span> <span class='ocrx_word' id='word_1_322' title='bbox 584 2482 737 2535; x_wconf 66' lang='grc' dir='ltr'>ἐφίεται,</span> <span class='ocrx_word' id='word_1_323' title='bbox 758 2484 922 2522; x_wconf 75' lang='grc' dir='ltr'>Τοιοῦτον</span> <span class='ocrx_word' id='word_1_324' title='bbox 939 2484 1006 2537; x_wconf 81' lang='grc' dir='ltr'>γὰρ</span> <span class='ocrx_word' id='word_1_325' title='bbox 1024 2492 1134 2533; x_wconf 82' lang='grc' dir='ltr'>ποιεῖ,</span> 
     </span>
     <span class='ocr_line' id='line_1_39' title="bbox 113 2537 1133 2600; baseline 0.004 -21"><span class='ocrx_word' id='word_1_326' title='bbox 113 2537 182 2581; x_wconf 69' lang='grc' dir='ltr'>οἷον</span> <span class='ocrx_word' id='word_1_327' title='bbox 198 2542 237 2579; x_wconf 83' lang='grc' dir='ltr'>ἂν</span> <span class='ocrx_word' id='word_1_328' title='bbox 261 2544 354 2586; x_wconf 84' lang='grc' dir='ltr'>εἴτις</span> <span class='ocrx_word' id='word_1_329' title='bbox 374 2543 550 2595; x_wconf 69' lang='grc' dir='ltr'>ζωγράφος</span> <span class='ocrx_word' id='word_1_330' title='bbox 566 2544 704 2595; x_wconf 68' lang='grc' dir='ltr'>ἀριστος</span> <span class='ocrx_word' id='word_1_331' title='bbox 723 2543 769 2581; x_wconf 78' lang='grc' dir='ltr'>ὧν</span> <span class='ocrx_word' id='word_1_332' title='bbox 785 2545 844 2582; x_wconf 82' lang='grc' dir='ltr'>καὶ</span> <span class='ocrx_word' id='word_1_333' title='bbox 863 2545 977 2584; x_wconf 76' lang='grc' dir='ltr'>εἰκόνα</span> <span class='ocrx_word' id='word_1_334' title='bbox 993 2547 1133 2600; x_wconf 65' lang='grc' dir='ltr'>γράφων</span> 
     </span>
     <span class='ocr_line' id='line_1_40' title="bbox 115 2604 1134 2658; baseline 0.006 -17"><span class='ocrx_word' id='word_1_335' title='bbox 115 2604 312 2654; x_wconf 76' lang='grc' dir='ltr'>βασιλικὴν,</span> <span class='ocrx_word' id='word_1_336' title='bbox 333 2607 399 2642; x_wconf 75' lang='grc' dir='ltr'>τῶν</span> <span class='ocrx_word' id='word_1_337' title='bbox 417 2606 479 2643; x_wconf 81' lang='grc' dir='ltr'>οὐκ</span> <span class='ocrx_word' id='word_1_338' title='bbox 506 2605 679 2657; x_wconf 78' lang='grc' dir='ltr'>ἐμπείρων</span> <span class='ocrx_word' id='word_1_339' title='bbox 698 2605 903 2658; x_wconf 54' lang='grc' dir='ltr'>ἀποδέχοιτο</span> <span class='ocrx_word' id='word_1_340' title='bbox 929 2606 1006 2652; x_wconf 68' lang='grc' dir='ltr'>τοὺς</span> <span class='ocrx_word' id='word_1_341' title='bbox 1029 2609 1134 2647; x_wconf 89' lang='grc' dir='ltr'>ἐπαί-</span> 
     </span>
     <span class='ocr_line' id='line_1_41' title="bbox 115 2664 1137 2723; baseline 0.005 -20"><span class='ocrx_word' id='word_1_342' title='bbox 115 2681 202 2708; x_wconf 90' lang='grc' dir='ltr'>νους.</span> <span class='ocrx_word' id='word_1_343' title='bbox 222 2664 353 2709; x_wconf 80' lang='grc' dir='ltr'>Ἄλλως</span> <span class='ocrx_word' id='word_1_344' title='bbox 375 2666 410 2703; x_wconf 76' lang='grc' dir='ltr'>δὲ</span> <span class='ocrx_word' id='word_1_345' title='bbox 431 2665 566 2717; x_wconf 70' lang='grc' dir='ltr'>ταχέως</span> <span class='ocrx_word' id='word_1_346' title='bbox 582 2665 739 2712; x_wconf 77' lang='grc' dir='ltr'>ἀποστήσ</span> <span class='ocrx_word' id='word_1_347' title='bbox 758 2683 816 2704; x_wconf 87' lang='grc' dir='ltr'>ται</span> <span class='ocrx_word' id='word_1_348' title='bbox 835 2668 1137 2723; x_wconf 79' lang='grc' dir='ltr'>ἅνθρωποςὸπρὸς</span> 
     </span>
     <span class='ocr_line' id='line_1_42' title="bbox 114 2726 1135 2782; baseline 0.004 -18"><span class='ocrx_word' id='word_1_349' title='bbox 114 2726 215 2770; x_wconf 83' lang='grc' dir='ltr'>δόξαν</span> <span class='ocrx_word' id='word_1_350' title='bbox 235 2730 322 2778; x_wconf 80' lang='grc' dir='ltr'>ὁρῶν</span> <span class='ocrx_word' id='word_1_351' title='bbox 343 2727 562 2778; x_wconf 82' lang='grc' dir='ltr'>ἀνθρωπίνην</span> <span class='ocrx_word' id='word_1_352' title='bbox 581 2730 650 2764; x_wconf 78' lang='grc' dir='ltr'>τῶν</span> <span class='ocrx_word' id='word_1_353' title='bbox 665 2726 744 2764; x_wconf 67' lang='grc' dir='ltr'>κατ’</span> <span class='ocrx_word' id='word_1_354' title='bbox 762 2728 887 2780; x_wconf 77' lang='grc' dir='ltr'>ἀρε-,ὴν</span> <span class='ocrx_word' id='word_1_355' title='bbox 906 2730 1135 2782; x_wconf 77' lang='grc' dir='ltr'>πραγμάτων.</span> 
     </span>
     <span class='ocr_line' id='line_1_43' title="bbox 115 2787 1137 2842; baseline 0.001 -16"><span class='ocrx_word' id='word_1_356' title='bbox 115 2789 159 2826; x_wconf 85' lang='grc' dir='ltr'>Εἰ</span> <span class='ocrx_word' id='word_1_357' title='bbox 191 2788 257 2840; x_wconf 84' lang='grc' dir='ltr'>γὰρ</span> <span class='ocrx_word' id='word_1_358' title='bbox 288 2789 408 2838; x_wconf 79' lang='grc' dir='ltr'>μέλλοι</span> <span class='ocrx_word' id='word_1_359' title='bbox 438 2788 522 2839; x_wconf 77' lang='grc' dir='ltr'>πρὸς</span> <span class='ocrx_word' id='word_1_360' title='bbox 554 2787 713 2831; x_wconf 80' lang='grc' dir='ltr'>ἐπαίνους</span> <span class='ocrx_word' id='word_1_361' title='bbox 742 2788 949 2841; x_wconf 70' lang='grc' dir='ltr'>κεχηνέναι,</span> <span class='ocrx_word' id='word_1_362' title='bbox 981 2791 1070 2842; x_wconf 82' lang='grc' dir='ltr'>ἅπερ</span> <span class='ocrx_word' id='word_1_363' title='bbox 1098 2791 1137 2828; x_wconf 76' lang='grc' dir='ltr'>ἂν</span> 
     </span>
     <span class='ocr_line' id='line_1_44' title="bbox 115 2848 1136 2903; baseline 0.002 -16"><span class='ocrx_word' id='word_1_364' title='bbox 115 2851 238 2887; x_wconf 80' lang='grc' dir='ltr'>ἐκεῖνοι</span> <span class='ocrx_word' id='word_1_365' title='bbox 255 2849 400 2895; x_wconf 81' lang='grc' dir='ltr'>θέλωσι,</span> <span class='ocrx_word' id='word_1_366' title='bbox 419 2853 529 2886; x_wconf 75' lang='grc' dir='ltr'>ταῦτα</span> <span class='ocrx_word' id='word_1_367' title='bbox 549 2848 747 2900; x_wconf 80' lang='grc' dir='ltr'>ἐργάζεται,</span> <span class='ocrx_word' id='word_1_368' title='bbox 779 2850 843 2903; x_wconf 60' lang='grc' dir='ltr'>οὐχ</span> <span class='ocrx_word' id='word_1_369' title='bbox 862 2849 950 2902; x_wconf 84' lang='grc' dir='ltr'>ἅπερ</span> <span class='ocrx_word' id='word_1_370' title='bbox 967 2850 1006 2888; x_wconf 77' lang='grc' dir='ltr'>ἂν</span> <span class='ocrx_word' id='word_1_371' title='bbox 1025 2851 1136 2895; x_wconf 80' lang='grc' dir='ltr'>αὐτός.</span> 
     </span>
     <span class='ocr_line' id='line_1_45' title="bbox 116 2904 1139 2964; baseline 0.003 -17"><span class='ocrx_word' id='word_1_372' title='bbox 116 2909 163 2947; x_wconf 86' lang='grc' dir='ltr'>Τί</span> <span class='ocrx_word' id='word_1_373' title='bbox 191 2904 247 2947; x_wconf 64' lang='grc' dir='ltr'>οἶν</span> <span class='ocrx_word' id='word_1_374' title='bbox 272 2909 311 2947; x_wconf 82' lang='grc' dir='ltr'>ἂν</span> <span class='ocrx_word' id='word_1_375' title='bbox 335 2912 416 2962; x_wconf 79' lang='grc' dir='ltr'>ὑμῖν</span> <span class='ocrx_word' id='word_1_376' title='bbox 436 2909 734 2960; x_wconf 65' lang='grc' dir='ltr'>συμέῖουλεύσαιμι</span> <span class='ocrx_word' id='word_1_377' title='bbox 759 2911 878 2948; x_wconf 73' lang='grc' dir='ltr'>λοιπον</span> <span class='ocrx_word' id='word_1_378' title='bbox 896 2917 1006 2950; x_wconf 86' lang='grc' dir='ltr'>ποιεῖν</span> <span class='ocrx_word' id='word_1_379' title='bbox 1026 2911 1139 2964; x_wconf 64' lang='grc' dir='ltr'>,(ῙΤῷ</span> 
     </span>
     <span class='ocr_line' id='line_1_46' title="bbox 117 2970 1139 3026; baseline 0.003 -17"><span class='ocrx_word' id='word_1_380' title='bbox 117 2973 198 3022; x_wconf 76' lang='grc' dir='ltr'>Θεῷ</span> <span class='ocrx_word' id='word_1_381' title='bbox 217 2971 418 3023; x_wconf 73' lang='grc' dir='ltr'>προσέχειν,</span> <span class='ocrx_word' id='word_1_382' title='bbox 438 2977 508 3015; x_wconf 83' lang='grc' dir='ltr'>τοῖς</span> <span class='ocrx_word' id='word_1_383' title='bbox 526 2970 680 3014; x_wconf 82' lang='grc' dir='ltr'>ἐπαίνοις</span> <span class='ocrx_word' id='word_1_384' title='bbox 694 2973 874 3024; x_wconf 84' lang='grc' dir='ltr'>ἀρκεῖσθαι</span> <span class='ocrx_word' id='word_1_385' title='bbox 893 2979 963 3017; x_wconf 86' lang='grc' dir='ltr'>τοῖς</span> <span class='ocrx_word' id='word_1_386' title='bbox 983 2974 1067 3026; x_wconf 73' lang='grc' dir='ltr'>παρ’</span> <span class='ocrx_word' id='word_1_387' title='bbox 1080 2977 1139 3011; x_wconf 84' lang='grc' dir='ltr'>αὐ-</span> 
     </span>
     <span class='ocr_line' id='line_1_47' title="bbox 117 3031 1140 3086; baseline 0.005 -18"><span class='ocrx_word' id='word_1_388' title='bbox 117 3036 194 3079; x_wconf 71' lang='grc' dir='ltr'>τοῦ,</span> <span class='ocrx_word' id='word_1_389' title='bbox 221 3033 336 3070; x_wconf 84' lang='grc' dir='ltr'>πάντα</span> <span class='ocrx_word' id='word_1_390' title='bbox 360 3032 404 3070; x_wconf 79' lang='grc' dir='ltr'>τὰ</span> <span class='ocrx_word' id='word_1_391' title='bbox 430 3031 550 3085; x_wconf 86' lang='grc' dir='ltr'>ἐκείνῳ</span> <span class='ocrx_word' id='word_1_392' title='bbox 570 3033 734 3070; x_wconf 75' lang='grc' dir='ltr'>δοκοῦντα</span> <span class='ocrx_word' id='word_1_393' title='bbox 756 3034 978 3086; x_wconf 82' lang='grc' dir='ltr'>ἐργάζεσθαι,</span> <span class='ocrx_word' id='word_1_394' title='bbox 1010 3036 1069 3073; x_wconf 81' lang='grc' dir='ltr'>καί</span> <span class='ocrx_word' id='word_1_395' title='bbox 1096 3035 1140 3072; x_wconf 65' lang='grc' dir='ltr'>’.ὰ</span> 
     </span>
     <span class='ocr_line' id='line_1_48' title="bbox 120 3092 1139 3149; baseline 0.006 -21"><span class='ocrx_word' id='word_1_396' title='bbox 120 3092 232 3143; x_wconf 78' lang='grc' dir='ltr'>ἀγαθὰ</span> <span class='ocrx_word' id='word_1_397' title='bbox 245 3093 426 3143; x_wconf 80' lang='grc' dir='ltr'>πράττειν,</span> <span class='ocrx_word' id='word_1_398' title='bbox 453 3094 538 3146; x_wconf 76' lang='grc' dir='ltr'>πρὸς</span> <span class='ocrx_word' id='word_1_399' title='bbox 565 3093 670 3144; x_wconf 73' lang='grc' dir='ltr'>μηδὲν</span> <span class='ocrx_word' id='word_1_400' title='bbox 698 3098 765 3132; x_wconf 81' lang='grc' dir='ltr'>τῶν</span> <span class='ocrx_word' id='word_1_401' title='bbox 788 3096 1011 3149; x_wconf 81' lang='grc' dir='ltr'>ἀνθρωπίνων</span> <span class='ocrx_word' id='word_1_402' title='bbox 1032 3112 1139 3148; x_wconf 78' lang='grc' dir='ltr'>κεχη-</span> 
     </span>
     <span class='ocr_line' id='line_1_49' title="bbox 119 3153 1137 3208; baseline 0.004 -17"><span class='ocrx_word' id='word_1_403' title='bbox 119 3153 224 3191; x_wconf 77' lang='grc' dir='ltr'>νέναι’</span> <span class='ocrx_word' id='word_1_404' title='bbox 240 3158 339 3192; x_wconf 72' lang='grc' dir='ltr'>τοῦτο</span> <span class='ocrx_word' id='word_1_405' title='bbox 362 3154 430 3206; x_wconf 82' lang='grc' dir='ltr'>γὰρ</span> <span class='ocrx_word' id='word_1_406' title='bbox 456 3155 516 3192; x_wconf 77' lang='grc' dir='ltr'>καὶ</span> <span class='ocrx_word' id='word_1_407' title='bbox 534 3154 693 3201; x_wconf 68' lang='grc' dir='ltr'>νηστείαν</span> <span class='ocrx_word' id='word_1_408' title='bbox 713 3156 771 3193; x_wconf 76' lang='grc' dir='ltr'>καὶ</span> <span class='ocrx_word' id='word_1_409' title='bbox 791 3157 894 3208; x_wconf 73' lang='grc' dir='ltr'>εὐχὴν</span> <span class='ocrx_word' id='word_1_410' title='bbox 915 3156 974 3194; x_wconf 75' lang='grc' dir='ltr'>καὶ</span> <span class='ocrx_word' id='word_1_411' title='bbox 990 3159 1137 3207; x_wconf 78' lang='grc' dir='ltr'>ἐλεημο-</span> 
     </span>
    </p>
   </div>
   <div class='ocr_carea' id='block_1_9' title="bbox 166 3277 727 3377">
    <p class='ocr_par' dir='ltr' id='par_1_9' title="bbox 166 3277 727 3377">
     <span class='ocr_line' id='line_1_50' title="bbox 166 3277 666 3318; baseline 0.01 -9"><span class='ocrx_word' id='word_1_412' title='bbox 166 3279 180 3302; x_wconf 78' lang='lat' dir='ltr'>l’</span> <span class='ocrx_word' id='word_1_413' title='bbox 206 3278 298 3310; x_wconf 85' lang='lat' dir='ltr'>Unus</span> <span class='ocrx_word' id='word_1_414' title='bbox 312 3277 426 3311; x_wconf 79' lang='lat' dir='ltr'>Codex</span> <span class='ocrx_word' id='word_1_415' title='bbox 445 3286 497 3318; x_wconf 67' lang='grc' dir='ltr'>τὴν</span> <span class='ocrx_word' id='word_1_416' title='bbox 513 3283 666 3314; x_wconf 73' lang='grc' dir='ltr'>δυσωδίαν.</span> 
     </span>
     <span class='ocr_line' id='line_1_51' title="bbox 169 3328 727 3377; baseline 0.011 -16"><span class='ocrx_word' id='word_1_417' title='bbox 169 3340 180 3354; x_wconf 67' lang='lat'>*²</span> <span class='ocrx_word' id='word_1_418' title='bbox 202 3328 294 3362; x_wconf 82' lang='lat' dir='ltr'><strong>Idem</strong></span> <span class='ocrx_word' id='word_1_419' title='bbox 320 3334 371 3364; x_wconf 70' lang='grc' dir='ltr'>ἀπ’</span> <span class='ocrx_word' id='word_1_420' title='bbox 390 3334 477 3369; x_wconf 73' lang='grc' dir='ltr'>αὐτῆς</span> <span class='ocrx_word' id='word_1_421' title='bbox 499 3340 727 3377; x_wconf 61' lang='grc' dir='ltr'>καρπουμένους.</span> 
     </span>
    </p>
   </div>
   <div class='ocr_carea' id='block_1_10' title="bbox 1262 189 2158 247">
    <p class='ocr_par' dir='ltr' id='par_1_10' title="bbox 1262 189 2158 247">
     <span class='ocr_line' id='line_1_52' title="bbox 1262 189 2158 247; baseline -0.001 -13"><span class='ocrx_word' id='word_1_422' title='bbox 1262 205 1423 234; x_wconf 63' lang='lat' dir='ltr'>uomit..</span> <span class='ocrx_word' id='word_1_423' title='bbox 1466 205 1623 235; x_wconf 73' lang='lat' dir='ltr'>xxviii.</span> <span class='ocrx_word' id='word_1_424' title='bbox 2071 189 2158 247; x_wconf 69' lang='lat'>245</span> 
     </span>
    </p>
   </div>
   <div class='ocr_carea' id='block_1_11' title="bbox 1183 285 2362 338">
    <p class='ocr_par' dir='ltr' id='par_1_11' title="bbox 1183 285 2362 338">
     <span class='ocr_line' id='line_1_53' title="bbox 1183 285 2362 338; baseline -0.002 -13"><span class='ocrx_word' id='word_1_425' title='bbox 1183 287 1295 326; x_wconf 88' lang='lat' dir='ltr'>vitam</span> <span class='ocrx_word' id='word_1_426' title='bbox 1324 286 1506 337; x_wconf 86' lang='lat' dir='ltr'>habentes,</span> <span class='ocrx_word' id='word_1_427' title='bbox 1540 286 1655 338; x_wconf 85' lang='lat' dir='ltr'>ipsam</span> <span class='ocrx_word' id='word_1_428' title='bbox 1684 285 1852 325; x_wconf 80' lang='lat' dir='ltr'>vincant?</span> <span class='ocrx_word' id='word_1_429' title='bbox 1875 285 1998 336; x_wconf 87' lang='lat' dir='ltr'>Cogita</span> <span class='ocrx_word' id='word_1_430' title='bbox 2032 287 2160 335; x_wconf 91' lang='lat' dir='ltr'>Deum,</span> <span class='ocrx_word' id='word_1_431' title='bbox 2175 301 2362 334; x_wconf 42' lang='lat' dir='ltr'>&amp;mam-ua·-</span> 
     </span>
    </p>
   </div>
   <div class='ocr_carea' id='block_1_12' title="bbox 1186 347 2361 411">
    <p class='ocr_par' dir='ltr' id='par_1_12' title="bbox 1186 347 2361 411">
     <span class='ocr_line' id='line_1_54' title="bbox 1186 347 2361 411; baseline -0.019 -25"><span class='ocrx_word' id='word_1_432' title='bbox 1186 348 1300 400; x_wconf 83' lang='lat' dir='ltr'>cogita</span> <span class='ocrx_word' id='word_1_433' title='bbox 1321 362 1508 400; x_wconf 83' lang='lat' dir='ltr'>supernam</span> <span class='ocrx_word' id='word_1_434' title='bbox 1525 347 1675 399; x_wconf 82' lang='lat' dir='ltr'>gloriam</span> <span class='ocrx_word' id='word_1_435' title='bbox 1691 363 1698 383; x_wconf 75' lang='lat' dir='ltr'>t</span> <span class='ocrx_word' id='word_1_436' title='bbox 1714 347 1833 385; x_wconf 85' lang='lat' dir='ltr'>confer</span> <span class='ocrx_word' id='word_1_437' title='bbox 1854 347 1952 384; x_wconf 88' lang='lat' dir='ltr'>illam</span> <span class='ocrx_word' id='word_1_438' title='bbox 1974 361 2054 385; x_wconf 83' lang='lat' dir='ltr'>eum</span> <span class='ocrx_word' id='word_1_439' title='bbox 2074 361 2165 399; x_wconf 79' lang='lat' dir='ltr'>prae-</span> <span class='ocrx_word' id='word_1_440' title='bbox 2177 352 2265 411; x_wconf 50' lang='grc' dir='ltr'>ῗέὲὲὃ</span> <span class='ocrx_word' id='word_1_441' title='bbox 2287 349 2361 377; x_wconf 53' lang='lat' dir='ltr'>qm«-</span> 
     </span>
    </p>
   </div>
   <div class='ocr_carea' id='block_1_13' title="bbox 1158 408 2197 2538">
    <p class='ocr_par' dir='ltr' id='par_1_13' title="bbox 1158 408 2196 1924">
     <span class='ocr_line' id='line_1_55' title="bbox 1185 408 2167 460; baseline -0.003 -13"><span class='ocrx_word' id='word_1_442' title='bbox 1185 409 1356 459; x_wconf 86' lang='lat' dir='ltr'>sentibus,</span> <span class='ocrx_word' id='word_1_443' title='bbox 1378 419 1412 447; x_wconf 87' lang='lat' dir='ltr'>et</span> <span class='ocrx_word' id='word_1_444' title='bbox 1425 409 1543 447; x_wconf 89' lang='lat' dir='ltr'>statim</span> <span class='ocrx_word' id='word_1_445' title='bbox 1561 409 1606 446; x_wconf 88' lang='lat' dir='ltr'>ab</span> <span class='ocrx_word' id='word_1_446' title='bbox 1620 409 1687 446; x_wconf 88' lang='lat' dir='ltr'>hac</span> <span class='ocrx_word' id='word_1_447' title='bbox 1698 408 1812 460; x_wconf 86' lang='lat' dir='ltr'>gloria</span> <span class='ocrx_word' id='word_1_448' title='bbox 1826 408 1973 446; x_wconf 89' lang='lat' dir='ltr'>resilies.</span> <span class='ocrx_word' id='word_1_449' title='bbox 1998 408 2037 447; x_wconf 90' lang='lat' dir='ltr'>Si</span> <span class='ocrx_word' id='word_1_450' title='bbox 2053 421 2167 445; x_wconf 77' lang='lat' dir='ltr'>omni-</span> 
     </span>
     <span class='ocr_line' id='line_1_56' title="bbox 1187 468 2168 522; baseline -0.003 -14"><span class='ocrx_word' id='word_1_451' title='bbox 1187 484 1232 508; x_wconf 91' lang='lat' dir='ltr'>no</span> <span class='ocrx_word' id='word_1_452' title='bbox 1248 469 1395 521; x_wconf 81' lang='lat' dir='ltr'>gloriam</span> <span class='ocrx_word' id='word_1_453' title='bbox 1410 470 1546 522; x_wconf 78' lang='lat' dir='ltr'>expetis</span> <span class='ocrx_word' id='word_1_454' title='bbox 1558 499 1568 519; x_wconf 94' lang='lat'>,</span> <span class='ocrx_word' id='word_1_455' title='bbox 1585 482 1662 506; x_wconf 89' lang='lat' dir='ltr'>eam</span> <span class='ocrx_word' id='word_1_456' title='bbox 1684 482 1762 519; x_wconf 88' lang='lat' dir='ltr'>quae</span> <span class='ocrx_word' id='word_1_457' title='bbox 1785 482 1866 507; x_wconf 70' lang='lat' dir='ltr'>vere</span> <span class='ocrx_word' id='word_1_458' title='bbox 1881 468 1992 520; x_wconf 85' lang='lat' dir='ltr'>gloria</span> <span class='ocrx_word' id='word_1_459' title='bbox 2012 477 2063 506; x_wconf 89' lang='lat' dir='ltr'>est</span> <span class='ocrx_word' id='word_1_460' title='bbox 2080 482 2168 505; x_wconf 91' lang='lat' dir='ltr'>con—</span> 
     </span>
     <span class='ocr_line' id='line_1_57' title="bbox 1188 528 2169 582; baseline -0.002 -15"><span class='ocrx_word' id='word_1_461' title='bbox 1188 530 1339 582; x_wconf 84' lang='lat' dir='ltr'>cupisce.</span> <span class='ocrx_word' id='word_1_462' title='bbox 1357 530 1444 576; x_wconf 82' lang='lat' dir='ltr'>Quae</span> <span class='ocrx_word' id='word_1_463' title='bbox 1464 529 1577 581; x_wconf 85' lang='lat' dir='ltr'>gloria</span> <span class='ocrx_word' id='word_1_464' title='bbox 1606 539 1672 575; x_wconf 82' lang='lat' dir='ltr'>est,</span> <span class='ocrx_word' id='word_1_465' title='bbox 1689 544 1771 567; x_wconf 91' lang='lat' dir='ltr'>cum</span> <span class='ocrx_word' id='word_1_466' title='bbox 1803 529 1987 567; x_wconf 81' lang='lat' dir='ltr'>infamiam</span> <span class='ocrx_word' id='word_1_467' title='bbox 2023 528 2169 581; x_wconf 72' lang='lat' dir='ltr'>pariat?</span> 
     </span>
     <span class='ocr_line' id='line_1_58' title="bbox 1189 590 2171 642; baseline -0.002 -14"><span class='ocrx_word' id='word_1_468' title='bbox 1189 606 1265 642; x_wconf 82' lang='lat' dir='ltr'>quae</span> <span class='ocrx_word' id='word_1_469' title='bbox 1290 590 1414 642; x_wconf 86' lang='lat' dir='ltr'>gloria,</span> <span class='ocrx_word' id='word_1_470' title='bbox 1441 590 1584 641; x_wconf 87' lang='lat' dir='ltr'>quando</span> <span class='ocrx_word' id='word_1_471' title='bbox 1615 591 1823 628; x_wconf 82' lang='lat' dir='ltr'>inferiorum</span> <span class='ocrx_word' id='word_1_472' title='bbox 1854 590 2022 628; x_wconf 87' lang='lat' dir='ltr'>honorem</span> <span class='ocrx_word' id='word_1_473' title='bbox 2044 603 2171 642; x_wconf 79' lang='lat' dir='ltr'>cupere</span> 
     </span>
     <span class='ocr_line' id='line_1_59' title="bbox 1191 651 2173 704; baseline 0 -15"><span class='ocrx_word' id='word_1_474' title='bbox 1191 651 1325 702; x_wconf 85' lang='lat' dir='ltr'>cogeris</span> <span class='ocrx_word' id='word_1_475' title='bbox 1341 661 1374 689; x_wconf 87' lang='lat' dir='ltr'>et</span> <span class='ocrx_word' id='word_1_476' title='bbox 1394 651 1456 689; x_wconf 92' lang='lat' dir='ltr'>illo</span> <span class='ocrx_word' id='word_1_477' title='bbox 1474 666 1562 703; x_wconf 87' lang='lat' dir='ltr'>opus</span> <span class='ocrx_word' id='word_1_478' title='bbox 1583 651 1713 689; x_wconf 87' lang='lat' dir='ltr'>habere</span> <span class='ocrx_word' id='word_1_479' title='bbox 1731 652 1748 689; x_wconf 76' lang='grc' dir='ltr'>ἱ)</span> <span class='ocrx_word' id='word_1_480' title='bbox 1768 652 1889 689; x_wconf 89' lang='lat' dir='ltr'>Honor</span> <span class='ocrx_word' id='word_1_481' title='bbox 1908 661 1959 689; x_wconf 92' lang='lat' dir='ltr'>est</span> <span class='ocrx_word' id='word_1_482' title='bbox 1995 652 2173 704; x_wconf 84' lang='lat' dir='ltr'>majorum</span> 
     </span>
     <span class='ocr_line' id='line_1_60' title="bbox 1191 711 2171 764; baseline 0.001 -16"><span class='ocrx_word' id='word_1_483' title='bbox 1191 712 1302 763; x_wconf 82' lang='lat' dir='ltr'>gloria</span> <span class='ocrx_word' id='word_1_484' title='bbox 1338 712 1423 748; x_wconf 89' lang='lat' dir='ltr'>frui.</span> <span class='ocrx_word' id='word_1_485' title='bbox 1447 712 1485 750; x_wconf 86' lang='lat' dir='ltr'>Si</span> <span class='ocrx_word' id='word_1_486' title='bbox 1506 711 1649 749; x_wconf 87' lang='lat' dir='ltr'>omnino</span> <span class='ocrx_word' id='word_1_487' title='bbox 1668 712 1819 762; x_wconf 82' lang='lat' dir='ltr'>gloriam</span> <span class='ocrx_word' id='word_1_488' title='bbox 1845 712 1983 763; x_wconf 84' lang='lat' dir='ltr'>diligis,</span> <span class='ocrx_word' id='word_1_489' title='bbox 2009 727 2085 750; x_wconf 90' lang='lat' dir='ltr'>eam</span> <span class='ocrx_word' id='word_1_490' title='bbox 2107 726 2171 764; x_wconf 83' lang='lat' dir='ltr'>po-</span> 
     </span>
     <span class='ocr_line' id='line_1_61' title="bbox 1191 772 2175 820; baseline 0.001 -12"><span class='ocrx_word' id='word_1_491' title='bbox 1191 772 1262 809; x_wconf 90' lang='lat' dir='ltr'>tius</span> <span class='ocrx_word' id='word_1_492' title='bbox 1287 785 1380 819; x_wconf 87' lang='lat' dir='ltr'>ama,</span> <span class='ocrx_word' id='word_1_493' title='bbox 1405 785 1482 820; x_wconf 89' lang='lat' dir='ltr'>quae</span> <span class='ocrx_word' id='word_1_494' title='bbox 1503 785 1522 807; x_wconf 89' lang='lat' dir='ltr'>a</span> <span class='ocrx_word' id='word_1_495' title='bbox 1548 772 1624 808; x_wconf 86' lang='lat' dir='ltr'>Deo</span> <span class='ocrx_word' id='word_1_496' title='bbox 1646 780 1707 808; x_wconf 89' lang='lat' dir='ltr'>est.</span> <span class='ocrx_word' id='word_1_497' title='bbox 1740 772 1778 810; x_wconf 87' lang='lat' dir='ltr'>Si</span> <span class='ocrx_word' id='word_1_498' title='bbox 1810 772 1911 810; x_wconf 88' lang='lat' dir='ltr'>illam</span> <span class='ocrx_word' id='word_1_499' title='bbox 1940 787 2062 810; x_wconf 87' lang='lat' dir='ltr'>amans</span> <span class='ocrx_word' id='word_1_500' title='bbox 2084 773 2175 810; x_wconf 87' lang='lat' dir='ltr'>hanc</span> 
     </span>
     <span class='ocr_line' id='line_1_62' title="bbox 1192 830 2174 883; baseline 0.002 -14"><span class='ocrx_word' id='word_1_501' title='bbox 1192 845 1349 883; x_wconf 81' lang='lat' dir='ltr'>spernas,</span> <span class='ocrx_word' id='word_1_502' title='bbox 1366 831 1458 868; x_wconf 89' lang='lat' dir='ltr'>hanc</span> <span class='ocrx_word' id='word_1_503' title='bbox 1469 830 1608 869; x_wconf 84' lang='lat' dir='ltr'>videbis</span> <span class='ocrx_word' id='word_1_504' title='bbox 1623 831 1817 881; x_wconf 89' lang='lat' dir='ltr'>ignobilem</span> <span class='ocrx_word' id='word_1_505' title='bbox 1831 849 1838 868; x_wconf 79' lang='lat' dir='ltr'><strong><em>z</em></strong></span> <span class='ocrx_word' id='word_1_506' title='bbox 1854 834 2025 882; x_wconf 85' lang='lat' dir='ltr'>quamdiu</span> <span class='ocrx_word' id='word_1_507' title='bbox 2044 833 2144 871; x_wconf 83' lang='lat' dir='ltr'>illam</span> <span class='ocrx_word' id='word_1_508' title='bbox 2165 863 2174 881; x_wconf 87' lang='lat'>,</span> 
     </span>
     <span class='ocr_line' id='line_1_63' title="bbox 1193 891 2173 943; baseline 0.005 -16"><span class='ocrx_word' id='word_1_509' title='bbox 1193 906 1272 942; x_wconf 80' lang='lat' dir='ltr'>quae</span> <span class='ocrx_word' id='word_1_510' title='bbox 1289 906 1308 928; x_wconf 91' lang='lat' dir='ltr'>a</span> <span class='ocrx_word' id='word_1_511' title='bbox 1330 893 1406 929; x_wconf 92' lang='lat' dir='ltr'>Deo</span> <span class='ocrx_word' id='word_1_512' title='bbox 1425 900 1490 940; x_wconf 86' lang='lat' dir='ltr'>est,</span> <span class='ocrx_word' id='word_1_513' title='bbox 1514 905 1582 928; x_wconf 90' lang='lat' dir='ltr'>non</span> <span class='ocrx_word' id='word_1_514' title='bbox 1600 891 1745 939; x_wconf 80' lang='lat' dir='ltr'>videris,</span> <span class='ocrx_word' id='word_1_515' title='bbox 1759 906 1871 942; x_wconf 85' lang='lat' dir='ltr'>neque</span> <span class='ocrx_word' id='word_1_516' title='bbox 1901 893 1993 930; x_wconf 88' lang='lat' dir='ltr'>hanc</span> <span class='ocrx_word' id='word_1_517' title='bbox 2020 894 2173 943; x_wconf 74' lang='lat' dir='ltr'>videbis,</span> 
     </span>
     <span class='ocr_line' id='line_1_64' title="bbox 1194 951 2178 1003; baseline 0.004 -15"><span class='ocrx_word' id='word_1_518' title='bbox 1194 966 1303 1003; x_wconf 83' lang='lat' dir='ltr'>quam</span> <span class='ocrx_word' id='word_1_519' title='bbox 1322 951 1436 1003; x_wconf 86' lang='lat' dir='ltr'>turpis</span> <span class='ocrx_word' id='word_1_520' title='bbox 1452 966 1576 1003; x_wconf 84' lang='lat' dir='ltr'>nempe</span> <span class='ocrx_word' id='word_1_521' title='bbox 1601 951 1658 1000; x_wconf 89' lang='lat' dir='ltr'>sit,</span> <span class='ocrx_word' id='word_1_522' title='bbox 1679 966 1787 1002; x_wconf 88' lang='lat' dir='ltr'>quam</span> <span class='ocrx_word' id='word_1_523' title='bbox 1815 952 1979 991; x_wconf 86' lang='lat' dir='ltr'>ridicula.</span> <span class='ocrx_word' id='word_1_524' title='bbox 2010 955 2060 991; x_wconf 92' lang='lat' dir='ltr'>Ut</span> <span class='ocrx_word' id='word_1_525' title='bbox 2083 955 2178 992; x_wconf 85' lang='lat' dir='ltr'>enim</span> 
     </span>
     <span class='ocr_line' id='line_1_65' title="bbox 1195 1012 2179 1067; baseline 0.001 -16"><span class='ocrx_word' id='word_1_526' title='bbox 1195 1013 1256 1064; x_wconf 89' lang='lat' dir='ltr'>qui</span> <span class='ocrx_word' id='word_1_527' title='bbox 1274 1013 1388 1061; x_wconf 80' lang='lat' dir='ltr'>malae,</span> <span class='ocrx_word' id='word_1_528' title='bbox 1412 1013 1580 1050; x_wconf 86' lang='lat' dir='ltr'>deformis</span> <span class='ocrx_word' id='word_1_529' title='bbox 1595 1012 1764 1063; x_wconf 81' lang='lat' dir='ltr'>foedaeque</span> <span class='ocrx_word' id='word_1_530' title='bbox 1782 1013 1940 1051; x_wconf 87' lang='lat' dir='ltr'>mulieris</span> <span class='ocrx_word' id='word_1_531' title='bbox 1953 1028 2071 1052; x_wconf 88' lang='lat' dir='ltr'>amore</span> <span class='ocrx_word' id='word_1_532' title='bbox 2086 1017 2179 1067; x_wconf 87' lang='lat' dir='ltr'>capti</span> 
     </span>
     <span class='ocr_line' id='line_1_66' title="bbox 1196 1073 2180 1127; baseline 0.001 -15"><span class='ocrx_word' id='word_1_533' title='bbox 1196 1083 1292 1124; x_wconf 91' lang='lat' dir='ltr'>sunt,</span> <span class='ocrx_word' id='word_1_534' title='bbox 1311 1073 1422 1112; x_wconf 89' lang='lat' dir='ltr'>donec</span> <span class='ocrx_word' id='word_1_535' title='bbox 1441 1074 1542 1111; x_wconf 89' lang='lat' dir='ltr'>illam</span> <span class='ocrx_word' id='word_1_536' title='bbox 1561 1083 1694 1124; x_wconf 85' lang='lat' dir='ltr'>amant,</span> <span class='ocrx_word' id='word_1_537' title='bbox 1717 1088 1786 1111; x_wconf 92' lang='lat' dir='ltr'>non</span> <span class='ocrx_word' id='word_1_538' title='bbox 1800 1083 1947 1126; x_wconf 86' lang='lat' dir='ltr'>possunt</span> <span class='ocrx_word' id='word_1_539' title='bbox 1969 1076 2044 1127; x_wconf 90' lang='lat' dir='ltr'>ejus</span> <span class='ocrx_word' id='word_1_540' title='bbox 2062 1075 2180 1113; x_wconf 83' lang='lat' dir='ltr'>defor—</span> 
     </span>
     <span class='ocr_line' id='line_1_67' title="bbox 1197 1134 2183 1189; baseline 0.002 -17"><span class='ocrx_word' id='word_1_541' title='bbox 1197 1135 1355 1172; x_wconf 83' lang='lat' dir='ltr'>mitatem</span> <span class='ocrx_word' id='word_1_542' title='bbox 1377 1134 1511 1183; x_wconf 79' lang='lat' dir='ltr'>videre,</span> <span class='ocrx_word' id='word_1_543' title='bbox 1531 1135 1658 1172; x_wconf 83' lang='lat' dir='ltr'>affectu</span> <span class='ocrx_word' id='word_1_544' title='bbox 1684 1134 1864 1189; x_wconf 85' lang='lat' dir='ltr'>judicium</span> <span class='ocrx_word' id='word_1_545' title='bbox 1883 1135 2093 1174; x_wconf 78' lang='lat' dir='ltr'>obscurante</span> <span class='ocrx_word' id='word_1_546' title='bbox 2111 1136 2183 1174; x_wconf 82' lang='lat' dir='ltr'>:ita</span> 
     </span>
     <span class='ocr_line' id='line_1_68' title="bbox 1198 1195 2184 1246; baseline 0.002 -13"><span class='ocrx_word' id='word_1_547' title='bbox 1198 1205 1233 1233; x_wconf 89' lang='lat' dir='ltr'>et</span> <span class='ocrx_word' id='word_1_548' title='bbox 1263 1196 1323 1233; x_wconf 83' lang='lat' dir='ltr'>hic</span> <span class='ocrx_word' id='word_1_549' title='bbox 1350 1195 1524 1246; x_wconf 85' lang='lat' dir='ltr'>quamdiu</span> <span class='ocrx_word' id='word_1_550' title='bbox 1543 1196 1916 1246; x_wconf 83' lang='lat' dir='ltr'>affectu&#39;detinemur,</span> <span class='ocrx_word' id='word_1_551' title='bbox 1948 1211 2087 1234; x_wconf 87' lang='lat' dir='ltr'>cernere</span> <span class='ocrx_word' id='word_1_552' title='bbox 2114 1211 2184 1235; x_wconf 90' lang='lat' dir='ltr'>non</span> 
     </span>
     <span class='ocr_line' id='line_1_69' title="bbox 1199 1257 2182 1310; baseline 0.002 -16"><span class='ocrx_word' id='word_1_553' title='bbox 1199 1271 1388 1309; x_wconf 89' lang='lat' dir='ltr'>possumus</span> <span class='ocrx_word' id='word_1_554' title='bbox 1411 1266 1584 1308; x_wconf 86' lang='lat' dir='ltr'>quantum</span> <span class='ocrx_word' id='word_1_555' title='bbox 1597 1258 1642 1295; x_wconf 87' lang='lat' dir='ltr'>sit</span> <span class='ocrx_word' id='word_1_556' title='bbox 1659 1257 1998 1304; x_wconf 75' lang='lat' dir='ltr'>malquuomodo</span> <span class='ocrx_word' id='word_1_557' title='bbox 2012 1273 2106 1310; x_wconf 86' lang='lat' dir='ltr'>ergo,</span> <span class='ocrx_word' id='word_1_558' title='bbox 2128 1259 2182 1296; x_wconf 90' lang='lat' dir='ltr'>in-</span> 
     </span>
     <span class='ocr_line' id='line_1_70' title="bbox 1201 1318 2186 1370; baseline 0.002 -14"><span class='ocrx_word' id='word_1_559' title='bbox 1201 1318 1310 1370; x_wconf 84' lang='lat' dir='ltr'>quies,</span> <span class='ocrx_word' id='word_1_560' title='bbox 1329 1318 1375 1356; x_wconf 89' lang='lat' dir='ltr'>ab</span> <span class='ocrx_word' id='word_1_561' title='bbox 1394 1332 1433 1356; x_wconf 89' lang='lat' dir='ltr'>eo</span> <span class='ocrx_word' id='word_1_562' title='bbox 1460 1318 1727 1357; x_wconf 75' lang='lat' dir='ltr'>liberabimur?</span> <span class='ocrx_word' id='word_1_563' title='bbox 1746 1319 1871 1370; x_wconf 87' lang='lat' dir='ltr'>Cogita</span> <span class='ocrx_word' id='word_1_564' title='bbox 1897 1334 1969 1370; x_wconf 90' lang='lat' dir='ltr'>eos,</span> <span class='ocrx_word' id='word_1_565' title='bbox 1995 1321 2057 1370; x_wconf 84' lang='lat' dir='ltr'>qui</span> <span class='ocrx_word' id='word_1_566' title='bbox 2081 1320 2186 1358; x_wconf 88' lang='lat' dir='ltr'>innu-</span> 
     </span>
     <span class='ocr_line' id='line_1_71' title="bbox 1201 1380 2188 1432; baseline 0.002 -14"><span class='ocrx_word' id='word_1_567' title='bbox 1201 1395 1315 1418; x_wconf 90' lang='lat' dir='ltr'>meras</span> <span class='ocrx_word' id='word_1_568' title='bbox 1328 1395 1411 1432; x_wconf 90' lang='lat' dir='ltr'>opes</span> <span class='ocrx_word' id='word_1_569' title='bbox 1434 1380 1686 1427; x_wconf 87' lang='lat' dir='ltr'>insumserunt,</span> <span class='ocrx_word' id='word_1_570' title='bbox 1709 1390 1742 1418; x_wconf 94' lang='lat' dir='ltr'>et</span> <span class='ocrx_word' id='word_1_571' title='bbox 1769 1381 1862 1419; x_wconf 86' lang='lat' dir='ltr'>nihil</span> <span class='ocrx_word' id='word_1_572' title='bbox 1877 1381 1961 1419; x_wconf 91' lang='lat' dir='ltr'>hinc</span> <span class='ocrx_word' id='word_1_573' title='bbox 1978 1382 2115 1420; x_wconf 84' lang='lat' dir='ltr'>fructus</span> <span class='ocrx_word' id='word_1_574' title='bbox 2134 1392 2188 1420; x_wconf 91' lang='lat' dir='ltr'>tu-</span> 
     </span>
     <span class='ocr_line' id='line_1_72' title="bbox 1200 1441 2189 1495; baseline 0.001 -15"><span class='ocrx_word' id='word_1_575' title='bbox 1200 1441 1345 1480; x_wconf 85' lang='lat' dir='ltr'>lerunt:</span> <span class='ocrx_word' id='word_1_576' title='bbox 1370 1441 1485 1493; x_wconf 85' lang='lat' dir='ltr'>cogita</span> <span class='ocrx_word' id='word_1_577' title='bbox 1506 1451 1677 1491; x_wconf 82' lang='lat' dir='ltr'>mortuos,</span> <span class='ocrx_word' id='word_1_578' title='bbox 1714 1442 1777 1492; x_wconf 87' lang='lat' dir='ltr'>qui</span> <span class='ocrx_word' id='word_1_579' title='bbox 1808 1451 1942 1480; x_wconf 86' lang='lat' dir='ltr'>tantam</span> <span class='ocrx_word' id='word_1_580' title='bbox 1960 1443 2080 1495; x_wconf 85' lang='lat' dir='ltr'>adepti</span> <span class='ocrx_word' id='word_1_581' title='bbox 2109 1454 2189 1481; x_wconf 89' lang='lat' dir='ltr'>sunt</span> 
     </span>
     <span class='ocr_line' id='line_1_73' title="bbox 1202 1503 2187 1556; baseline 0.002 -16"><span class='ocrx_word' id='word_1_582' title='bbox 1202 1503 1378 1554; x_wconf 86' lang='lat' dir='ltr'>gloriam,</span> <span class='ocrx_word' id='word_1_583' title='bbox 1400 1503 1462 1542; x_wconf 79' lang='lat' dir='ltr'>sed</span> <span class='ocrx_word' id='word_1_584' title='bbox 1489 1503 1704 1554; x_wconf 81' lang='lat' dir='ltr'>instabilem,</span> <span class='ocrx_word' id='word_1_585' title='bbox 1733 1518 1810 1554; x_wconf 83' lang='lat' dir='ltr'>quae</span> <span class='ocrx_word' id='word_1_586' title='bbox 1830 1505 1935 1556; x_wconf 87' lang='lat' dir='ltr'>periit</span> <span class='ocrx_word' id='word_1_587' title='bbox 1966 1514 1999 1543; x_wconf 92' lang='lat' dir='ltr'>et</span> <span class='ocrx_word' id='word_1_588' title='bbox 2018 1506 2162 1544; x_wconf 81' lang='lat' dir='ltr'>evanuit</span> <span class='ocrx_word' id='word_1_589' title='bbox 2181 1522 2187 1541; x_wconf 95' lang='lat'><strong>:</strong></span> 
     </span>
     <span class='ocr_line' id='line_1_74' title="bbox 1204 1564 2191 1618; baseline 0.004 -17"><span class='ocrx_word' id='word_1_590' title='bbox 1204 1564 1319 1616; x_wconf 86' lang='lat' dir='ltr'>cogita</span> <span class='ocrx_word' id='word_1_591' title='bbox 1347 1578 1474 1603; x_wconf 90' lang='lat' dir='ltr'>nomen</span> <span class='ocrx_word' id='word_1_592' title='bbox 1504 1573 1643 1602; x_wconf 89' lang='lat' dir='ltr'>tantum</span> <span class='ocrx_word' id='word_1_593' title='bbox 1664 1579 1738 1603; x_wconf 87' lang='lat' dir='ltr'>esse</span> <span class='ocrx_word' id='word_1_594' title='bbox 1752 1596 1764 1612; x_wconf 85' lang='lat'><em>‚</em></span> <span class='ocrx_word' id='word_1_595' title='bbox 1783 1580 1851 1603; x_wconf 91' lang='lat' dir='ltr'>non</span> <span class='ocrx_word' id='word_1_596' title='bbox 1865 1581 1952 1604; x_wconf 90' lang='lat' dir='ltr'>rem.</span> <span class='ocrx_word' id='word_1_597' title='bbox 1975 1568 2068 1605; x_wconf 69' lang='lat' dir='ltr'>7Nam</span> <span class='ocrx_word' id='word_1_598' title='bbox 2101 1567 2191 1618; x_wconf 91' lang='lat' dir='ltr'>quid</span> 
     </span>
     <span class='ocr_line' id='line_1_75' title="bbox 1203 1625 2193 1681; baseline 0.004 -19"><span class='ocrx_word' id='word_1_599' title='bbox 1203 1635 1255 1663; x_wconf 86' lang='lat' dir='ltr'>est</span> <span class='ocrx_word' id='word_1_600' title='bbox 1270 1625 1397 1676; x_wconf 87' lang='lat' dir='ltr'>gloria,</span> <span class='ocrx_word' id='word_1_601' title='bbox 1420 1626 1566 1676; x_wconf 71' lang='lat' dir='ltr'>quaeso?</span> <span class='ocrx_word' id='word_1_602' title='bbox 1582 1625 1628 1663; x_wconf 88' lang='lat' dir='ltr'>da</span> <span class='ocrx_word' id='word_1_603' title='bbox 1641 1625 1884 1664; x_wconf 87' lang='lat' dir='ltr'>definitionem</span> <span class='ocrx_word' id='word_1_604' title='bbox 1897 1627 2065 1678; x_wconf 82' lang='lat' dir='ltr'>aliquam.</span> <span class='ocrx_word' id='word_1_605' title='bbox 2084 1629 2193 1681; x_wconf 82' lang='lat' dir='ltr'>Apud</span> 
     </span>
     <span class='ocr_line' id='line_1_76' title="bbox 1205 1685 2191 1740; baseline 0.004 -17"><span class='ocrx_word' id='word_1_606' title='bbox 1205 1700 1325 1723; x_wconf 90' lang='lat' dir='ltr'>omnes</span> <span class='ocrx_word' id='word_1_607' title='bbox 1342 1685 1573 1723; x_wconf 87' lang='lat' dir='ltr'>admirationi</span> <span class='ocrx_word' id='word_1_608' title='bbox 1592 1700 1680 1736; x_wconf 89' lang='lat' dir='ltr'>esse,</span> <span class='ocrx_word' id='word_1_609' title='bbox 1706 1686 1857 1737; x_wconf 84' lang='lat' dir='ltr'>inquies.</span> <span class='ocrx_word' id='word_1_610' title='bbox 1878 1690 1934 1725; x_wconf 92' lang='lat' dir='ltr'>An</span> <span class='ocrx_word' id='word_1_611' title='bbox 1951 1689 2047 1740; x_wconf 87' lang='lat' dir='ltr'>jure,</span> <span class='ocrx_word' id='word_1_612' title='bbox 2067 1703 2109 1726; x_wconf 89' lang='lat' dir='ltr'>an</span> <span class='ocrx_word' id='word_1_613' title='bbox 2138 1689 2191 1727; x_wconf 90' lang='lat' dir='ltr'>in-</span> 
     </span>
     <span class='ocr_line' id='line_1_77' title="bbox 1201 1746 2194 1799; baseline 0.005 -16"><span class='ocrx_word' id='word_1_614' title='bbox 1201 1746 1322 1798; x_wconf 75' lang='lat' dir='ltr'>juria?</span> <span class='ocrx_word' id='word_1_615' title='bbox 1338 1746 1378 1784; x_wconf 90' lang='lat' dir='ltr'>Si</span> <span class='ocrx_word' id='word_1_616' title='bbox 1396 1746 1542 1798; x_wconf 89' lang='lat' dir='ltr'>injuria,</span> <span class='ocrx_word' id='word_1_617' title='bbox 1562 1760 1631 1783; x_wconf 92' lang='lat' dir='ltr'>non</span> <span class='ocrx_word' id='word_1_618' title='bbox 1648 1747 1713 1784; x_wconf 88' lang='lat' dir='ltr'>erit</span> <span class='ocrx_word' id='word_1_619' title='bbox 1729 1747 1821 1784; x_wconf 84' lang='lat' dir='ltr'>1llud</span> <span class='ocrx_word' id='word_1_620' title='bbox 1837 1747 2041 1799; x_wconf 89' lang='lat' dir='ltr'>admiratio,</span> <span class='ocrx_word' id='word_1_621' title='bbox 2060 1749 2120 1787; x_wconf 89' lang='lat' dir='ltr'>sed</span> <span class='ocrx_word' id='word_1_622' title='bbox 2139 1764 2194 1788; x_wconf 89' lang='lat' dir='ltr'>ac-</span> 
     </span>
     <span class='ocr_line' id='line_1_78' title="bbox 1207 1807 2196 1862; baseline 0.005 -18"><span class='ocrx_word' id='word_1_623' title='bbox 1207 1807 1339 1845; x_wconf 86' lang='lat' dir='ltr'>cusatio</span> <span class='ocrx_word' id='word_1_624' title='bbox 1353 1837 1366 1857; x_wconf 92' lang='lat'>,</span> <span class='ocrx_word' id='word_1_625' title='bbox 1391 1807 1564 1858; x_wconf 84' lang='lat' dir='ltr'>adulatio,</span> <span class='ocrx_word' id='word_1_626' title='bbox 1595 1808 1775 1845; x_wconf 89' lang='lat' dir='ltr'>calumnia</span> <span class='ocrx_word' id='word_1_627' title='bbox 1797 1824 1804 1844; x_wconf 91' lang='lat'>:</span> <span class='ocrx_word' id='word_1_628' title='bbox 1830 1808 1859 1846; x_wconf 86' lang='lat' dir='ltr'>si</span> <span class='ocrx_word' id='word_1_629' title='bbox 1887 1819 2004 1847; x_wconf 85' lang='lat' dir='ltr'>autem</span> <span class='ocrx_word' id='word_1_630' title='bbox 2030 1812 2124 1862; x_wconf 90' lang='lat' dir='ltr'>jure,</span> <span class='ocrx_word' id='word_1_631' title='bbox 2158 1811 2196 1849; x_wconf 89' lang='lat' dir='ltr'>id</span> 
     </span>
     <span class='ocr_line' id='line_1_79' title="bbox 1158 1868 2193 1924; baseline 0.005 -18"><span class='ocrx_word' id='word_1_632' title='bbox 1158 1889 1180 1916; x_wconf 80' lang='lat'>1)</span> <span class='ocrx_word' id='word_1_633' title='bbox 1207 1869 1376 1921; x_wconf 88' lang='lat' dir='ltr'>possibile</span> <span class='ocrx_word' id='word_1_634' title='bbox 1387 1883 1456 1906; x_wconf 91' lang='lat' dir='ltr'>non</span> <span class='ocrx_word' id='word_1_635' title='bbox 1475 1877 1537 1918; x_wconf 71' lang='lat' dir='ltr'>est,</span> <span class='ocrx_word' id='word_1_636' title='bbox 1552 1869 1685 1920; x_wconf 74' lang='lat' dir='ltr'>vulgus</span> <span class='ocrx_word' id='word_1_637' title='bbox 1706 1868 1801 1906; x_wconf 87' lang='lat' dir='ltr'>enim</span> <span class='ocrx_word' id='word_1_638' title='bbox 1822 1879 1916 1908; x_wconf 91' lang='lat' dir='ltr'>recto</span> <span class='ocrx_word' id='word_1_639' title='bbox 1931 1880 2026 1909; x_wconf 85' lang='lat' dir='ltr'>caret</span> <span class='ocrx_word' id='word_1_640' title='bbox 2039 1872 2193 1924; x_wconf 84' lang='lat' dir='ltr'>judicio,</span> 
     </span>
    </p>

    <p class='ocr_par' dir='ltr' id='par_1_14' title="bbox 1209 1931 2197 1986">
     <span class='ocr_line' id='line_1_80' title="bbox 1209 1931 2197 1986; baseline 0.005 -18"><span class='ocrx_word' id='word_1_641' title='bbox 1209 1941 1243 1969; x_wconf 89' lang='lat' dir='ltr'>et</span> <span class='ocrx_word' id='word_1_642' title='bbox 1263 1931 1342 1969; x_wconf 88' lang='lat' dir='ltr'>illos</span> <span class='ocrx_word' id='word_1_643' title='bbox 1362 1931 1529 1982; x_wconf 89' lang='lat' dir='ltr'>miratur,</span> <span class='ocrx_word' id='word_1_644' title='bbox 1551 1931 1613 1982; x_wconf 86' lang='lat' dir='ltr'>qui</span> <span class='ocrx_word' id='word_1_645' title='bbox 1630 1931 1703 1970; x_wconf 87' lang='lat' dir='ltr'>suis</span> <span class='ocrx_word' id='word_1_646' title='bbox 1720 1932 1878 1970; x_wconf 73' lang='lat' dir='ltr'>serviunt</span> <span class='ocrx_word' id='word_1_647' title='bbox 1892 1934 2197 1986; x_wconf 86' lang='lat' dir='ltr'>concupiscentiis.</span> 
     </span>
    </p>

    <p class='ocr_par' dir='ltr' id='par_1_15' title="bbox 1211 1994 2197 2046">
     <span class='ocr_line' id='line_1_81' title="bbox 1211 1994 2197 2046; baseline 0.004 -15"><span class='ocrx_word' id='word_1_648' title='bbox 1211 1994 1258 2032; x_wconf 87' lang='lat' dir='ltr'>Et</span> <span class='ocrx_word' id='word_1_649' title='bbox 1287 1995 1317 2032; x_wconf 89' lang='lat' dir='ltr'>si</span> <span class='ocrx_word' id='word_1_650' title='bbox 1350 1994 1476 2044; x_wconf 73' lang='lat' dir='ltr'>vultis,</span> <span class='ocrx_word' id='word_1_651' title='bbox 1515 1994 1596 2031; x_wconf 88' lang='lat' dir='ltr'>illos</span> <span class='ocrx_word' id='word_1_652' title='bbox 1630 1994 1817 2045; x_wconf 77' lang='lat' dir='ltr'>attendite,</span> <span class='ocrx_word' id='word_1_653' title='bbox 1854 1995 1916 2046; x_wconf 90' lang='lat' dir='ltr'>qui</span> <span class='ocrx_word' id='word_1_654' title='bbox 1951 1997 2197 2035; x_wconf 86' lang='lat' dir='ltr'>meretricibus</span> 
     </span>
    </p>

    <p class='ocr_par' dir='ltr' id='par_1_16' title="bbox 1208 2054 2195 2107">
     <span class='ocr_line' id='line_1_82' title="bbox 1208 2054 2195 2107; baseline 0.003 -14"><span class='ocrx_word' id='word_1_655' title='bbox 1208 2055 1326 2093; x_wconf 86' lang='lat' dir='ltr'>omnia</span> <span class='ocrx_word' id='word_1_656' title='bbox 1338 2069 1400 2093; x_wconf 92' lang='lat' dir='ltr'>sua</span> <span class='ocrx_word' id='word_1_657' title='bbox 1414 2054 1604 2104; x_wconf 87' lang='lat' dir='ltr'>dederunt,</span> <span class='ocrx_word' id='word_1_658' title='bbox 1627 2055 1690 2105; x_wconf 88' lang='lat' dir='ltr'>qui</span> <span class='ocrx_word' id='word_1_659' title='bbox 1711 2055 1860 2107; x_wconf 87' lang='lat' dir='ltr'>aurigis,</span> <span class='ocrx_word' id='word_1_660' title='bbox 1875 2056 1938 2106; x_wconf 90' lang='lat' dir='ltr'>qui</span> <span class='ocrx_word' id='word_1_661' title='bbox 1958 2057 2195 2097; x_wconf 81' lang='lat' dir='ltr'>saltatoribus.</span> 
     </span>
    </p>

    <p class='ocr_par' dir='ltr' id='par_1_17' title="bbox 1212 2115 2193 2169">
     <span class='ocr_line' id='line_1_83' title="bbox 1212 2115 2193 2169; baseline 0.005 -17"><span class='ocrx_word' id='word_1_662' title='bbox 1212 2118 1257 2153; x_wconf 82' lang='lat' dir='ltr'>At</span> <span class='ocrx_word' id='word_1_663' title='bbox 1275 2130 1344 2153; x_wconf 93' lang='lat' dir='ltr'>non</span> <span class='ocrx_word' id='word_1_664' title='bbox 1363 2115 1428 2153; x_wconf 86' lang='lat' dir='ltr'>hos</span> <span class='ocrx_word' id='word_1_665' title='bbox 1446 2145 1456 2164; x_wconf 89' lang='lat'>,</span> <span class='ocrx_word' id='word_1_666' title='bbox 1471 2115 1623 2166; x_wconf 87' lang='lat' dir='ltr'>inquies,</span> <span class='ocrx_word' id='word_1_667' title='bbox 1636 2116 1817 2166; x_wconf 83' lang='lat' dir='ltr'>dicimus;</span> <span class='ocrx_word' id='word_1_668' title='bbox 1845 2117 1907 2154; x_wconf 90' lang='lat' dir='ltr'>sed</span> <span class='ocrx_word' id='word_1_669' title='bbox 1916 2118 2044 2169; x_wconf 85' lang='lat' dir='ltr'>justos,</span> <span class='ocrx_word' id='word_1_670' title='bbox 2065 2128 2193 2165; x_wconf 90' lang='lat' dir='ltr'>rectos,</span> 
     </span>
    </p>

    <p class='ocr_par' dir='ltr' id='par_1_18' title="bbox 1209 2178 2194 2229">
     <span class='ocr_line' id='line_1_84' title="bbox 1209 2178 2194 2229; baseline 0.003 -14"><span class='ocrx_word' id='word_1_671' title='bbox 1209 2178 1269 2228; x_wconf 86' lang='lat' dir='ltr'>qui</span> <span class='ocrx_word' id='word_1_672' title='bbox 1282 2191 1411 2228; x_wconf 87' lang='lat' dir='ltr'>magna</span> <span class='ocrx_word' id='word_1_673' title='bbox 1425 2185 1573 2229; x_wconf 87' lang='lat' dir='ltr'>possunt</span> <span class='ocrx_word' id='word_1_674' title='bbox 1582 2186 1750 2229; x_wconf 78' lang='lat' dir='ltr'>praestare</span> <span class='ocrx_word' id='word_1_675' title='bbox 1765 2178 1871 2215; x_wconf 87' lang='lat' dir='ltr'>bona.</span> <span class='ocrx_word' id='word_1_676' title='bbox 1882 2179 2030 2217; x_wconf 87' lang='lat' dir='ltr'>Utinam</span> <span class='ocrx_word' id='word_1_677' title='bbox 2049 2180 2194 2227; x_wconf 79' lang='lat' dir='ltr'>vellent,</span> 
     </span>
    </p>

    <p class='ocr_par' dir='ltr' id='par_1_19' title="bbox 1210 2238 2196 2294">
     <span class='ocr_line' id='line_1_85' title="bbox 1210 2238 2196 2294; baseline 0.003 -17"><span class='ocrx_word' id='word_1_678' title='bbox 1210 2248 1242 2277; x_wconf 92' lang='lat' dir='ltr'>et</span> <span class='ocrx_word' id='word_1_679' title='bbox 1251 2239 1371 2277; x_wconf 86' lang='lat' dir='ltr'>statim</span> <span class='ocrx_word' id='word_1_680' title='bbox 1389 2238 1482 2276; x_wconf 91' lang='lat' dir='ltr'>bona</span> <span class='ocrx_word' id='word_1_681' title='bbox 1493 2238 1704 2290; x_wconf 88' lang='lat' dir='ltr'>perficerent</span> <span class='ocrx_word' id='word_1_682' title='bbox 1721 2255 1727 2275; x_wconf 89' lang='lat'><strong>:</strong></span> <span class='ocrx_word' id='word_1_683' title='bbox 1751 2253 1844 2277; x_wconf 90' lang='lat' dir='ltr'>nunc</span> <span class='ocrx_word' id='word_1_684' title='bbox 1860 2254 1944 2279; x_wconf 70' lang='lat' dir='ltr'>vero</span> <span class='ocrx_word' id='word_1_685' title='bbox 1961 2241 2051 2279; x_wconf 87' lang='lat' dir='ltr'>nihil</span> <span class='ocrx_word' id='word_1_686' title='bbox 2067 2242 2196 2294; x_wconf 82' lang='lat' dir='ltr'>hujus·</span> 
     </span>
    </p>

    <p class='ocr_par' dir='ltr' id='par_1_20' title="bbox 1207 2299 2192 2352">
     <span class='ocr_line' id='line_1_86' title="bbox 1207 2299 2192 2352; baseline 0.002 -13"><span class='ocrx_word' id='word_1_687' title='bbox 1207 2300 1304 2339; x_wconf 90' lang='lat' dir='ltr'>modi</span> <span class='ocrx_word' id='word_1_688' title='bbox 1316 2300 1463 2338; x_wconf 84' lang='lat' dir='ltr'>faciunt.</span> <span class='ocrx_word' id='word_1_689' title='bbox 1483 2299 1587 2351; x_wconf 86' lang='lat' dir='ltr'>Quis,</span> <span class='ocrx_word' id='word_1_690' title='bbox 1604 2315 1735 2351; x_wconf 61' lang='lat' dir='ltr'>quaeso,</span> <span class='ocrx_word' id='word_1_691' title='bbox 1747 2302 1886 2352; x_wconf 86' lang='lat' dir='ltr'>justum</span> <span class='ocrx_word' id='word_1_692' title='bbox 1899 2311 1932 2339; x_wconf 91' lang='lat' dir='ltr'>et</span> <span class='ocrx_word' id='word_1_693' title='bbox 1947 2312 2080 2340; x_wconf 88' lang='lat' dir='ltr'>rectum</span> <span class='ocrx_word' id='word_1_694' title='bbox 2100 2318 2192 2342; x_wconf 87' lang='lat' dir='ltr'>nunc</span> 
     </span>
    </p>

    <p class='ocr_par' dir='ltr' id='par_1_21' title="bbox 1206 2362 2196 2416">
     <span class='ocr_line' id='line_1_87' title="bbox 1206 2362 2196 2416; baseline 0.002 -15"><span class='ocrx_word' id='word_1_695' title='bbox 1206 2363 1329 2401; x_wconf 89' lang='lat' dir='ltr'>laudat</span> <span class='ocrx_word' id='word_1_696' title='bbox 1345 2363 1361 2400; x_wconf 71' lang='grc' dir='ltr'>Ρ</span> <span class='ocrx_word' id='word_1_697' title='bbox 1378 2362 1607 2400; x_wconf 87' lang='lat' dir='ltr'>Contrarium</span> <span class='ocrx_word' id='word_1_698' title='bbox 1632 2371 1723 2400; x_wconf 87' lang='lat' dir='ltr'>certe</span> <span class='ocrx_word' id='word_1_699' title='bbox 1739 2362 1879 2401; x_wconf 87' lang='lat' dir='ltr'>accidit.</span> <span class='ocrx_word' id='word_1_700' title='bbox 1909 2363 2008 2411; x_wconf 84' lang='lat' dir='ltr'>Quid</span> <span class='ocrx_word' id='word_1_701' title='bbox 2029 2365 2196 2416; x_wconf 86' lang='lat' dir='ltr'>frigidius</span> 
     </span>
    </p>

    <p class='ocr_par' dir='ltr' id='par_1_22' title="bbox 1203 2422 2194 2477">
     <span class='ocr_line' id='line_1_88' title="bbox 1203 2422 2194 2477; baseline 0.002 -16"><span class='ocrx_word' id='word_1_702' title='bbox 1203 2425 1313 2476; x_wconf 81' lang='lat' dir='ltr'>justo,</span> <span class='ocrx_word' id='word_1_703' title='bbox 1335 2424 1362 2461; x_wconf 89' lang='lat' dir='ltr'>si</span> <span class='ocrx_word' id='word_1_704' title='bbox 1396 2423 1608 2475; x_wconf 87' lang='lat' dir='ltr'>praeclarum</span> <span class='ocrx_word' id='word_1_705' title='bbox 1639 2422 1727 2473; x_wconf 90' lang='lat' dir='ltr'>quid</span> <span class='ocrx_word' id='word_1_706' title='bbox 1765 2437 1885 2474; x_wconf 85' lang='lat' dir='ltr'>agens,</span> <span class='ocrx_word' id='word_1_707' title='bbox 1917 2424 2020 2476; x_wconf 77' lang='lat' dir='ltr'>vulgi</span> <span class='ocrx_word' id='word_1_708' title='bbox 2045 2425 2194 2477; x_wconf 85' lang='lat' dir='ltr'>gloriam</span> 
     </span>
    </p>

    <p class='ocr_par' dir='ltr' id='par_1_23' title="bbox 1206 2483 2193 2538">
     <span class='ocr_line' id='line_1_89' title="bbox 1206 2483 2193 2538; baseline 0.002 -15"><span class='ocrx_word' id='word_1_709' title='bbox 1206 2485 1378 2537; x_wconf 76' lang='lat' dir='ltr'>expetat?</span> <span class='ocrx_word' id='word_1_710' title='bbox 1398 2484 1476 2521; x_wconf 88' lang='lat' dir='ltr'>Hoc</span> <span class='ocrx_word' id='word_1_711' title='bbox 1488 2484 1583 2521; x_wconf 88' lang='lat' dir='ltr'>enim</span> <span class='ocrx_word' id='word_1_712' title='bbox 1595 2483 1684 2535; x_wconf 84' lang='lat' dir='ltr'>agit,</span> <span class='ocrx_word' id='word_1_713' title='bbox 1706 2498 1746 2522; x_wconf 89' lang='lat' dir='ltr'>ac</span> <span class='ocrx_word' id='word_1_714' title='bbox 1766 2484 1796 2522; x_wconf 91' lang='lat' dir='ltr'>si</span> <span class='ocrx_word' id='word_1_715' title='bbox 1815 2485 1895 2535; x_wconf 90' lang='lat' dir='ltr'>quis</span> <span class='ocrx_word' id='word_1_716' title='bbox 1904 2485 2021 2538; x_wconf 88' lang='lat' dir='ltr'>pictor</span> <span class='ocrx_word' id='word_1_717' title='bbox 2039 2487 2193 2538; x_wconf 90' lang='lat' dir='ltr'>optimus</span> 
     </span>
    </p>
   </div>
   <div class='ocr_carea' id='block_1_14' title="bbox 1159 2544 2193 2598">
    <p class='ocr_par' dir='ltr' id='par_1_24' title="bbox 1159 2544 2193 2598">
     <span class='ocr_line' id='line_1_90' title="bbox 1159 2544 2193 2598; baseline 0.001 -13"><span class='ocrx_word' id='word_1_718' title='bbox 1159 2558 1180 2586; x_wconf 81' lang='grc' dir='ltr'>Ε</span> <span class='ocrx_word' id='word_1_719' title='bbox 1207 2547 1298 2598; x_wconf 82' lang='lat' dir='ltr'>regis</span> <span class='ocrx_word' id='word_1_720' title='bbox 1316 2545 1507 2596; x_wconf 84' lang='lat' dir='ltr'>imaginem</span> <span class='ocrx_word' id='word_1_721' title='bbox 1525 2545 1686 2596; x_wconf 82' lang='lat' dir='ltr'>pingenS,</span> <span class='ocrx_word' id='word_1_722' title='bbox 1711 2544 1958 2597; x_wconf 84' lang='lat' dir='ltr'>imperitorum</span> <span class='ocrx_word' id='word_1_723' title='bbox 1988 2546 2110 2585; x_wconf 87' lang='lat' dir='ltr'>laudes</span> <span class='ocrx_word' id='word_1_724' title='bbox 2134 2562 2193 2586; x_wconf 77' lang='lat' dir='ltr'>ex-</span> 
     </span>
    </p>
   </div>
   <div class='ocr_carea' id='block_1_15' title="bbox 1207 2606 2202 3206">
    <p class='ocr_par' dir='ltr' id='par_1_25' title="bbox 1207 2606 2202 3206">
     <span class='ocr_line' id='line_1_91' title="bbox 1207 2606 2193 2661; baseline 0 -14"><span class='ocrx_word' id='word_1_725' title='bbox 1207 2609 1326 2661; x_wconf 86' lang='lat' dir='ltr'>cipiat.</span> <span class='ocrx_word' id='word_1_726' title='bbox 1347 2607 1513 2658; x_wconf 89' lang='lat' dir='ltr'>Alioquin</span> <span class='ocrx_word' id='word_1_727' title='bbox 1533 2615 1651 2644; x_wconf 87' lang='lat' dir='ltr'>autem</span> <span class='ocrx_word' id='word_1_728' title='bbox 1668 2606 1731 2656; x_wconf 84' lang='lat' dir='ltr'>qui</span> <span class='ocrx_word' id='word_1_729' title='bbox 1741 2606 1935 2645; x_wconf 88' lang='lat' dir='ltr'>humanam</span> <span class='ocrx_word' id='word_1_730' title='bbox 1957 2618 2090 2660; x_wconf 87' lang='lat' dir='ltr'>spectat</span> <span class='ocrx_word' id='word_1_731' title='bbox 2117 2610 2193 2661; x_wconf 87' lang='lat' dir='ltr'>glo-</span> 
     </span>
     <span class='ocr_line' id='line_1_92' title="bbox 1208 2665 2193 2718; baseline 0 -11"><span class='ocrx_word' id='word_1_732' title='bbox 1208 2670 1312 2718; x_wconf 76' lang='lat' dir='ltr'>riam,</span> <span class='ocrx_word' id='word_1_733' title='bbox 1334 2683 1352 2705; x_wconf 86' lang='lat' dir='ltr'>a</span> <span class='ocrx_word' id='word_1_734' title='bbox 1367 2668 1543 2706; x_wconf 83' lang='lat' dir='ltr'>virtutum</span> <span class='ocrx_word' id='word_1_735' title='bbox 1561 2665 1726 2704; x_wconf 74' lang='lat' dir='ltr'>exercitio</span> <span class='ocrx_word' id='word_1_736' title='bbox 1741 2667 1810 2704; x_wconf 92' lang='lat' dir='ltr'>cito</span> <span class='ocrx_word' id='word_1_737' title='bbox 1826 2667 1981 2705; x_wconf 84' lang='lat' dir='ltr'>desistet.</span> <span class='ocrx_word' id='word_1_738' title='bbox 1999 2670 2091 2706; x_wconf 77' lang='lat' dir='ltr'>Nam</span> <span class='ocrx_word' id='word_1_739' title='bbox 2103 2669 2132 2707; x_wconf 87' lang='lat' dir='ltr'>si</span> <span class='ocrx_word' id='word_1_740' title='bbox 2147 2670 2193 2707; x_wconf 87' lang='lat' dir='ltr'>ad</span> 
     </span>
     <span class='ocr_line' id='line_1_93' title="bbox 1208 2727 2192 2782; baseline 0 -13"><span class='ocrx_word' id='word_1_741' title='bbox 1208 2731 1330 2769; x_wconf 87' lang='lat' dir='ltr'>laudes</span> <span class='ocrx_word' id='word_1_742' title='bbox 1346 2728 1627 2777; x_wconf 86' lang='lat' dir='ltr'>illoruminhiet,</span> <span class='ocrx_word' id='word_1_743' title='bbox 1653 2727 1729 2765; x_wconf 85' lang='lat' dir='ltr'>haec</span> <span class='ocrx_word' id='word_1_744' title='bbox 1744 2727 1849 2765; x_wconf 86' lang='lat' dir='ltr'>faciet</span> <span class='ocrx_word' id='word_1_745' title='bbox 1869 2742 1946 2778; x_wconf 84' lang='lat' dir='ltr'>quae</span> <span class='ocrx_word' id='word_1_746' title='bbox 1968 2729 2056 2781; x_wconf 88' lang='lat' dir='ltr'>ipsis</span> <span class='ocrx_word' id='word_1_747' title='bbox 2075 2730 2192 2782; x_wconf 84' lang='lat' dir='ltr'>place-</span> 
     </span>
     <span class='ocr_line' id='line_1_94' title="bbox 1209 2788 2194 2842; baseline -0.001 -11"><span class='ocrx_word' id='word_1_748' title='bbox 1209 2794 1313 2842; x_wconf 88' lang='lat' dir='ltr'>bunt,</span> <span class='ocrx_word' id='word_1_749' title='bbox 1344 2805 1413 2830; x_wconf 93' lang='lat' dir='ltr'>non</span> <span class='ocrx_word' id='word_1_750' title='bbox 1434 2805 1512 2841; x_wconf 86' lang='lat' dir='ltr'>quae</span> <span class='ocrx_word' id='word_1_751' title='bbox 1539 2789 1618 2828; x_wconf 90' lang='lat' dir='ltr'>sibi.</span> <span class='ocrx_word' id='word_1_752' title='bbox 1640 2788 1749 2835; x_wconf 87' lang='lat' dir='ltr'>Quod</span> <span class='ocrx_word' id='word_1_753' title='bbox 1767 2802 1849 2840; x_wconf 89' lang='lat' dir='ltr'>ergo</span> <span class='ocrx_word' id='word_1_754' title='bbox 1866 2790 1941 2840; x_wconf 85' lang='lat' dir='ltr'>jam</span> <span class='ocrx_word' id='word_1_755' title='bbox 1956 2790 2059 2828; x_wconf 71' lang='lat' dir='ltr'>vobis</span> <span class='ocrx_word' id='word_1_756' title='bbox 2080 2793 2194 2830; x_wconf 90' lang='lat' dir='ltr'>consi-</span> 
     </span>
     <span class='ocr_line' id='line_1_95' title="bbox 1209 2850 2195 2901; baseline -0.002 -9"><span class='ocrx_word' id='word_1_757' title='bbox 1209 2854 1299 2892; x_wconf 89' lang='lat' dir='ltr'>lium</span> <span class='ocrx_word' id='word_1_758' title='bbox 1314 2851 1503 2891; x_wconf 74' lang='lat' dir='ltr'>dederim?</span> <span class='ocrx_word' id='word_1_759' title='bbox 1522 2852 1598 2889; x_wconf 91' lang='lat' dir='ltr'>Deo</span> <span class='ocrx_word' id='word_1_760' title='bbox 1617 2850 1776 2888; x_wconf 88' lang='lat' dir='ltr'>animum</span> <span class='ocrx_word' id='word_1_761' title='bbox 1800 2850 1983 2901; x_wconf 83' lang='lat' dir='ltr'>adhibere,</span> <span class='ocrx_word' id='word_1_762' title='bbox 2016 2852 2100 2890; x_wconf 87' lang='lat' dir='ltr'>satis</span> <span class='ocrx_word' id='word_1_763' title='bbox 2131 2853 2195 2890; x_wconf 85' lang='lat' dir='ltr'>ha-</span> 
     </span>
     <span class='ocr_line' id='line_1_96' title="bbox 1211 2911 2193 2965; baseline -0.001 -12"><span class='ocrx_word' id='word_1_764' title='bbox 1211 2916 1307 2963; x_wconf 87' lang='lat' dir='ltr'>bere,</span> <span class='ocrx_word' id='word_1_765' title='bbox 1322 2914 1351 2952; x_wconf 84' lang='lat' dir='ltr'>si</span> <span class='ocrx_word' id='word_1_766' title='bbox 1362 2912 1548 2952; x_wconf 89' lang='lat' dir='ltr'>laudemur</span> <span class='ocrx_word' id='word_1_767' title='bbox 1559 2912 1604 2949; x_wconf 89' lang='lat' dir='ltr'>ab</span> <span class='ocrx_word' id='word_1_768' title='bbox 1618 2911 1694 2961; x_wconf 87' lang='lat' dir='ltr'>illo,</span> <span class='ocrx_word' id='word_1_769' title='bbox 1717 2911 1833 2949; x_wconf 86' lang='lat' dir='ltr'>omnia</span> <span class='ocrx_word' id='word_1_770' title='bbox 1844 2911 1912 2963; x_wconf 87' lang='lat' dir='ltr'>ipsi</span> <span class='ocrx_word' id='word_1_771' title='bbox 1926 2912 2056 2964; x_wconf 89' lang='lat' dir='ltr'>placita</span> <span class='ocrx_word' id='word_1_772' title='bbox 2067 2914 2193 2965; x_wconf 87' lang='lat' dir='ltr'>facere,</span> 
     </span>
     <span class='ocr_line' id='line_1_97' title="bbox 1212 2973 2197 3027; baseline -0.001 -12"><span class='ocrx_word' id='word_1_773' title='bbox 1212 2986 1245 3015; x_wconf 90' lang='lat' dir='ltr'>et</span> <span class='ocrx_word' id='word_1_774' title='bbox 1267 2976 1358 3014; x_wconf 90' lang='lat' dir='ltr'>bona</span> <span class='ocrx_word' id='word_1_775' title='bbox 1388 2973 1542 3027; x_wconf 86' lang='lat' dir='ltr'>operari,</span> <span class='ocrx_word' id='word_1_776' title='bbox 1570 2973 1617 3011; x_wconf 89' lang='lat' dir='ltr'>ad</span> <span class='ocrx_word' id='word_1_777' title='bbox 1647 2973 1785 3010; x_wconf 89' lang='lat' dir='ltr'>nullam</span> <span class='ocrx_word' id='word_1_778' title='bbox 1817 2986 1935 3010; x_wconf 89' lang='lat' dir='ltr'>rerum</span> <span class='ocrx_word' id='word_1_779' title='bbox 1960 2973 2197 3014; x_wconf 86' lang='lat' dir='ltr'>humanarum</span> 
     </span>
     <span class='ocr_line' id='line_1_98' title="bbox 1213 3033 2199 3085; baseline -0.001 -10"><span class='ocrx_word' id='word_1_780' title='bbox 1213 3037 1374 3075; x_wconf 88' lang='lat' dir='ltr'>inhiare:</span> <span class='ocrx_word' id='word_1_781' title='bbox 1395 3036 1462 3073; x_wconf 84' lang='lat' dir='ltr'>hoc</span> <span class='ocrx_word' id='word_1_782' title='bbox 1495 3034 1589 3072; x_wconf 87' lang='lat' dir='ltr'>enim</span> <span class='ocrx_word' id='word_1_783' title='bbox 1625 3042 1658 3070; x_wconf 89' lang='lat' dir='ltr'>et</span> <span class='ocrx_word' id='word_1_784' title='bbox 1676 3033 1854 3085; x_wconf 88' lang='lat' dir='ltr'>jejunium</span> <span class='ocrx_word' id='word_1_785' title='bbox 1887 3043 1920 3070; x_wconf 89' lang='lat' dir='ltr'>et</span> <span class='ocrx_word' id='word_1_786' title='bbox 1956 3035 2151 3074; x_wconf 88' lang='lat' dir='ltr'>orationem</span> <span class='ocrx_word' id='word_1_787' title='bbox 2166 3046 2199 3074; x_wconf 89' lang='lat' dir='ltr'>et</span> 
     </span>
     <span class='ocr_line' id='line_1_99' title="bbox 1213 3093 2200 3149; baseline -0.001 -13"><span class='ocrx_word' id='word_1_788' title='bbox 1213 3098 1473 3149; x_wconf 81' lang='lat' dir='ltr'>eleemosynam</span> <span class='ocrx_word' id='word_1_789' title='bbox 1491 3093 1709 3147; x_wconf 83' lang='lat' dir='ltr'>pessumdat,</span> <span class='ocrx_word' id='word_1_790' title='bbox 1734 3102 1837 3143; x_wconf 88' lang='lat' dir='ltr'>atque</span> <span class='ocrx_word' id='word_1_791' title='bbox 1856 3094 1974 3131; x_wconf 86' lang='lat' dir='ltr'>omnia</span> <span class='ocrx_word' id='word_1_792' title='bbox 2000 3104 2118 3133; x_wconf 88' lang='lat' dir='ltr'>nostra</span> <span class='ocrx_word' id='word_1_793' title='bbox 2137 3097 2200 3135; x_wconf 91' lang='lat' dir='ltr'>bo-</span> 
     </span>
     <span class='ocr_line' id='line_1_100' title="bbox 1215 3153 2202 3206; baseline 0 -10"><span class='ocrx_word' id='word_1_794' title='bbox 1215 3173 1259 3197; x_wconf 87' lang='lat' dir='ltr'>na</span> <span class='ocrx_word' id='word_1_795' title='bbox 1284 3166 1444 3198; x_wconf 86' lang='lat' dir='ltr'>evacuat.</span> <span class='ocrx_word' id='word_1_796' title='bbox 1470 3154 1575 3202; x_wconf 88' lang='lat' dir='ltr'>Quod</span> <span class='ocrx_word' id='word_1_797' title='bbox 1596 3169 1637 3192; x_wconf 89' lang='lat' dir='ltr'>ne</span> <span class='ocrx_word' id='word_1_798' title='bbox 1656 3153 1846 3205; x_wconf 86' lang='lat' dir='ltr'>patiamur,</span> <span class='ocrx_word' id='word_1_799' title='bbox 1863 3155 2040 3206; x_wconf 85' lang='lat' dir='ltr'>fugiamus</span> <span class='ocrx_word' id='word_1_800' title='bbox 2062 3157 2128 3195; x_wconf 92' lang='lat' dir='ltr'>hoc</span> <span class='ocrx_word' id='word_1_801' title='bbox 2147 3159 2202 3196; x_wconf 83' lang='lat' dir='ltr'>vi-</span> 
     </span>
    </p>
   </div>
   <div class='ocr_carea' id='block_1_16' title="bbox 1245 3283 1714 3327">
    <p class='ocr_par' dir='ltr' id='par_1_26' title="bbox 1245 3283 1714 3327">
     <span class='ocr_line' id='line_1_101' title="bbox 1245 3283 1714 3327; baseline -0.015 -11"><span class='ocrx_word' id='word_1_802' title='bbox 1245 3286 1256 3304; x_wconf 62' lang='lat' dir='ltr'>d</span> <span class='ocrx_word' id='word_1_803' title='bbox 1285 3283 1343 3316; x_wconf 61' lang='lat' dir='ltr'>Alii</span> <span class='ocrx_word' id='word_1_804' title='bbox 1359 3292 1400 3327; x_wconf 76' lang='grc' dir='ltr'>τῷ</span> <span class='ocrx_word' id='word_1_805' title='bbox 1419 3287 1474 3324; x_wconf 71' lang='grc' dir='ltr'>θεῷ</span> <span class='ocrx_word' id='word_1_806' title='bbox 1492 3283 1533 3313; x_wconf 74' lang='grc' dir='ltr'>δεῖ</span> <span class='ocrx_word' id='word_1_807' title='bbox 1549 3285 1714 3325; x_wconf 56' lang='grc' dir='ltr'>προσέχει».</span> 
     </span>
    </p>
   </div>
   <div class='ocr_carea' id='block_1_17' title="bbox 1972 3387 2030 3420">
    <p class='ocr_par' dir='ltr' id='par_1_27' title="bbox 1972 3387 2030 3420">
     <span class='ocr_line' id='line_1_102' title="bbox 1972 3387 2030 3420; baseline 0 0"><span class='ocrx_word' id='word_1_808' title='bbox 1972 3387 2030 3420; x_wconf 61' lang='lat'>13.</span> 
     </span>
    </p>
   </div>
  </div>
 </body>
</html>
