2466 3805
144 882 206 910 Non
226 894 280 920 pu·-

187 925 280 961 Ciny-

93 932 133 952 tat

300 269 388 324 214
736 283 773 312 5.

293 363 365 399 fiet.
385 363 496 399 Nemo
516 363 662 399 domum
685 362 804 399 statim
827 361 1016 412 spatiosam
1035 359 1115 397 vult
1142 358 1270 407 facere,

293 423 355 460 sed
370 423 485 474 primo
506 422 644 459 firmam
655 430 688 458 et
699 422 894 472 probatam,
914 419 1043 457 deinde
1057 418 1269 470 spatiosam:

292 495 392 519 nemo
412 481 637 517 fundamenta
662 480 748 531 jacit
768 509 778 528 ,
805 489 845 516 ut
874 478 1087 516 derideatur.
1109 477 1273 515 Primum

292 543 358 579 hoc
377 554 586 591 quaeramus,
616 540 742 578 deinde
771 540 874 578 illud.
891 540 966 577 Hoc
997 539 1026 576 si
1045 539 1091 576 sit
1108 538 1211 576 facile
1239 548 1273 576 et

292 600 383 642 illud
411 600 526 637 aderit
547 615 555 635 :
578 599 669 637 illud
703 609 820 638 autem
854 600 882 638 si
915 613 984 637 non
1024 598 1132 648 adsit,
1169 599 1279 650 hujus
1302 610 1326 639 B

290 659 394 696 etiam
419 659 447 696 si
464 659 521 707 sit,
541 660 639 697 nulla
654 660 800 698 utilitas.
817 662 907 699 Nam
927 660 955 698 si
972 660 1008 697 in
1029 659 1188 697 Ecclesia
1208 659 1278 698 sint

291 721 353 769 qui
373 719 458 757 clari
481 734 553 758 esse
572 722 705 773 possint
723 753 733 768 ,
756 723 826 761 cito
845 724 911 760 erit
940 731 973 760 et
992 722 1210 760 multitudo:
1238 720 1277 760 hi

291 780 320 817 si
339 792 408 816 non
428 780 510 829 sint,
531 794 726 831 numquam
750 782 817 819 erit
836 783 930 820 clara
956 781 1165 819 multitudo.
1179 782 1277 828 Quot

292 840 424 891 putatis
443 840 479 876 in
501 841 589 878 urbe
608 850 727 879 nostra
757 856 831 880 esse
848 872 857 890 ,
896 842 958 892 qui
979 842 1128 879 salutem
1156 856 1275 879 conse-

291 900 470 950 quentur?
499 901 690 938 Molestum
719 901 864 952 quidem
899 911 964 950 est,
997 901 1092 952 quod
1115 901 1276 941 dicturus

91 971 234 992 sostomus
246 975 280 992 ex
292 974 385 1010 sum,
407 960 525 998 dicam
539 970 665 999 tamen.
687 963 728 1000 In
751 972 802 1002 tot
820 963 980 1001 millibus
994 977 1063 1000 non
1084 972 1164 1000 sunt
1191 977 1274 1001 cen—

93 1008 192 1033 munis
217 1007 281 1032 mil-

92 1048 167 1074 libus
210 1058 278 1074 cen-

292 1031 383 1069 tum,
399 1021 461 1072 qui
476 1023 626 1061 salutem
647 1033 920 1074 consequantur,
939 1024 1000 1062 sed
1012 1024 1056 1062 de
1075 1024 1147 1062 illis
1167 1025 1273 1062 etiam

94 1095 154 1114 :um
187 1089 278 1115 salvos
291 1081 429 1120 dubito.
442 1083 598 1134 Quanta,
616 1099 746 1135 quaeso,
762 1085 918 1135 nequitia
935 1086 969 1122 in
981 1085 1273 1133 adolescentibus,

91 1128 152 1154 sore
173 1130 207 1156 dc·
224 1140 278 1165 po-

91 1170 159 1205 pulo
182 1180 245 1197 suo.

290 1153 421 1194 quanta
439 1144 575 1182 desidia
592 1146 627 1182 in
646 1147 843 1184 senioribus
862 1147 879 1184 ‚⁰
901 1147 1012 1184 Nemo
1037 1161 1145 1197 quam
1164 1161 1271 1199 opor-

289 1215 377 1243 teret
401 1206 576 1245 educandi
595 1207 661 1244 filii
686 1222 806 1245 curam
836 1208 942 1245 habet
976 1224 983 1244 :
1022 1223 1123 1246 nemo
1157 1223 1274 1247 senem

288 1266 416 1304 videns
433 1297 442 1312 ,
463 1267 567 1304 illum
582 1267 714 1305 imitari
739 1268 868 1306 studet.
884 1268 1061 1320 Exempla
1089 1269 1132 1307 de
1158 1270 1274 1308 medio

280 1326 427 1364 *sublata
442 1335 522 1364 sunt
540 1343 547 1363 :
564 1327 700 1366 idcirco
718 1342 780 1365 nec
792 1329 940 1379 juvenes
957 1329 1049 1366 fiunt
1061 1329 1273 1368 admirandi.

286 1387 340 1424 Ne
366 1387 455 1424 mihi
493 1387 591 1425 dicas
612 1417 622 1436 ,
652 1388 767 1426 Multa
794 1389 981 1427 hominum
1012 1390 1116 1428 turba
1139 1405 1272 1429 sumus.

285 1445 361 1484 Hoc
388 1447 601 1498 frigidorum
618 1448 807 1486 hominum
829 1458 879 1487 est
902 1465 909 1485 :
938 1449 976 1486 id
1004 1450 1049 1487 de
1067 1451 1272 1490 hominibus

284 1508 409 1545 merito
447 1508 600 1559 dicatur,
634 1509 677 1547 de
714 1511 788 1548 Deo
825 1519 951 1559 autem,
993 1511 1053 1561 qui
1086 1526 1155 1550 non
1182 1527 1272 1566 opus

281 1567 389 1605 habet
416 1570 532 1618 nobis,
563 1583 633 1607 non
668 1569 765 1607 item.
802 1571 908 1618 Quod
938 1581 1055 1608 auten]
1088 1573 1194 1610 etiam
1227 1573 1272 1611 de

281 1627 354 1666 illis
377 1629 551 1680 frigidum
579 1630 624 1667 sit
653 1631 815 1680 verbum,
841 1631 937 1668 audi.
955 1632 1027 1677 Qui
1053 1633 1182 1671 multos
1201 1634 1271 1672 ha-

280 1687 338 1725 bet
361 1688 581 1737 domesticos,
619 1689 648 1726 si
688 1689 741 1726 illi
775 1690 928 1741 improbi
957 1691 1040 1741 sint,
1070 1702 1158 1742 quot
1177 1694 1270 1731 mala

280 1748 461 1799 patietur?
476 1749 532 1796 Ei,
550 1749 610 1799 qui
624 1750 766 1787 nullum
777 1750 898 1800 habet,
915 1751 984 1788 hoc
993 1752 1135 1790 videtur
1149 1768 1268 1805 grave,

277 1808 373 1858 quod
407 1823 474 1846 non
493 1809 691 1846 serviatur:
714 1810 742 1847 is
758 1824 855 1859 vero,
872 1811 933 1861 qui
949 1811 1134 1863 improbos
1162 1813 1267 1852 habet

276 1867 427 1905 famulos
442 1898 452 1917 ,
473 1868 641 1905 cumillis
666 1869 693 1906 it
713 1869 747 1905 in
767 1870 983 1920 perniciem,
1007 1873 1196 1924 majusque
1212 1884 1265 1912 est

275 1928 456 1967 damnum.
475 1930 630 1967 Gravius
645 1930 776 1982 quippe
796 1940 846 1968 est
866 1932 946 1969 aliis
969 1947 1128 1984 pugnare
1150 1945 1183 1973 et
1202 1936 1263 1974 de·
1286 1952 1312 1982 D

275 1998 419 2039 certare,
444 2004 551 2040 quam
581 1991 648 2027 sibi
669 1991 738 2042 ipsi
769 1991 912 2031 servire.
933 1992 1014 2030 Haec
1033 1993 1128 2043 dico,
1150 2005 1190 2033 ut
1218 2011 1262 2035 ne

275 2050 354 2100 quis
371 2050 568 2088 Ecclesiam
594 2050 789 2088 admiretur
819 2061 962 2104 propter
981 2054 1260 2106 multitudinem,

275 2112 337 2149 sed
352 2122 392 2150 ut
411 2127 573 2151 curemus
591 2114 692 2151 illam
704 2114 971 2152 multitudinem
989 2116 1120 2154 claram
1141 2119 1258 2157 effice-

275 2186 313 2209 re
336 2188 344 2208 :
367 2183 403 2210 ut
429 2174 669 2224 unusquisque
694 2188 794 2211 suam
814 2185 911 2213 curet
931 2186 1091 2227 partem,
1118 2188 1158 2216 ut
1187 2193 1256 2217 non

278 2232 422 2277 amicos,
436 2247 504 2270 non
524 2242 699 2283 cognatos,
718 2242 757 2270 ut
773 2248 908 2285 semper
923 2246 1056 2287 repeto,
1080 2251 1149 2275 non
1167 2239 1256 2276 vici-

276 2305 338 2329 nos
358 2301 507 2340 tantum,
525 2292 703 2330 sedetiam
723 2302 906 2331 extraneos
918 2296 1111 2346 pertrahat.
1124 2297 1255 2336 Exem-

275 2352 327 2403 pli
339 2366 455 2399 causa,
470 2352 511 2389 fit
527 2353 651 2402 oratio,
667 2353 784 2404 jacent
797 2354 918 2405 [rigidi
929 2370 1048 2393 omnes
1056 2357 1204 2408 juvenes
1222 2369 1255 2397 et

275 2426 384 2460 senes;
404 2422 635 2464 purgamenta
650 2427 763 2464 magis
781 2428 887 2464 quam
908 2415 1070 2466 juvenes,
1090 2418 1255 2468 115111,οᾶ-

275 2472 427 2521 chinnis,
437 2473 568 2510 fabulis
583 2473 838 2524 incumbentes,
853 2475 919 2512 hoc
932 2476 1025 2513 enim
1033 2491 1096 2528 ego
1114 2479 1252 2529 audivi,

272 2541 307 2568 et
327 2533 476 2582 genibus
492 2534 569 2571 nixi
584 2533 672 2571 alios
685 2534 841 2572 dicteriis
873 2536 1101 2587 impetentes:
1130 2547 1169 2575 tu
1193 2540 1253 2590 qui

275 2591 369 2638 ades,
391 2594 532 2644 juvenis
554 2603 614 2631 aut
633 2608 749 2643 senex,
768 2596 909 2647 increpa
924 2596 952 2633 si
973 2597 1104 2647 videas,
1139 2599 1248 2637 vehe-

275 2655 427 2692 mentius
448 2656 594 2704 incesse,
616 2666 648 2694 et
666 2657 779 2695 sinon
801 2659 900 2707 ferat,
919 2658 1107 2698 diaconum
1134 2676 1219 2700 voca
1239 2693 1248 2711 ,

273 2714 405 2752 minare
417 2746 427 2763 ,
439 2730 515 2766 quae
529 2731 632 2768 penes
648 2727 679 2755 te
692 2728 774 2755 sunt
790 2718 894 2757 facito
908 2735 915 2756 :
931 2729 963 2757 et
978 2721 1108 2772 siquid
1123 2723 1251 2762 audeat

270 2785 391 2813 eontra
411 2785 443 2813 te
461 2777 585 2826 facere,
619 2779 749 2816 multos
769 2779 914 2818 habebis
944 2781 1132 2832 adjutores.
1160 2785 1250 2831 Quis

269 2836 364 2873 enim
384 2837 431 2874 ita
452 2837 703 2876 irrationabilis
729 2849 792 2887 est,
815 2841 877 2890 qui
902 2850 935 2879 te
960 2841 1083 2880 videns
1101 2844 1182 2882 illos
1205 2845 1249 2884 de

270 2912 309 2936 ea
328 2914 364 2936 re
387 2900 644 2951 objurgantem,
663 2916 731 2939 non
753 2911 819 2939 stet
834 2902 869 2939 in
884 2912 982 2954 parte
999 2906 1086 2942 tua?
1100 2907 1248 2945 Discede

270 2971 383 2998 sumta
396 2962 509 3012 precis
522 2962 693 3000 mercede.
708 2965 749 3001 In
767 2963 841 3001 aede
856 2964 1033 3004 dominica
1048 2967 1112 3005 hos
1128 2983 1247 3007 servos

267 3022 346 3058 aliis
369 3022 665 3061 benevolentiores
694 3023 910 3075 judicamus,
932 3026 993 3075 qui
1016 3028 1155 3066 nquum
1185 3042 1246 3068 vas

267 3090 366 3118 extra
387 3081 548 3119 ordinem
577 3083 694 3134 jacere
712 3083 843 3121 sinunt.
866 3084 904 3122 Si
924 3084 1061 3124 videres
1080 3088 1116 3124 in
1137 3088 1242 3127 domo

269 3156 327 3179 vas
341 3152 544 3193 argenteum
560 3153 688 3182 temere
699 3144 790 3181 foras
799 3146 1005 3196 projectum,
1017 3148 1155 3186 etiamsi
1173 3164 1241 3188 non

265 3217 354 3240 esses
373 3204 419 3241 ad
440 3204 507 3241 hoe
523 3204 712 3255 deputatus
732 3235 741 3253 ,
765 3208 882 3243 annon
909 3207 1002 3244 illud
1023 3208 1169 3248 domiun
1187 3226 1241 3248 re-

261 3265 396 3301 ferres?
417 3265 444 3301 si
466 3265 711 3304 vestimentum
729 3267 936 3318 projectum,
964 3269 1099 3308 etiamsi
1119 3285 1239 3311 curam

302 3405 313 3417 Ξ
333 3394 393 3425 Alli
414 3400 557 3435 θεμέλιον.

810 282 994 312 JOANMS
1030 277 1272 308 CHRYSOST.
1310 280 1513 310 ARCHIEP.
1552 283 1908 316 CONSTANTINOP-

1348 365 1544 413 σκευασθῇ,
1580 364 1657 402 τότε
1700 368 1851 405 κάκεῖνο.
1877 367 2001 410 Οὐδεὶς
2028 367 2138 406 οἰκίαν
2169 367 2364 419 εὐρύχωρον

1346 423 1483 472 πρῶτον
1510 422 1669 473 βούλεται
1687 430 1852 473 ποιῆσαι,
1873 428 1962 466 ἀλλὰ
1981 432 2117 481 πρῶτον
2139 427 2284 480 ἰσχυρὰν
2304 427 2364 465 καὶ

1347 481 1501 532 δόκιμον,
1520 484 1579 521 καὶ
1595 485 1672 523 τότε
1690 487 1881 539 εὐρύχωρον
1896 503 1903 512 ·
1918 490 2025 533 οὐδεὶς
2041 490 2162 540 βάλλει
2181 489 2364 539 ῧθεμέλια,

1345 541 1401 579 ἵνα
1452 547 1705 597 καταγελασθῇ.
1749 549 1894 600 Πρῶτον
1935 554 2035 587 τοῦτο
2079 552 2237 600 ζητῶμεν
2257 580 2267 598 ,
2304 548 2365 587 καὶ

1349 603 1427 641 τότε
1457 607 1577 644 ἐκεῖνο.
1606 608 1739 645 Τούτου
1775 609 1886 656 ὄντος,
1905 609 2044 648 εὔκολον
2071 613 2210 648 κάκεῖνο
2244 610 2364 648 ἔσται·

1349 664 1478 703 ἐκείνου
1494 665 1529 703 δὲ
1548 667 1609 704 οὐκ
1627 667 1733 714 ὄντος,
1756 674 1855 707 τοῦτο
1877 669 1940 707 κᾶν
1960 664 1982 721 ᾗ
1997 699 2006 717 ,
2027 670 2119 709 οὐδὲν
2133 671 2264 722 ὄφελος.
2281 670 2365 708 Ὀν-

1347 738 1416 760 των
1436 724 1497 774 μὲν
1517 723 1583 777 γὰρ
1599 728 1668 763 τῶν
1690 727 1887 777 δυναμένων
1914 730 1947 766 ἐν
1979 728 2176 781 Ἐκκλησία
2204 729 2364 780 λάμψαι,

1346 783 1481 834 ταχέως
1496 784 1594 823 ἔσται
1619 787 1678 824 καὶ
1709 790 1854 835 πλῆθος·
1883 789 2013 827 τούτων
2032 789 2066 826 δὲ
2099 791 2159 827 οὐκ
2187 789 2306 837 ὄντων,
2324 789 2366 826 τὸ

1346 846 1477 890 πλῆθος
1498 846 1660 885 οὐδέποτε
1681 848 1778 887 ἔσται
1805 849 1960 899 δόκιμον.
1979 849 2117 893 Πόσους
2135 849 2243 888 οἴεσθε
2263 852 2298 888 ἐν
2319 853 2362 901 τῇ

1345 904 1445 943 πόλει
1466 911 1508 957 τῇ
1538 909 1694 960 ἡμετέρᾳ
1725 904 1813 947 εἶναι
1841 910 1918 953 τοὺς
1940 910 2169 961 σωζομένους,
2187 910 2364 962 Ἔπαχθὲς

1346 965 1407 1014 μέν
1424 968 1528 1015 ἐστιν,
1545 968 1562 1004 ὃ
1577 970 1693 1019 μέλλω
1708 969 1820 1021 λέγειν
1833 986 1840 994 ·
1858 973 1925 1024 ἐρῶ
1942 970 1976 1008 δὲ
1992 971 2097 1021 ὅμως.
2117 972 2194 1009 Οὔκ
2216 969 2307 1009 ἔστιν
2327 972 2363 1008 ἐν

1344 1026 1525 1071 τοσαύταις
1555 1030 1716 1082 μυριάσιν
1749 1032 1869 1069 ἑκατὸν
1893 1034 2000 1082 εὑρεῖν
2027 1030 2104 1074 τοὺς
2131 1031 2361 1081 σωζομένους’

1346 1087 1434 1125 ἀλλὰ
1449 1088 1509 1125 καὶ
1527 1089 1613 1143 ὑπὲρ
1636 1091 1762 1129 τούτων
1792 1092 2014 1144 ἀμφισὸητῶ.
2037 1091 2137 1139 Πόση
2168 1091 2256 1145 γὰρ,
2286 1091 2362 1130 εἶπέ

1345 1164 1426 1198 μοι,
1451 1149 1558 1187 κακία
1577 1152 1611 1188 ἐν
1630 1158 1700 1195 τοῖς
1714 1151 1820 1199 νέοις,
1840 1153 1931 1199 πόση
1961 1152 2112 1206 ῥᾳθυμία
2145 1154 2179 1189 ἐν
2212 1159 2282 1196 τοῖς
2305 1169 2362 1204 γε-

1344 1210 1551 1261 γηρακόσιν,
1575 1213 1698 1256 Οὐδεὶς
1718 1215 1764 1255 ὡς
1789 1213 1857 1265 χρὴ
1879 1213 2078 1263 ἐπιμέλειαν
2099 1213 2172 1265 ἔχει
2198 1217 2257 1251 τοῦ
2283 1229 2363 1251 παι-

1346 1272 1400 1313 δὸς
1427 1277 1485 1310 τοῦ
1512 1275 1652 1310 ἑαυτοῦ·
1670 1275 1779 1318 οὐδεὶς
1813 1274 1886 1326 ἔχει
1918 1276 2019 1320 ζῆλον
2051 1275 2136 1326 πρὸς
2163 1274 2363 1325 πρεσὲύτην

1348 1331 1427 1369 ἰδὼν
1444 1333 1674 1383 μιμήσασθαι.
1691 1335 1748 1373 Τὰ
1765 1334 1947 1387 ἀρχέτυπα
1961 1335 2167 1386 ἠφάνισται·
2188 1334 2244 1372 διὰ
2262 1339 2364 1372 τοῦτο

1347 1393 1422 1431 οὐδὲ
1446 1397 1477 1431 οἱ
1494 1394 1562 1433 νέοι
1578 1394 1731 1446 γίνονται
1750 1395 1956 1446 θαυμαστοί.
1973 1395 2034 1441 Μή
2054 1411 2113 1445 μοι
2134 1397 2243 1433 ἐκεῖνο
2259 1395 2361 1446 λέγε,

1345 1452 1398 1491 ὅτι
1413 1456 1685 1507 πολυοχλοῧμεν.
1698 1458 1811 1494 Τοῦτο
1826 1457 1968 1508 ψυχρῶν
1986 1454 2175 1508 ἀνθρώπων
2194 1454 2286 1493 ἔστί·
2303 1456 2363 1494 καὶ

1345 1515 1402 1553 ἐπὶ
1425 1515 1488 1565 μὲν
1517 1516 1705 1568 ἀνθρώπων
1725 1517 1862 1559 εἰκότως
1883 1515 1921 1553 ἂν
1941 1520 2040 1554 τοῦτο
2071 1516 2222 1565 λέγοιτο,
2243 1517 2302 1554 ἐπὶ
2326 1515 2362 1554 δὲ

1344 1577 1434 1613 Θεοῦ
1454 1580 1513 1613 τοῦ
1528 1579 1565 1614 οὐ
1582 1578 1741 1627 δεομένου
1762 1579 1875 1626 ἡμῶν,
1890 1579 1950 1615 οὐκ
1969 1577 2031 1614 ἔτι.
2051 1576 2065 1589 ⁷
2100 1592 2133 1613 τι
2155 1576 2189 1614 δὲ
2215 1576 2272 1614 καὶ
2290 1578 2362 1614 ἐκεῖ

1343 1637 1474 1688 ψυχρόν
1492 1641 1564 1676 ἐστι
1583 1638 1622 1676 τὸ
1641 1641 1749 1689 ῥῆμα,
1770 1638 1927 1676 ἄκουσον.
1942 1637 1985 1676 Ὁ
1997 1636 2144 1681 πολλοὺς
2163 1637 2251 1689 ἔχων
2271 1637 2361 1675 οἰκέ-

1342 1714 1422 1744 τας,
1453 1698 1494 1736 ἂν
1529 1699 1794 1752 διεφθαρμένους
1829 1698 1950 1742 αὐτοὺς
1983 1699 2047 1750 ἔγῃ
2060 1728 2069 1743 ,
2102 1698 2166 1737 ὅσα
2202 1698 2360 1736 πείσεται

1343 1760 1456 1806 δεινοί,
1478 1760 1548 1797 Καὶ
1574 1760 1631 1798 ἐπὶ
1652 1760 1712 1810 μὲν
1731 1763 1790 1798 τοῦ
1820 1759 1951 1810 μηδένα
1980 1760 2118 1812 ἔχοντος
2138 1765 2236 1798 τοῦτο
2265 1760 2359 1797 δοκεῖ

1340 1814 1426 1857 εἶναι
1445 1821 1484 1858 τὸ
1506 1821 1627 1867 δεινὸν,
1647 1822 1699 1859 ὅτι
1718 1823 1782 1873 οὐχ
1797 1824 2020 1871 ὑπηρετεῖται
2034 1837 2042 1844 ·
2065 1820 2122 1858 ἐπὶ
2152 1820 2186 1858 δὲ
2201 1824 2260 1857 τοῦ
2280 1819 2359 1864 τοὺς

1337 1880 1506 1933 πονηροὺς
1537 1881 1691 1933 ἔχοντος,
1725 1882 1786 1919 καὶ
1824 1882 1943 1920 ἑαυτὸν
1976 1881 2241 1934 προσαπόλλυσι
2279 1884 2354 1931 μετ’

1335 1941 1487 1990 ἐκείνων,
1507 1943 1567 1981 καὶ
1585 1942 1708 1993 μείζων
1730 1947 1751 1989 ἡ
1771 1942 1892 1993 ζημία.
1913 1944 1985 1980 Τοῦ
2007 1941 2075 1994 γὰρ
2095 1945 2208 1994 ἑαυτῷ
2236 1943 2356 1980 διακο-

1332 2008 1401 2040 νεῖν
1426 2004 1546 2056 πολλῷ
1579 2003 1822 2056 χαλεπώτερον
1851 2003 1890 2041 τὸ
1925 2003 1983 2041 καὶ
2017 2003 2145 2054 ἑτέροις
2173 2002 2354 2041 πυκτεύειν

1331 2063 1390 2101 καὶ
1411 2064 1562 2114 πόλεμον
1593 2065 1838 2117 ἀναδέχεσθαι.
1861 2066 1986 2102 Ταῦτα
2004 2064 2118 2114 λέγω,
2146 2062 2203 2101 ἵνα
2225 2063 2273 2114 μή
2301 2080 2355 2107 τις

1330 2124 1391 2170 τὴν
1413 2125 1627 2172 Ἐκκλησίαν
1655 2126 1812 2177 θαυμάζῃ
1847 2125 1904 2163 διὰ
1934 2125 1974 2162 τὸ
2006 2127 2154 2170 πλῆθος,
2186 2126 2262 2162 ἀλλ’
2295 2123 2352 2162 ἵνα

1328 2186 1574 2236 σπουδάζωμεν
1598 2187 1681 2224 αὐτὸ
1702 2186 1842 2236 δόκιμον
1862 2185 2077 2237 ἐργάσασθαι
2091 2201 2099 2208 ·
2119 2184 2176 2222 ἵνα
2207 2184 2350 2228 ἕκαστος

1325 2249 1384 2282 τοῦ
1405 2246 1530 2283 οἰκείου
1557 2250 1685 2299 προνοῇ
1709 2246 1846 2296 μέλους,
1865 2247 1942 2297 οὐχὶ
1961 2249 2029 2284 τῶν
2046 2247 2164 2298 φίλων,
2183 2245 2257 2284 οὐδὲ
2276 2249 2346 2284 τῶν

1326 2309 1511 2357 συγγενῶν,
1530 2306 1616 2357 ὅπερ
1641 2307 1692 2344 ἀεὶ
1711 2306 1802 2357 λέγω
1815 2336 1824 2353 ,
1853 2306 1929 2344 οὐδὲ
1950 2310 2017 2343 τῶν
2050 2307 2213 2356 γειτόνων
2227 2323 2234 2330 ·
2256 2306 2347 2345 ἀλλὰ

1325 2366 1383 2404 καὶ
1401 2366 1491 2404 ὥστε
1509 2366 1585 2410 τοὺς
1604 2367 1714 2411 ξένους
1731 2367 1946 2418 ἐφέλκεσθαι.
1969 2360 2067 2411 Οἷον,
2087 2366 2171 2417 εὐχὴ
2192 2366 2344 2417 γίνεται,

1325 2434 1458 2465 κεῖνται
1473 2428 1600 2471 πάντες
1619 2428 1687 2466 νέοι
1712 2428 1839 2480 ψυχροὶ
1859 2427 1917 2464 καὶ
1937 2426 2111 2477 γέροντες·
2132 2427 2342 2479 καθάρματα

1327 2489 1456 2535 μᾶλλον
1473 2488 1495 2533 ἢ
1515 2488 1603 2535 νέοι,
1621 2490 1787 2540 γελῶντες
1799 2518 1808 2535 ,
1832 2488 2132 2538 ἀνακαγχάζοντες
2147 2515 2156 2532 ,
2178 2488 2341 2538 διαλεγό-

1327 2563 1422 2598 μενοι
1445 2548 1614 2600 (καὶγὰρ
1646 2549 1704 2586 καί
1734 2551 1834 2586 τοῦτο
1861 2548 1993 2593 ἤκουσα
2025 2547 2249 2598 γινόμενον),
2281 2546 2341 2584 καὶ

1325 2608 1493 2653 ἀλλήλους
1516 2608 1731 2651 σκώπτοντες
1755 2608 1811 2646 ἐπὶ
1829 2608 1958 2658 γόνατα
1976 2607 2146 2657 κείμενοι·
2168 2606 2208 2645 σὺ
2231 2607 2340 2658 παρέ-

1323 2683 1451 2714 στηκας
1464 2672 1481 2706 ὃ
1499 2668 1571 2711 νέος
1585 2668 1606 2714 ἢ
1618 2673 1635 2707 ὃ
1649 2669 1864 2720 πρεσὲύτης,
1880 2668 2079 2716 ἐπίπληξον,
2101 2668 2140 2705 ἂν
2161 2668 2237 2720 ἴδῃς
2248 2698 2258 2715 ,
2279 2669 2337 2719 ἐγ-

1321 2729 1467 2766 κοίλεσον
1494 2730 1716 2782 σφοδρότερον
1747 2732 1807 2767 οὐκ
1840 2729 2062 2781 ἀνεχόμενον,
2089 2728 2146 2766 τὸν
2182 2729 2338 2766 διάκονον

1321 2788 1481 2836 κάλεσον,
1508 2790 1707 2837 ἀπείλησον,
1736 2790 1780 2828 τὰ
1807 2790 1904 2841 παρὰ
1933 2793 2059 2827 σαυτοῦ
2088 2788 2255 2834 ποίησον·
2276 2788 2336 2826 καὶ

1321 2848 1378 2887 ἐὰν
1406 2850 1563 2901 τολμήσῃ
1583 2866 1617 2887 τι
1637 2852 1682 2892 εἷς
1703 2849 1740 2888 σὲ
1754 2850 1985 2902 ἐργάσασθαι,
2007 2849 2171 2892 ι’ποίντως
2189 2847 2337 2892 πολλοὺς

1320 2908 1405 2952 ἕξεις
1421 2909 1497 2953 τσὺς
1526 2910 1800 2961 συναιρομένους.
1815 2910 1879 2952 Τίς
1899 2909 1965 2961 γὰρ
1994 2909 2102 2951 οὕτως
2132 2908 2334 2960 ἀλόγιστος,

1318 2972 1364 3014 ὡς
1385 2970 1464 3008 ἰδών
1490 2986 1528 3008 σε
1553 2973 1765 3022 ἐγκαλοῦντα
1791 2970 1877 3023 ὓπὲρ
1898 2970 2060 3007 τοιούτων
2081 2970 2258 3014 κάκείνους
2276 2972 2333 3022 ἐγ-

1317 3032 1566 3081 καλουμένους,
1589 3031 1636 3081 μὴ
1655 3035 1716 3077 τῆς
1745 3035 1807 3077 σῆς
1828 3030 1983 3082 γενέσθαι
2013 3031 2166 3083 μερίδος,
2186 3030 2333 3069 Ἄπελθε

1316 3092 1432 3130 λαέὼν
1450 3093 1507 3130 τὸν
1544 3092 1663 3141 μισθὸν
1685 3091 1752 3128 ἀπὸ
1773 3094 1835 3136 τῆς
1866 3093 1978 3142 εὖχῆς.
1999 3092 2060 3129 Ἔν
2091 3092 2184 3144 οἰκία
2203 3093 2329 3130 δεσπο-

1315 3156 1394 3203 τικῇ
1417 3152 1555 3194 τούτους
1575 3151 1809 3204 εὐνουστέρους
1822 3155 1889 3189 τῶν
1909 3151 2034 3190 δούλων
2055 3152 2227 3204 κρίνομεν,
2241 3152 2329 3191 ὅσοι-

1315 3230 1380 3266 περ
1406 3214 1444 3250 ἂν
1477 3213 1582 3262 μηδὲν
1615 3216 1812 3265 παρορῶσιν
1843 3212 1998 3255 ἀτάκτως
2020 3212 2175 3263 κείμενον
2197 3218 2326 3256 σκεῦος.

1314 3274 1404 3313 Εἰπὲ
1426 3274 1467 3320 δή
1491 3290 1569 3324 μοι,
1592 3273 1631 3311 ἂν
1663 3274 1736 3324 ἴδῃς
1766 3275 1800 3311 ἐν
1828 3273 1919 3326 οἰκίᾳ
1949 3274 1988 3312 τὸ
2017 3274 2181 3327 ἀργύρεον
2210 3278 2327 3317 σκεῦος

1367 3406 1382 3428 b
1401 3404 1459 3435 Αἶῖῐ
1477 3410 1592 3442 πάντως
1609 3410 1719 3443 πάντας
1741 3410 1820 3445 ἕξεις.
