<?xml version="1.0" encoding="UTF-8"?>
<!DOCTYPE html PUBLIC "-//W3C//DTD XHTML 1.0 Transitional//EN"
    "http://www.w3.org/TR/xhtml1/DTD/xhtml1-transitional.dtd">
<html xmlns="http://www.w3.org/1999/xhtml" xml:lang="en" lang="en">
 <head>
  <title>
</title>
<meta http-equiv="Content-Type" content="text/html;charset=utf-8" />
  <meta name='ocr-system' content='tesseract 3.04.00' />
  <meta name='ocr-capabilities' content='ocr_page ocr_carea ocr_par ocr_line ocrx_word'/>
</head>
<body>
  <div class='ocr_page' id='page_1' title='image "./operaomniaquaeex09johnuoft/operaomniaquaeex09johnuoft_0342.png"; bbox 0 0 2502 3810; ppageno 0'>
   <div class='ocr_carea' id='block_1_1' title="bbox 107 1479 292 1545">
    <p class='ocr_par' dir='ltr' id='par_1_1' title="bbox 107 1479 292 1545">
     <span class='ocr_line' id='line_1_1' title="bbox 128 1479 292 1515; baseline 0.012 -11"><span class='ocrx_word' id='word_1_1' title='bbox 128 1479 207 1505; x_wconf 77' lang='lat' dir='ltr'>Plato</span> <span class='ocrx_word' id='word_1_2' title='bbox 223 1489 292 1515; x_wconf 50' lang='lat' dir='ltr'>opu*</span> 
     </span>
     <span class='ocr_line' id='line_1_2' title="bbox 107 1518 213 1545; baseline 0.019 -2"><span class='ocrx_word' id='word_1_3' title='bbox 107 1518 213 1545; x_wconf 69' lang='lat' dir='ltr'>lentus.</span> 
     </span>
    </p>
   </div>
   <div class='ocr_carea' id='block_1_2' title="bbox 102 1723 241 1752">
    <p class='ocr_par' dir='ltr' id='par_1_2' title="bbox 102 1723 241 1752">
     <span class='ocr_line' id='line_1_3' title="bbox 102 1723 241 1752; baseline 0.022 -3"><span class='ocrx_word' id='word_1_4' title='bbox 102 1723 241 1752; x_wconf 74' lang='lat' dir='ltr'>Socrates.</span> 
     </span>
    </p>
   </div>
   <div class='ocr_carea' id='block_1_3' title="bbox 106 2631 289 2713">
    <p class='ocr_par' dir='ltr' id='par_1_3' title="bbox 106 2631 289 2713">
     <span class='ocr_line' id='line_1_4' title="bbox 106 2631 289 2662; baseline -0.005 0"><span class='ocrx_word' id='word_1_5' title='bbox 106 2633 216 2662; x_wconf 75' lang='lat' dir='ltr'>Matllz.</span> <span class='ocrx_word' id='word_1_6' title='bbox 244 2631 289 2661; x_wconf 86' lang='lat'>16.</span> 
     </span>
     <span class='ocr_line' id='line_1_5' title="bbox 108 2683 154 2713; baseline 0.043 -11"><span class='ocrx_word' id='word_1_7' title='bbox 108 2683 154 2713; x_wconf 81' lang='lat'>¹9·</span> 
     </span>
    </p>
   </div>
   <div class='ocr_carea' id='block_1_4' title="bbox 105 2992 287 3030">
    <p class='ocr_par' dir='ltr' id='par_1_4' title="bbox 105 2992 287 3030">
     <span class='ocr_line' id='line_1_6' title="bbox 105 2992 287 3030; baseline -0.011 -7"><span class='ocrx_word' id='word_1_8' title='bbox 105 2992 176 3023; x_wconf 58' lang='lat' dir='ltr'>Ait.</span> <span class='ocrx_word' id='word_1_9' title='bbox 201 3003 244 3022; x_wconf 86' lang='lat'>10.</span> <span class='ocrx_word' id='word_1_10' title='bbox 259 2995 287 3030; x_wconf 74' lang='grc'>4.</span> 
     </span>
    </p>
   </div>
   <div class='ocr_carea' id='block_1_5' title="bbox 107 3114 286 3182">
    <p class='ocr_par' dir='ltr' id='par_1_5' title="bbox 107 3114 286 3182">
     <span class='ocr_line' id='line_1_7' title="bbox 107 3114 286 3182; baseline 0.011 -42"><span class='ocrx_word' id='word_1_11' title='bbox 107 3123 138 3182; x_wconf 63' lang='grc' dir='ltr'>ὲ.</span> <span class='ocrx_word' id='word_1_12' title='bbox 163 3115 240 3142; x_wconf 84' lang='lat' dir='ltr'>Tim.</span> <span class='ocrx_word' id='word_1_13' title='bbox 258 3114 286 3142; x_wconf 89' lang='lat'>5.</span> 
     </span>
    </p>
   </div>
   <div class='ocr_carea' id='block_1_6' title="bbox 326 240 350 282">
    <p class='ocr_par' dir='ltr' id='par_1_6' title="bbox 326 240 350 282">
     <span class='ocr_line' id='line_1_8' title="bbox 326 240 350 282; baseline 0 0"><span class='ocrx_word' id='word_1_14' title='bbox 326 240 350 282; x_wconf 78' lang='lat'>3</span> 
     </span>
    </p>
   </div>
   <div class='ocr_carea' id='block_1_7' title="bbox 773 260 808 282">
    <p class='ocr_par' dir='ltr' id='par_1_7' title="bbox 773 260 808 282">
     <span class='ocr_line' id='line_1_9' title="bbox 773 260 808 282; baseline 0.029 -1"><span class='ocrx_word' id='word_1_15' title='bbox 773 260 808 282; x_wconf 58' lang='lat' dir='ltr'>h.</span> 
     </span>
    </p>
   </div>
   <div class='ocr_carea' id='block_1_8' title="bbox 355 240 413 283">
    <p class='ocr_par' dir='ltr' id='par_1_8' title="bbox 355 240 413 283">
     <span class='ocr_line' id='line_1_10' title="bbox 355 240 413 283; baseline 0 0"><span class='ocrx_word' id='word_1_16' title='bbox 355 240 413 283; x_wconf 82' lang='grc'>08</span> 
     </span>
    </p>
   </div>
   <div class='ocr_carea' id='block_1_9' title="bbox 301 329 1349 3223">
    <p class='ocr_par' dir='ltr' id='par_1_9' title="bbox 302 329 1349 2187">
     <span class='ocr_line' id='line_1_11' title="bbox 323 329 1295 385; baseline -0.005 -14"><span class='ocrx_word' id='word_1_17' title='bbox 323 343 410 381; x_wconf 84' lang='lat' dir='ltr'>rent,</span> <span class='ocrx_word' id='word_1_18' title='bbox 421 335 499 385; x_wconf 85' lang='lat' dir='ltr'>jure</span> <span class='ocrx_word' id='word_1_19' title='bbox 515 334 593 383; x_wconf 83' lang='lat' dir='ltr'>quis</span> <span class='ocrx_word' id='word_1_20' title='bbox 612 334 676 369; x_wconf 89' lang='lat' dir='ltr'>hoc</span> <span class='ocrx_word' id='word_1_21' title='bbox 689 332 836 379; x_wconf 67' lang='lat' dir='ltr'>diceret,</span> <span class='ocrx_word' id='word_1_22' title='bbox 850 331 879 367; x_wconf 86' lang='lat' dir='ltr'>si</span> <span class='ocrx_word' id='word_1_23' title='bbox 892 344 975 367; x_wconf 70' lang='lat' dir='ltr'>vero</span> <span class='ocrx_word' id='word_1_24' title='bbox 990 329 1038 374; x_wconf 87' lang='lat' dir='ltr'>id,</span> <span class='ocrx_word' id='word_1_25' title='bbox 1053 329 1146 378; x_wconf 84' lang='lat' dir='ltr'>quod</span> <span class='ocrx_word' id='word_1_26' title='bbox 1167 329 1295 366; x_wconf 88' lang='lat' dir='ltr'>nollent</span> 
     </span>
     <span class='ocr_line' id='line_1_12' title="bbox 322 388 1294 444; baseline -0.002 -17"><span class='ocrx_word' id='word_1_27' title='bbox 322 393 523 444; x_wconf 60' lang='lat' dir='ltr'>philoffliplii</span> <span class='ocrx_word' id='word_1_28' title='bbox 539 392 684 437; x_wconf 88' lang='lat' dir='ltr'>discere,</span> <span class='ocrx_word' id='word_1_29' title='bbox 703 404 825 426; x_wconf 75' lang='lat' dir='ltr'>servus</span> <span class='ocrx_word' id='word_1_30' title='bbox 843 389 968 434; x_wconf 87' lang='lat' dir='ltr'>discat,</span> <span class='ocrx_word' id='word_1_31' title='bbox 986 388 1100 439; x_wconf 82' lang='lat' dir='ltr'>majus</span> <span class='ocrx_word' id='word_1_32' title='bbox 1119 388 1294 425; x_wconf 86' lang='lat' dir='ltr'>estmira-</span> 
     </span>
     <span class='ocr_line' id='line_1_13' title="bbox 323 448 1295 499; baseline -0.003 -11"><span class='ocrx_word' id='word_1_33' title='bbox 323 453 453 489; x_wconf 82' lang='lat' dir='ltr'>culum.</span> <span class='ocrx_word' id='word_1_34' title='bbox 467 452 511 488; x_wconf 77' lang='lat' dir='ltr'>Et</span> <span class='ocrx_word' id='word_1_35' title='bbox 531 451 559 487; x_wconf 75' lang='lat' dir='ltr'>si</span> <span class='ocrx_word' id='word_1_36' title='bbox 581 450 707 496; x_wconf 77' lang='lat' dir='ltr'>vultis,</span> <span class='ocrx_word' id='word_1_37' title='bbox 735 448 925 486; x_wconf 87' lang='lat' dir='ltr'>coriarium</span> <span class='ocrx_word' id='word_1_38' title='bbox 944 448 1060 499; x_wconf 88' lang='lat' dir='ltr'>ipsum</span> <span class='ocrx_word' id='word_1_39' title='bbox 1081 448 1115 484; x_wconf 89' lang='lat' dir='ltr'>in</span> <span class='ocrx_word' id='word_1_40' title='bbox 1140 448 1295 485; x_wconf 88' lang='lat' dir='ltr'>medium</span> 
     </span>
     <span class='ocr_line' id='line_1_14' title="bbox 319 508 1295 559; baseline -0.002 -12"><span class='ocrx_word' id='word_1_41' title='bbox 319 512 548 555; x_wconf 79' lang='lat' dir='ltr'>adducamus,</span> <span class='ocrx_word' id='word_1_42' title='bbox 561 519 593 546; x_wconf 91' lang='lat' dir='ltr'>et</span> <span class='ocrx_word' id='word_1_43' title='bbox 609 508 790 546; x_wconf 68' lang='lat' dir='ltr'>videamus</span> <span class='ocrx_word' id='word_1_44' title='bbox 799 508 888 558; x_wconf 90' lang='lat' dir='ltr'>quid</span> <span class='ocrx_word' id='word_1_45' title='bbox 900 508 965 559; x_wconf 88' lang='lat' dir='ltr'>ipsi</span> <span class='ocrx_word' id='word_1_46' title='bbox 977 509 1103 545; x_wconf 86' lang='lat' dir='ltr'>Petrus</span> <span class='ocrx_word' id='word_1_47' title='bbox 1110 508 1276 558; x_wconf 85' lang='lat' dir='ltr'>loquatur</span> <span class='ocrx_word' id='word_1_48' title='bbox 1283 524 1295 557; x_wconf 71' lang='lat'>3</span> 
     </span>
     <span class='ocr_line' id='line_1_15' title="bbox 318 567 1295 620; baseline -0.002 -14"><span class='ocrx_word' id='word_1_49' title='bbox 318 571 373 606; x_wconf 64' lang='lat' dir='ltr'>vel</span> <span class='ocrx_word' id='word_1_50' title='bbox 392 570 419 606; x_wconf 87' lang='lat' dir='ltr'>si</span> <span class='ocrx_word' id='word_1_51' title='bbox 440 571 561 620; x_wconf 85' lang='lat' dir='ltr'>placet,</span> <span class='ocrx_word' id='word_1_52' title='bbox 582 569 699 619; x_wconf 85' lang='lat' dir='ltr'>ipsum</span> <span class='ocrx_word' id='word_1_53' title='bbox 721 567 901 605; x_wconf 87' lang='lat' dir='ltr'>custodem</span> <span class='ocrx_word' id='word_1_54' title='bbox 917 567 1077 604; x_wconf 84' lang='lat' dir='ltr'>carceris.</span> <span class='ocrx_word' id='word_1_55' title='bbox 1096 567 1194 613; x_wconf 83' lang='lat' dir='ltr'><strong>Quid</strong></span> <span class='ocrx_word' id='word_1_56' title='bbox 1213 581 1295 619; x_wconf 83' lang='lat' dir='ltr'>ergo</span> 
     </span>
     <span class='ocr_line' id='line_1_16' title="bbox 316 625 1296 678; baseline 0.001 -16"><span class='ocrx_word' id='word_1_57' title='bbox 316 628 381 678; x_wconf 82' lang='lat' dir='ltr'>ipsi</span> <span class='ocrx_word' id='word_1_58' title='bbox 397 627 483 664; x_wconf 85' lang='lat' dir='ltr'>dicit</span> <span class='ocrx_word' id='word_1_59' title='bbox 495 626 651 663; x_wconf 69' lang='lat' dir='ltr'>Paulus?</span> <span class='ocrx_word' id='word_1_60' title='bbox 668 625 828 663; x_wconf 82' lang='lat' dir='ltr'>Christus</span> <span class='ocrx_word' id='word_1_61' title='bbox 842 625 1046 674; x_wconf 77' lang='lat' dir='ltr'>resurrexit,</span> <span class='ocrx_word' id='word_1_62' title='bbox 1068 634 1120 662; x_wconf 90' lang='lat' dir='ltr'>est</span> <span class='ocrx_word' id='word_1_63' title='bbox 1139 640 1296 663; x_wconf 86' lang='lat' dir='ltr'>resurre-</span> 
     </span>
     <span class='ocr_line' id='line_1_17' title="bbox 315 686 1297 738; baseline 0.002 -15"><span class='ocrx_word' id='word_1_64' title='bbox 315 688 382 724; x_wconf 87' lang='lat' dir='ltr'>ctio</span> <span class='ocrx_word' id='word_1_65' title='bbox 394 696 611 724; x_wconf 84' lang='lat' dir='ltr'>mortuorum</span> <span class='ocrx_word' id='word_1_66' title='bbox 623 696 652 724; x_wconf 87' lang='lat' dir='ltr'>et</span> <span class='ocrx_word' id='word_1_67' title='bbox 667 701 811 737; x_wconf 77' lang='lat' dir='ltr'>regnum</span> <span class='ocrx_word' id='word_1_68' title='bbox 822 702 832 735; x_wconf 82' lang='lat'><em>3</em></span> <span class='ocrx_word' id='word_1_69' title='bbox 845 695 878 724; x_wconf 85' lang='lat' dir='ltr'>et</span> <span class='ocrx_word' id='word_1_70' title='bbox 891 686 1297 738; x_wconf 74' lang='lat' dir='ltr'>statimpersuasitfacile</span> 
     </span>
     <span class='ocr_line' id='line_1_18' title="bbox 314 746 1295 797; baseline 0.001 -13"><span class='ocrx_word' id='word_1_71' title='bbox 314 747 480 784; x_wconf 84' lang='lat' dir='ltr'>credenti.</span> <span class='ocrx_word' id='word_1_72' title='bbox 501 747 599 793; x_wconf 83' lang='lat' dir='ltr'>Quid</span> <span class='ocrx_word' id='word_1_73' title='bbox 615 748 724 797; x_wconf 71' lang='lat' dir='ltr'>crgo?</span> <span class='ocrx_word' id='word_1_74' title='bbox 740 747 784 784; x_wconf 88' lang='lat' dir='ltr'>de</span> <span class='ocrx_word' id='word_1_75' title='bbox 799 746 872 785; x_wconf 70' lang='lat' dir='ltr'>vita</span> <span class='ocrx_word' id='word_1_76' title='bbox 894 747 984 784; x_wconf 86' lang='lat' dir='ltr'>nihil</span> <span class='ocrx_word' id='word_1_77' title='bbox 1001 746 1109 795; x_wconf 79' lang='lat' dir='ltr'>dixit,</span> <span class='ocrx_word' id='word_1_78' title='bbox 1128 747 1223 797; x_wconf 86' lang='lat' dir='ltr'>quod</span> <span class='ocrx_word' id='word_1_79' title='bbox 1242 762 1295 785; x_wconf 87' lang='lat' dir='ltr'>sa-</span> 
     </span>
     <span class='ocr_line' id='line_1_19' title="bbox 312 806 1295 858; baseline 0.002 -15"><span class='ocrx_word' id='word_1_80' title='bbox 312 821 394 857; x_wconf 86' lang='lat' dir='ltr'>pere</span> <span class='ocrx_word' id='word_1_81' title='bbox 405 816 576 858; x_wconf 77' lang='lat' dir='ltr'>oporteat,</span> <span class='ocrx_word' id='word_1_82' title='bbox 597 806 692 857; x_wconf 83' lang='lat' dir='ltr'>quod</span> <span class='ocrx_word' id='word_1_83' title='bbox 705 806 863 858; x_wconf 87' lang='lat' dir='ltr'>pecuniis</span> <span class='ocrx_word' id='word_1_84' title='bbox 882 806 1071 858; x_wconf 87' lang='lat' dir='ltr'>imperare,</span> <span class='ocrx_word' id='word_1_85' title='bbox 1100 806 1195 856; x_wconf 91' lang='lat' dir='ltr'>quod</span> <span class='ocrx_word' id='word_1_86' title='bbox 1225 821 1295 845; x_wconf 90' lang='lat' dir='ltr'>non</span> 
     </span>
     <span class='ocr_line' id='line_1_20' title="bbox 311 868 1295 919; baseline 0.002 -15"><span class='ocrx_word' id='word_1_87' title='bbox 311 882 384 905; x_wconf 80' lang='lat' dir='ltr'>esse</span> <span class='ocrx_word' id='word_1_88' title='bbox 401 869 434 904; x_wconf 83' lang='lat' dir='ltr'>iu</span> <span class='ocrx_word' id='word_1_89' title='bbox 448 868 645 905; x_wconf 82' lang='lat' dir='ltr'>humanum</span> <span class='ocrx_word' id='word_1_90' title='bbox 656 876 825 919; x_wconf 77' lang='lat' dir='ltr'>oporteat,</span> <span class='ocrx_word' id='word_1_91' title='bbox 840 868 1034 918; x_wconf 81' lang='lat' dir='ltr'>quodhona</span> <span class='ocrx_word' id='word_1_92' title='bbox 1047 881 1108 904; x_wconf 88' lang='lat' dir='ltr'>sua</span> <span class='ocrx_word' id='word_1_93' title='bbox 1117 868 1295 919; x_wconf 85' lang='lat' dir='ltr'>eroganda</span> 
     </span>
     <span class='ocr_line' id='line_1_21' title="bbox 311 927 1294 979; baseline 0.003 -16"><span class='ocrx_word' id='word_1_94' title='bbox 311 927 379 964; x_wconf 74' lang='lat' dir='ltr'>sint</span> <span class='ocrx_word' id='word_1_95' title='bbox 402 928 505 964; x_wconf 71' lang='lat' dir='ltr'>aliis?</span> <span class='ocrx_word' id='word_1_96' title='bbox 529 930 649 977; x_wconf 67' lang='lat' dir='ltr'>‘Neque</span> <span class='ocrx_word' id='word_1_97' title='bbox 668 927 761 965; x_wconf 87' lang='lat' dir='ltr'>enim</span> <span class='ocrx_word' id='word_1_98' title='bbox 789 928 865 965; x_wconf 77' lang='lat' dir='ltr'>haec</span> <span class='ocrx_word' id='word_1_99' title='bbox 885 927 1075 965; x_wconf 79' lang='lat' dir='ltr'>credidisse</span> <span class='ocrx_word' id='word_1_100' title='bbox 1096 927 1294 979; x_wconf 86' lang='lat' dir='ltr'>insipientis</span> 
     </span>
     <span class='ocr_line' id='line_1_22' title="bbox 310 986 1293 1039; baseline 0.003 -16"><span class='ocrx_word' id='word_1_101' title='bbox 310 996 382 1024; x_wconf 85' lang='lat' dir='ltr'>crat</span> <span class='ocrx_word' id='word_1_102' title='bbox 393 1017 405 1037; x_wconf 96' lang='lat'>,</span> <span class='ocrx_word' id='word_1_103' title='bbox 423 987 483 1024; x_wconf 80' lang='lat' dir='ltr'>sed</span> <span class='ocrx_word' id='word_1_104' title='bbox 500 988 617 1038; x_wconf 82' lang='lat' dir='ltr'>magni</span> <span class='ocrx_word' id='word_1_105' title='bbox 631 988 754 1026; x_wconf 88' lang='lat' dir='ltr'>animi.</span> <span class='ocrx_word' id='word_1_106' title='bbox 772 987 857 1025; x_wconf 87' lang='lat' dir='ltr'>Esto</span> <span class='ocrx_word' id='word_1_107' title='bbox 872 988 967 1025; x_wconf 89' lang='lat' dir='ltr'>enim</span> <span class='ocrx_word' id='word_1_108' title='bbox 981 987 1050 1039; x_wconf 89' lang='lat' dir='ltr'>ipsi</span> <span class='ocrx_word' id='word_1_109' title='bbox 1066 986 1233 1038; x_wconf 82' lang='lat' dir='ltr'><strong>dogmata</strong></span> <span class='ocrx_word' id='word_1_110' title='bbox 1247 1002 1293 1026; x_wconf 68' lang='lat' dir='ltr'>ex</span> 
     </span>
     <span class='ocr_line' id='line_1_23' title="bbox 309 1047 1291 1099; baseline 0.002 -16"><span class='ocrx_word' id='word_1_111' title='bbox 309 1047 509 1098; x_wconf 86' lang='lat' dir='ltr'>insipientia</span> <span class='ocrx_word' id='word_1_112' title='bbox 529 1048 724 1099; x_wconf 83' lang='lat' dir='ltr'>acceperint</span> <span class='ocrx_word' id='word_1_113' title='bbox 734 1063 746 1098; x_wconf 79' lang='lat'>3</span> <span class='ocrx_word' id='word_1_114' title='bbox 765 1047 877 1085; x_wconf 80' lang='lat' dir='ltr'>vitam</span> <span class='ocrx_word' id='word_1_115' title='bbox 890 1048 989 1085; x_wconf 85' lang='lat' dir='ltr'>illam</span> <span class='ocrx_word' id='word_1_116' title='bbox 1007 1047 1291 1099; x_wconf 82' lang='lat' dir='ltr'>philosophicam</span> 
     </span>
     <span class='ocr_line' id='line_1_24' title="bbox 308 1107 1349 1170; baseline 0.002 -27"><span class='ocrx_word' id='word_1_117' title='bbox 308 1107 495 1158; x_wconf 87' lang='lat' dir='ltr'>suscipere,</span> <span class='ocrx_word' id='word_1_118' title='bbox 504 1122 545 1144; x_wconf 79' lang='lat' dir='ltr'>an</span> <span class='ocrx_word' id='word_1_119' title='bbox 561 1107 757 1158; x_wconf 86' lang='lat' dir='ltr'>insipientis</span> <span class='ocrx_word' id='word_1_120' title='bbox 771 1116 858 1145; x_wconf 88' lang='lat' dir='ltr'>esset</span> <span class='ocrx_word' id='word_1_121' title='bbox 869 1107 885 1144; x_wconf 68' lang='grc' dir='ltr'>ἶ)</span> <span class='ocrx_word' id='word_1_122' title='bbox 896 1108 1019 1157; x_wconf 86' lang='lat' dir='ltr'>Itaque</span> <span class='ocrx_word' id='word_1_123' title='bbox 1031 1117 1163 1157; x_wconf 83' lang='lat' dir='ltr'>quanto</span> <span class='ocrx_word' id='word_1_124' title='bbox 1177 1107 1291 1159; x_wconf 85' lang='lat' dir='ltr'>magis</span> <span class='ocrx_word' id='word_1_125' title='bbox 1300 1147 1349 1170; x_wconf 67' lang='lat'>273</span> 
     </span>
     <span class='ocr_line' id='line_1_25' title="bbox 307 1167 1339 1219; baseline 0.002 -16"><span class='ocrx_word' id='word_1_126' title='bbox 307 1167 476 1219; x_wconf 82' lang='lat' dir='ltr'>insipiens</span> <span class='ocrx_word' id='word_1_127' title='bbox 486 1177 571 1205; x_wconf 85' lang='lat' dir='ltr'>esset</span> <span class='ocrx_word' id='word_1_128' title='bbox 588 1168 647 1218; x_wconf 84' lang='lat' dir='ltr'>qui</span> <span class='ocrx_word' id='word_1_129' title='bbox 662 1168 940 1219; x_wconf 83' lang='lat' dir='ltr'>obtemperaret,</span> <span class='ocrx_word' id='word_1_130' title='bbox 956 1176 990 1205; x_wconf 90' lang='lat' dir='ltr'>et</span> <span class='ocrx_word' id='word_1_131' title='bbox 1003 1176 1119 1205; x_wconf 84' lang='lat' dir='ltr'>tamen</span> <span class='ocrx_word' id='word_1_132' title='bbox 1133 1182 1172 1205; x_wconf 82' lang='lat' dir='ltr'>ea</span> <span class='ocrx_word' id='word_1_133' title='bbox 1183 1169 1290 1206; x_wconf 87' lang='lat' dir='ltr'>susci·</span> <span class='ocrx_word' id='word_1_134' title='bbox 1313 1184 1339 1212; x_wconf 71' lang='grc' dir='ltr'>Α</span> 
     </span>
     <span class='ocr_line' id='line_1_26' title="bbox 306 1228 1289 1280; baseline 0.006 -19"><span class='ocrx_word' id='word_1_135' title='bbox 306 1237 423 1278; x_wconf 68' lang='lat' dir='ltr'>peret,</span> <span class='ocrx_word' id='word_1_136' title='bbox 444 1243 521 1278; x_wconf 69' lang='lat' dir='ltr'>&lt;1²1ae</span> <span class='ocrx_word' id='word_1_137' title='bbox 535 1228 756 1280; x_wconf 86' lang='lat' dir='ltr'>philosophis</span> <span class='ocrx_word' id='word_1_138' title='bbox 769 1228 978 1280; x_wconf 87' lang='lat' dir='ltr'>persuadere</span> <span class='ocrx_word' id='word_1_139' title='bbox 998 1228 1201 1280; x_wconf 84' lang='lat' dir='ltr'>philosophi</span> <span class='ocrx_word' id='word_1_140' title='bbox 1221 1243 1289 1267; x_wconf 91' lang='lat' dir='ltr'>non</span> 
     </span>
     <span class='ocr_line' id='line_1_27' title="bbox 307 1289 1290 1341; baseline 0.004 -18"><span class='ocrx_word' id='word_1_141' title='bbox 307 1299 457 1339; x_wconf 78' lang='lat' dir='ltr'>possent,</span> <span class='ocrx_word' id='word_1_142' title='bbox 470 1290 582 1341; x_wconf 84' lang='lat' dir='ltr'>majus</span> <span class='ocrx_word' id='word_1_143' title='bbox 596 1298 682 1326; x_wconf 84' lang='lat' dir='ltr'>esset</span> <span class='ocrx_word' id='word_1_144' title='bbox 696 1289 928 1326; x_wconf 87' lang='lat' dir='ltr'>miraculum:</span> <span class='ocrx_word' id='word_1_145' title='bbox 943 1289 1097 1327; x_wconf 81' lang='lat' dir='ltr'>maxime</span> <span class='ocrx_word' id='word_1_146' title='bbox 1113 1303 1194 1328; x_wconf 79' lang='lat' dir='ltr'>vero</span> <span class='ocrx_word' id='word_1_147' title='bbox 1210 1304 1290 1327; x_wconf 90' lang='lat' dir='ltr'>cum</span> 
     </span>
     <span class='ocr_line' id='line_1_28' title="bbox 307 1351 1290 1404; baseline 0.003 -16"><span class='ocrx_word' id='word_1_148' title='bbox 307 1352 472 1390; x_wconf 84' lang='lat' dir='ltr'>mulieres</span> <span class='ocrx_word' id='word_1_149' title='bbox 491 1361 523 1390; x_wconf 91' lang='lat' dir='ltr'>ct</span> <span class='ocrx_word' id='word_1_150' title='bbox 544 1352 637 1389; x_wconf 70' lang='lat' dir='ltr'>servi</span> <span class='ocrx_word' id='word_1_151' title='bbox 660 1351 928 1403; x_wconf 78' lang='lat' dir='ltr'>persuadentur,</span> <span class='ocrx_word' id='word_1_152' title='bbox 948 1361 981 1389; x_wconf 87' lang='lat' dir='ltr'>ct</span> <span class='ocrx_word' id='word_1_153' title='bbox 1001 1365 1062 1404; x_wconf 89' lang='lat' dir='ltr'>per</span> <span class='ocrx_word' id='word_1_154' title='bbox 1081 1366 1187 1403; x_wconf 86' lang='lat' dir='ltr'>opera</span> <span class='ocrx_word' id='word_1_155' title='bbox 1215 1352 1290 1391; x_wconf 69' lang='lat' dir='ltr'>licec</span> 
     </span>
     <span class='ocr_line' id='line_1_29' title="bbox 307 1412 1289 1464; baseline 0.002 -16"><span class='ocrx_word' id='word_1_156' title='bbox 307 1412 488 1461; x_wconf 76' lang='lat' dir='ltr'>exhibent,</span> <span class='ocrx_word' id='word_1_157' title='bbox 501 1427 577 1464; x_wconf 82' lang='lat' dir='ltr'>quae</span> <span class='ocrx_word' id='word_1_158' title='bbox 594 1427 656 1450; x_wconf 87' lang='lat' dir='ltr'>nec</span> <span class='ocrx_word' id='word_1_159' title='bbox 671 1413 833 1450; x_wconf 83' lang='lat' dir='ltr'>Platones</span> <span class='ocrx_word' id='word_1_160' title='bbox 847 1427 910 1461; x_wconf 85' lang='lat' dir='ltr'>nec</span> <span class='ocrx_word' id='word_1_161' title='bbox 922 1412 984 1449; x_wconf 87' lang='lat' dir='ltr'>alii</span> <span class='ocrx_word' id='word_1_162' title='bbox 999 1426 1119 1449; x_wconf 86' lang='lat' dir='ltr'>omnes</span> <span class='ocrx_word' id='word_1_163' title='bbox 1133 1412 1196 1448; x_wconf 85' lang='lat' dir='ltr'>ulli</span> <span class='ocrx_word' id='word_1_164' title='bbox 1211 1427 1289 1464; x_wconf 90' lang='lat' dir='ltr'>per-</span> 
     </span>
     <span class='ocr_line' id='line_1_30' title="bbox 307 1472 1289 1524; baseline 0 -15"><span class='ocrx_word' id='word_1_165' title='bbox 307 1472 453 1509; x_wconf 70' lang='lat' dir='ltr'>suadere</span> <span class='ocrx_word' id='word_1_166' title='bbox 463 1481 668 1524; x_wconf 84' lang='lat' dir='ltr'>potuerunt.</span> <span class='ocrx_word' id='word_1_167' title='bbox 688 1473 735 1510; x_wconf 87' lang='lat' dir='ltr'>Et</span> <span class='ocrx_word' id='word_1_168' title='bbox 750 1487 812 1509; x_wconf 84' lang='lat' dir='ltr'>cur</span> <span class='ocrx_word' id='word_1_169' title='bbox 828 1472 916 1510; x_wconf 91' lang='lat' dir='ltr'>nulli</span> <span class='ocrx_word' id='word_1_170' title='bbox 929 1472 1034 1509; x_wconf 71' lang='lat' dir='ltr'>dico?</span> <span class='ocrx_word' id='word_1_171' title='bbox 1050 1474 1081 1509; x_wconf 82' lang='lat' dir='ltr'>N</span> <span class='ocrx_word' id='word_1_172' title='bbox 1085 1486 1103 1509; x_wconf 91' lang='lat' dir='ltr'>e</span> <span class='ocrx_word' id='word_1_173' title='bbox 1117 1472 1184 1509; x_wconf 83' lang='lat' dir='ltr'>sibi</span> <span class='ocrx_word' id='word_1_174' title='bbox 1203 1472 1289 1524; x_wconf 83' lang='lat' dir='ltr'>ipsis</span> 
     </span>
     <span class='ocr_line' id='line_1_31' title="bbox 307 1532 1288 1584; baseline 0.002 -16"><span class='ocrx_word' id='word_1_175' title='bbox 307 1533 560 1583; x_wconf 76' lang='lat' dir='ltr'>quidemNam</span> <span class='ocrx_word' id='word_1_176' title='bbox 574 1534 674 1571; x_wconf 84' lang='lat' dir='ltr'>Plato</span> <span class='ocrx_word' id='word_1_177' title='bbox 688 1533 831 1584; x_wconf 87' lang='lat' dir='ltr'>quidem</span> <span class='ocrx_word' id='word_1_178' title='bbox 848 1533 1017 1584; x_wconf 76' lang='lat' dir='ltr'>persuasit</span> <span class='ocrx_word' id='word_1_179' title='bbox 1032 1532 1199 1583; x_wconf 87' lang='lat' dir='ltr'>pecunias</span> <span class='ocrx_word' id='word_1_180' title='bbox 1219 1546 1288 1570; x_wconf 91' lang='lat' dir='ltr'>non</span> 
     </span>
     <span class='ocr_line' id='line_1_32' title="bbox 306 1593 1288 1643; baseline -0.002 -13"><span class='ocrx_word' id='word_1_181' title='bbox 306 1606 378 1630; x_wconf 85' lang='lat' dir='ltr'>esse</span> <span class='ocrx_word' id='word_1_182' title='bbox 403 1593 684 1637; x_wconf 79' lang='lat' dir='ltr'>contemnendas,</span> <span class='ocrx_word' id='word_1_183' title='bbox 713 1593 774 1643; x_wconf 89' lang='lat' dir='ltr'>qui</span> <span class='ocrx_word' id='word_1_184' title='bbox 796 1602 909 1630; x_wconf 87' lang='lat' dir='ltr'>tantas</span> <span class='ocrx_word' id='word_1_185' title='bbox 929 1593 1110 1629; x_wconf 81' lang='lat' dir='ltr'>facultates</span> <span class='ocrx_word' id='word_1_186' title='bbox 1143 1601 1177 1628; x_wconf 89' lang='lat' dir='ltr'>et</span> <span class='ocrx_word' id='word_1_187' title='bbox 1206 1606 1288 1643; x_wconf 89' lang='lat' dir='ltr'>opes</span> 
     </span>
     <span class='ocr_line' id='line_1_33' title="bbox 306 1650 1287 1704; baseline 0.002 -16"><span class='ocrx_word' id='word_1_188' title='bbox 306 1653 523 1703; x_wconf 82' lang='lat' dir='ltr'>annulosque</span> <span class='ocrx_word' id='word_1_189' title='bbox 541 1667 663 1690; x_wconf 86' lang='lat' dir='ltr'>aureos</span> <span class='ocrx_word' id='word_1_190' title='bbox 685 1662 718 1690; x_wconf 88' lang='lat' dir='ltr'>et</span> <span class='ocrx_word' id='word_1_191' title='bbox 735 1653 874 1704; x_wconf 88' lang='lat' dir='ltr'>phialas</span> <span class='ocrx_word' id='word_1_192' title='bbox 887 1651 1053 1703; x_wconf 85' lang='lat' dir='ltr'>possedit.</span> <span class='ocrx_word' id='word_1_193' title='bbox 1079 1650 1184 1697; x_wconf 86' lang='lat' dir='ltr'>Quod</span> <span class='ocrx_word' id='word_1_194' title='bbox 1204 1666 1287 1690; x_wconf 72' lang='lat' dir='ltr'>vero</span> 
     </span>
     <span class='ocr_line' id='line_1_34' title="bbox 305 1713 1286 1764; baseline -0.001 -14"><span class='ocrx_word' id='word_1_195' title='bbox 305 1713 454 1763; x_wconf 80' lang='lat' dir='ltr'>gloriam</span> <span class='ocrx_word' id='word_1_196' title='bbox 470 1713 675 1764; x_wconf 86' lang='lat' dir='ltr'>popularem</span> <span class='ocrx_word' id='word_1_197' title='bbox 690 1713 868 1764; x_wconf 83' lang='lat' dir='ltr'>despicere</span> <span class='ocrx_word' id='word_1_198' title='bbox 877 1726 945 1749; x_wconf 92' lang='lat' dir='ltr'>non</span> <span class='ocrx_word' id='word_1_199' title='bbox 957 1720 1143 1763; x_wconf 86' lang='lat' dir='ltr'>oporteret,</span> <span class='ocrx_word' id='word_1_200' title='bbox 1162 1713 1286 1750; x_wconf 86' lang='lat' dir='ltr'>Socra·</span> 
     </span>
     <span class='ocr_line' id='line_1_35' title="bbox 306 1771 1286 1824; baseline -0.001 -15"><span class='ocrx_word' id='word_1_201' title='bbox 306 1782 353 1809; x_wconf 91' lang='lat' dir='ltr'>tes</span> <span class='ocrx_word' id='word_1_202' title='bbox 375 1772 462 1824; x_wconf 88' lang='lat' dir='ltr'>ipse,</span> <span class='ocrx_word' id='word_1_203' title='bbox 479 1773 540 1822; x_wconf 90' lang='lat' dir='ltr'>qui</span> <span class='ocrx_word' id='word_1_204' title='bbox 565 1781 741 1823; x_wconf 81' lang='lat' dir='ltr'>tantopere</span> <span class='ocrx_word' id='word_1_205' title='bbox 759 1772 1092 1823; x_wconf 84' lang='lat' dir='ltr'>philosophabatur,</span> <span class='ocrx_word' id='word_1_206' title='bbox 1122 1771 1286 1821; x_wconf 87' lang='lat' dir='ltr'>ostendit,</span> 
     </span>
     <span class='ocr_line' id='line_1_36' title="bbox 304 1832 1285 1884; baseline 0.002 -16"><span class='ocrx_word' id='word_1_207' title='bbox 304 1832 364 1882; x_wconf 88' lang='lat' dir='ltr'>qui</span> <span class='ocrx_word' id='word_1_208' title='bbox 381 1833 498 1870; x_wconf 85' lang='lat' dir='ltr'>omnia</span> <span class='ocrx_word' id='word_1_209' title='bbox 513 1832 558 1870; x_wconf 87' lang='lat' dir='ltr'>ad</span> <span class='ocrx_word' id='word_1_210' title='bbox 570 1832 718 1884; x_wconf 80' lang='lat' dir='ltr'>gloriam</span> <span class='ocrx_word' id='word_1_211' title='bbox 731 1832 893 1869; x_wconf 85' lang='lat' dir='ltr'>faciebat.</span> <span class='ocrx_word' id='word_1_212' title='bbox 914 1832 961 1869; x_wconf 89' lang='lat' dir='ltr'>Et</span> <span class='ocrx_word' id='word_1_213' title='bbox 974 1832 1003 1869; x_wconf 90' lang='lat' dir='ltr'>si</span> <span class='ocrx_word' id='word_1_214' title='bbox 1021 1832 1168 1882; x_wconf 89' lang='lat' dir='ltr'>quidem</span> <span class='ocrx_word' id='word_1_215' title='bbox 1187 1832 1285 1870; x_wconf 86' lang='lat' dir='ltr'>illius</span> 
     </span>
     <span class='ocr_line' id='line_1_37' title="bbox 303 1893 1284 1946; baseline 0.002 -16"><span class='ocrx_word' id='word_1_216' title='bbox 303 1894 552 1932; x_wconf 87' lang='lat' dir='ltr'>sententiarum</span> <span class='ocrx_word' id='word_1_217' title='bbox 572 1895 677 1946; x_wconf 85' lang='lat' dir='ltr'>periti</span> <span class='ocrx_word' id='word_1_218' title='bbox 703 1894 836 1943; x_wconf 85' lang='lat' dir='ltr'>essetis,</span> <span class='ocrx_word' id='word_1_219' title='bbox 865 1893 1020 1931; x_wconf 89' lang='lat' dir='ltr'>multum</span> <span class='ocrx_word' id='word_1_220' title='bbox 1045 1894 1100 1932; x_wconf 86' lang='lat' dir='ltr'>his</span> <span class='ocrx_word' id='word_1_221' title='bbox 1116 1894 1161 1932; x_wconf 90' lang='lat' dir='ltr'>de</span> <span class='ocrx_word' id='word_1_222' title='bbox 1179 1894 1284 1932; x_wconf 85' lang='lat' dir='ltr'>rebus</span> 
     </span>
     <span class='ocr_line' id='line_1_38' title="bbox 303 1954 1283 2007; baseline 0.003 -17"><span class='ocrx_word' id='word_1_223' title='bbox 303 1968 497 1993; x_wconf 83' lang='lat' dir='ltr'>sermonem</span> <span class='ocrx_word' id='word_1_224' title='bbox 514 1969 703 2002; x_wconf 77' lang='lat' dir='ltr'>moverem,</span> <span class='ocrx_word' id='word_1_225' title='bbox 717 1954 1007 2004; x_wconf 86' lang='lat' dir='ltr'>ostenderemque</span> <span class='ocrx_word' id='word_1_226' title='bbox 1023 1954 1173 1992; x_wconf 88' lang='lat' dir='ltr'>multam</span> <span class='ocrx_word' id='word_1_227' title='bbox 1185 1955 1283 2007; x_wconf 88' lang='lat' dir='ltr'>apud</span> 
     </span>
     <span class='ocr_line' id='line_1_39' title="bbox 302 2013 1283 2066; baseline 0.003 -16"><span class='ocrx_word' id='word_1_228' title='bbox 302 2014 381 2052; x_wconf 85' lang='lat' dir='ltr'>illos</span> <span class='ocrx_word' id='word_1_229' title='bbox 401 2029 473 2052; x_wconf 86' lang='lat' dir='ltr'>esse</span> <span class='ocrx_word' id='word_1_230' title='bbox 491 2015 652 2063; x_wconf 85' lang='lat' dir='ltr'>ironiam,</span> <span class='ocrx_word' id='word_1_231' title='bbox 673 2015 701 2051; x_wconf 88' lang='lat' dir='ltr'>si</span> <span class='ocrx_word' id='word_1_232' title='bbox 722 2014 866 2064; x_wconf 86' lang='lat' dir='ltr'>quidem</span> <span class='ocrx_word' id='word_1_233' title='bbox 885 2013 1055 2065; x_wconf 87' lang='lat' dir='ltr'>discipuli</span> <span class='ocrx_word' id='word_1_234' title='bbox 1077 2015 1153 2066; x_wconf 88' lang='lat' dir='ltr'>ejus</span> <span class='ocrx_word' id='word_1_235' title='bbox 1176 2014 1283 2053; x_wconf 85' lang='lat' dir='ltr'>dictis</span> 
     </span>
     <span class='ocr_line' id='line_1_40' title="bbox 302 2075 1282 2126; baseline 0.003 -15"><span class='ocrx_word' id='word_1_236' title='bbox 302 2075 441 2113; x_wconf 86' lang='lat' dir='ltr'>credere</span> <span class='ocrx_word' id='word_1_237' title='bbox 461 2077 513 2113; x_wconf 85' lang='lat' dir='ltr'>fas</span> <span class='ocrx_word' id='word_1_238' title='bbox 539 2076 603 2119; x_wconf 86' lang='lat' dir='ltr'>sit;</span> <span class='ocrx_word' id='word_1_239' title='bbox 621 2085 654 2112; x_wconf 85' lang='lat' dir='ltr'>et</span> <span class='ocrx_word' id='word_1_240' title='bbox 670 2075 845 2125; x_wconf 86' lang='lat' dir='ltr'>quomodo</span> <span class='ocrx_word' id='word_1_241' title='bbox 868 2089 887 2112; x_wconf 88' lang='lat' dir='ltr'>a</span> <span class='ocrx_word' id='word_1_242' title='bbox 913 2088 1002 2113; x_wconf 74' lang='lat' dir='ltr'>vana</span> <span class='ocrx_word' id='word_1_243' title='bbox 1033 2075 1146 2126; x_wconf 84' lang='lat' dir='ltr'>gloria</span> <span class='ocrx_word' id='word_1_244' title='bbox 1162 2089 1282 2114; x_wconf 85' lang='lat' dir='ltr'>omnes</span> 
     </span>
     <span class='ocr_line' id='line_1_41' title="bbox 303 2136 945 2187; baseline -0.002 -15"><span class='ocrx_word' id='word_1_245' title='bbox 303 2136 377 2186; x_wconf 86' lang='lat' dir='ltr'>ejus</span> <span class='ocrx_word' id='word_1_246' title='bbox 389 2137 499 2174; x_wconf 82' lang='lat' dir='ltr'>literae</span> <span class='ocrx_word' id='word_1_247' title='bbox 521 2145 767 2187; x_wconf 83' lang='lat' dir='ltr'>argumentum</span> <span class='ocrx_word' id='word_1_248' title='bbox 782 2136 945 2172; x_wconf 86' lang='lat' dir='ltr'>habeant.</span> 
     </span>
    </p>

    <p class='ocr_par' dir='ltr' id='par_1_10' title="bbox 301 2200 1320 3223">
     <span class='ocr_line' id='line_1_42' title="bbox 357 2200 1282 2251; baseline 0.001 -12"><span class='ocrx_word' id='word_1_249' title='bbox 357 2203 393 2238; x_wconf 88' lang='grc'>5.</span> <span class='ocrx_word' id='word_1_250' title='bbox 414 2201 486 2239; x_wconf 88' lang='lat' dir='ltr'>Sed</span> <span class='ocrx_word' id='word_1_251' title='bbox 505 2201 620 2239; x_wconf 81' lang='lat' dir='ltr'>missis</span> <span class='ocrx_word' id='word_1_252' title='bbox 639 2201 724 2250; x_wconf 90' lang='lat' dir='ltr'>illis,</span> <span class='ocrx_word' id='word_1_253' title='bbox 743 2200 845 2237; x_wconf 85' lang='lat' dir='ltr'>nobis</span> <span class='ocrx_word' id='word_1_254' title='bbox 865 2200 950 2251; x_wconf 87' lang='lat' dir='ltr'>ipsis</span> <span class='ocrx_word' id='word_1_255' title='bbox 968 2201 1168 2250; x_wconf 85' lang='lat' dir='ltr'>loquamur.</span> <span class='ocrx_word' id='word_1_256' title='bbox 1191 2203 1282 2240; x_wconf 79' lang='lat' dir='ltr'>Nam</span> 
     </span>
     <span class='ocr_line' id='line_1_43' title="bbox 307 2260 1282 2313; baseline 0 -14"><span class='ocrx_word' id='word_1_257' title='bbox 307 2276 413 2313; x_wconf 88' lang='lat' dir='ltr'>supra</span> <span class='ocrx_word' id='word_1_258' title='bbox 421 2262 526 2298; x_wconf 85' lang='lat' dir='ltr'>dictis</span> <span class='ocrx_word' id='word_1_259' title='bbox 541 2262 606 2299; x_wconf 83' lang='lat' dir='ltr'>hoc</span> <span class='ocrx_word' id='word_1_260' title='bbox 623 2275 761 2311; x_wconf 85' lang='lat' dir='ltr'>quoque</span> <span class='ocrx_word' id='word_1_261' title='bbox 780 2260 998 2307; x_wconf 81' lang='lat' dir='ltr'>addendum,</span> <span class='ocrx_word' id='word_1_262' title='bbox 1011 2260 1107 2310; x_wconf 87' lang='lat' dir='ltr'>quod</span> <span class='ocrx_word' id='word_1_263' title='bbox 1123 2275 1203 2298; x_wconf 87' lang='lat' dir='ltr'>cum</span> <span class='ocrx_word' id='word_1_264' title='bbox 1218 2275 1282 2299; x_wconf 87' lang='lat' dir='ltr'>suo</span> 
     </span>
     <span class='ocr_line' id='line_1_44' title="bbox 304 2321 1281 2374; baseline 0.001 -15"><span class='ocrx_word' id='word_1_265' title='bbox 304 2322 460 2374; x_wconf 85' lang='lat' dir='ltr'>periculo</span> <span class='ocrx_word' id='word_1_266' title='bbox 481 2322 536 2359; x_wconf 88' lang='lat' dir='ltr'>his</span> <span class='ocrx_word' id='word_1_267' title='bbox 563 2323 857 2373; x_wconf 84' lang='lat' dir='ltr'>obtemperarent.</span> <span class='ocrx_word' id='word_1_268' title='bbox 884 2323 935 2359; x_wconf 91' lang='lat' dir='ltr'>Ne</span> <span class='ocrx_word' id='word_1_269' title='bbox 954 2321 1064 2372; x_wconf 82' lang='lat' dir='ltr'>igitur</span> <span class='ocrx_word' id='word_1_270' title='bbox 1093 2322 1281 2373; x_wconf 88' lang='lat' dir='ltr'>impudens</span> 
     </span>
     <span class='ocr_line' id='line_1_45' title="bbox 304 2382 1279 2434; baseline 0 -14"><span class='ocrx_word' id='word_1_271' title='bbox 304 2383 364 2430; x_wconf 85' lang='lat' dir='ltr'>sis,</span> <span class='ocrx_word' id='word_1_272' title='bbox 376 2383 435 2420; x_wconf 88' lang='lat' dir='ltr'>sed</span> <span class='ocrx_word' id='word_1_273' title='bbox 451 2383 642 2433; x_wconf 77' lang='lat' dir='ltr'>cogitemus</span> <span class='ocrx_word' id='word_1_274' title='bbox 662 2382 763 2419; x_wconf 88' lang='lat' dir='ltr'>illam</span> <span class='ocrx_word' id='word_1_275' title='bbox 782 2390 930 2429; x_wconf 89' lang='lat' dir='ltr'>noctem,</span> <span class='ocrx_word' id='word_1_276' title='bbox 942 2382 1093 2432; x_wconf 83' lang='lat' dir='ltr'>lignum,</span> <span class='ocrx_word' id='word_1_277' title='bbox 1110 2383 1279 2434; x_wconf 73' lang='lat' dir='ltr'>hymnos5</span> 
     </span>
     <span class='ocr_line' id='line_1_46' title="bbox 304 2442 1279 2494; baseline 0.001 -14"><span class='ocrx_word' id='word_1_278' title='bbox 304 2443 414 2480; x_wconf 84' lang='lat' dir='ltr'>ethec</span> <span class='ocrx_word' id='word_1_279' title='bbox 424 2457 486 2480; x_wconf 86' lang='lat' dir='ltr'>nos</span> <span class='ocrx_word' id='word_1_280' title='bbox 501 2444 612 2480; x_wconf 88' lang='lat' dir='ltr'>facere</span> <span class='ocrx_word' id='word_1_281' title='bbox 622 2442 837 2491; x_wconf 86' lang='lat' dir='ltr'>studeamus,</span> <span class='ocrx_word' id='word_1_282' title='bbox 844 2451 878 2479; x_wconf 85' lang='lat' dir='ltr'>et</span> <span class='ocrx_word' id='word_1_283' title='bbox 889 2442 1087 2494; x_wconf 84' lang='lat' dir='ltr'>aperiemus</span> <span class='ocrx_word' id='word_1_284' title='bbox 1099 2443 1199 2481; x_wconf 85' lang='lat' dir='ltr'>nohis</span> <span class='ocrx_word' id='word_1_285' title='bbox 1211 2458 1279 2481; x_wconf 90' lang='lat' dir='ltr'>non</span> 
     </span>
     <span class='ocr_line' id='line_1_47' title="bbox 305 2503 1280 2555; baseline 0 -14"><span class='ocrx_word' id='word_1_286' title='bbox 305 2518 492 2553; x_wconf 77' lang='lat' dir='ltr'>carcerem,</span> <span class='ocrx_word' id='word_1_287' title='bbox 516 2503 574 2541; x_wconf 79' lang='lat' dir='ltr'>sed</span> <span class='ocrx_word' id='word_1_288' title='bbox 594 2503 731 2540; x_wconf 67' lang='lat' dir='ltr'>caelum.</span> <span class='ocrx_word' id='word_1_289' title='bbox 748 2503 786 2541; x_wconf 85' lang='lat' dir='ltr'>Si</span> <span class='ocrx_word' id='word_1_290' title='bbox 797 2517 996 2554; x_wconf 86' lang='lat' dir='ltr'>precemur,</span> <span class='ocrx_word' id='word_1_291' title='bbox 1019 2503 1143 2540; x_wconf 80' lang='lat' dir='ltr'>caelum</span> <span class='ocrx_word' id='word_1_292' title='bbox 1162 2504 1280 2555; x_wconf 86' lang='lat' dir='ltr'>ipsum</span> 
     </span>
     <span class='ocr_line' id='line_1_48' title="bbox 304 2562 1281 2615; baseline 0.003 -16"><span class='ocrx_word' id='word_1_293' title='bbox 304 2564 440 2615; x_wconf 88' lang='lat' dir='ltr'>aperire</span> <span class='ocrx_word' id='word_1_294' title='bbox 466 2563 671 2615; x_wconf 87' lang='lat' dir='ltr'>poterimus.</span> <span class='ocrx_word' id='word_1_295' title='bbox 698 2562 795 2600; x_wconf 84' lang='lat' dir='ltr'>Elias</span> <span class='ocrx_word' id='word_1_296' title='bbox 812 2572 844 2600; x_wconf 90' lang='lat' dir='ltr'>et</span> <span class='ocrx_word' id='word_1_297' title='bbox 862 2563 987 2600; x_wconf 84' lang='lat' dir='ltr'>clausit</span> <span class='ocrx_word' id='word_1_298' title='bbox 1009 2572 1043 2599; x_wconf 88' lang='lat' dir='ltr'>et</span> <span class='ocrx_word' id='word_1_299' title='bbox 1061 2564 1200 2615; x_wconf 88' lang='lat' dir='ltr'>aperuit</span> <span class='ocrx_word' id='word_1_300' title='bbox 1215 2579 1281 2602; x_wconf 83' lang='lat' dir='ltr'>cae-</span> 
     </span>
     <span class='ocr_line' id='line_1_49' title="bbox 304 2624 1280 2676; baseline 0.001 -14"><span class='ocrx_word' id='word_1_301' title='bbox 304 2624 380 2662; x_wconf 90' lang='lat' dir='ltr'>lum</span> <span class='ocrx_word' id='word_1_302' title='bbox 393 2625 569 2676; x_wconf 88' lang='lat' dir='ltr'>precibus.</span> <span class='ocrx_word' id='word_1_303' title='bbox 579 2625 642 2662; x_wconf 85' lang='lat' dir='ltr'>Est</span> <span class='ocrx_word' id='word_1_304' title='bbox 653 2638 791 2674; x_wconf 85' lang='lat' dir='ltr'>quoque</span> <span class='ocrx_word' id='word_1_305' title='bbox 804 2624 839 2660; x_wconf 84' lang='lat' dir='ltr'>in</span> <span class='ocrx_word' id='word_1_306' title='bbox 850 2624 934 2660; x_wconf 86' lang='lat' dir='ltr'>caelo</span> <span class='ocrx_word' id='word_1_307' title='bbox 944 2637 1073 2661; x_wconf 89' lang='lat' dir='ltr'>carcer.</span> <span class='ocrx_word' id='word_1_308' title='bbox 1082 2625 1280 2675; x_wconf 81' lang='lat' dir='ltr'>Quoecum-</span> 
     </span>
     <span class='ocr_line' id='line_1_50' title="bbox 305 2686 1278 2738; baseline 0 -15"><span class='ocrx_word' id='word_1_309' title='bbox 305 2701 391 2738; x_wconf 83' lang='lat' dir='ltr'>que,</span> <span class='ocrx_word' id='word_1_310' title='bbox 413 2686 543 2736; x_wconf 85' lang='lat' dir='ltr'>inquit,</span> <span class='ocrx_word' id='word_1_311' title='bbox 565 2686 774 2736; x_wconf 77' lang='lat' dir='ltr'>ligaveritis</span> <span class='ocrx_word' id='word_1_312' title='bbox 789 2699 901 2736; x_wconf 83' lang='lat' dir='ltr'>super</span> <span class='ocrx_word' id='word_1_313' title='bbox 921 2694 1075 2731; x_wconf 82' lang='lat' dir='ltr'>terram,</span> <span class='ocrx_word' id='word_1_314' title='bbox 1102 2695 1212 2724; x_wconf 86' lang='lat' dir='ltr'>erunt</span> <span class='ocrx_word' id='word_1_315' title='bbox 1230 2688 1278 2724; x_wconf 87' lang='lat' dir='ltr'>li—</span> 
     </span>
     <span class='ocr_line' id='line_1_51' title="bbox 301 2745 1281 2798; baseline 0.001 -14"><span class='ocrx_word' id='word_1_316' title='bbox 301 2756 395 2798; x_wconf 82' lang='lat' dir='ltr'>gata</span> <span class='ocrx_word' id='word_1_317' title='bbox 415 2756 450 2784; x_wconf 82' lang='lat' dir='ltr'>et</span> <span class='ocrx_word' id='word_1_318' title='bbox 469 2750 510 2783; x_wconf 85' lang='lat' dir='ltr'>in</span> <span class='ocrx_word' id='word_1_319' title='bbox 529 2747 635 2783; x_wconf 80' lang='lat' dir='ltr'>coelo.</span> <span class='ocrx_word' id='word_1_320' title='bbox 653 2747 840 2783; x_wconf 87' lang='lat' dir='ltr'>Precemur</span> <span class='ocrx_word' id='word_1_321' title='bbox 855 2754 974 2791; x_wconf 87' lang='lat' dir='ltr'>noctu,</span> <span class='ocrx_word' id='word_1_322' title='bbox 993 2754 1026 2782; x_wconf 88' lang='lat' dir='ltr'>et</span> <span class='ocrx_word' id='word_1_323' title='bbox 1044 2745 1118 2783; x_wconf 79' lang='lat' dir='ltr'>haec</span> <span class='ocrx_word' id='word_1_324' title='bbox 1136 2746 1281 2785; x_wconf 81' lang='lat' dir='ltr'>vincula</span> 
     </span>
     <span class='ocr_line' id='line_1_52' title="bbox 303 2806 1281 2857; baseline 0.001 -12"><span class='ocrx_word' id='word_1_325' title='bbox 303 2808 492 2845; x_wconf 71' lang='lat' dir='ltr'>solvemus.</span> <span class='ocrx_word' id='word_1_326' title='bbox 513 2806 620 2853; x_wconf 90' lang='lat' dir='ltr'>Quod</span> <span class='ocrx_word' id='word_1_327' title='bbox 639 2806 733 2843; x_wconf 84' lang='lat' dir='ltr'>enim</span> <span class='ocrx_word' id='word_1_328' title='bbox 751 2820 870 2857; x_wconf 86' lang='lat' dir='ltr'>preces</span> <span class='ocrx_word' id='word_1_329' title='bbox 889 2815 1030 2857; x_wconf 82' lang='lat' dir='ltr'>peccata</span> <span class='ocrx_word' id='word_1_330' title='bbox 1048 2807 1202 2856; x_wconf 67' lang='lat' dir='ltr'>solvant,</span> <span class='ocrx_word' id='word_1_331' title='bbox 1219 2823 1281 2846; x_wconf 88' lang='lat' dir='ltr'>no-</span> 
     </span>
     <span class='ocr_line' id='line_1_53' title="bbox 302 2867 1277 2921; baseline 0 -15"><span class='ocrx_word' id='word_1_332' title='bbox 302 2869 358 2906; x_wconf 89' lang='lat' dir='ltr'>bis</span> <span class='ocrx_word' id='word_1_333' title='bbox 377 2869 485 2907; x_wconf 87' lang='lat' dir='ltr'>vidua</span> <span class='ocrx_word' id='word_1_334' title='bbox 514 2867 736 2921; x_wconf 87' lang='lat' dir='ltr'>persuadeat,</span> <span class='ocrx_word' id='word_1_335' title='bbox 756 2867 886 2917; x_wconf 85' lang='lat' dir='ltr'>illeque</span> <span class='ocrx_word' id='word_1_336' title='bbox 907 2867 1042 2905; x_wconf 82' lang='lat' dir='ltr'>amicus</span> <span class='ocrx_word' id='word_1_337' title='bbox 1067 2869 1129 2918; x_wconf 89' lang='lat' dir='ltr'>qui</span> <span class='ocrx_word' id='word_1_338' title='bbox 1149 2869 1277 2906; x_wconf 89' lang='lat' dir='ltr'>intem-</span> 
     </span>
     <span class='ocr_line' id='line_1_54' title="bbox 303 2927 1281 2980; baseline 0 -13"><span class='ocrx_word' id='word_1_339' title='bbox 303 2939 399 2980; x_wconf 85' lang='lat' dir='ltr'>pesta</span> <span class='ocrx_word' id='word_1_340' title='bbox 433 2939 533 2967; x_wconf 89' lang='lat' dir='ltr'>nocte</span> <span class='ocrx_word' id='word_1_341' title='bbox 559 2936 757 2980; x_wconf 84' lang='lat' dir='ltr'>perseverat</span> <span class='ocrx_word' id='word_1_342' title='bbox 788 2936 821 2964; x_wconf 88' lang='lat' dir='ltr'>et</span> <span class='ocrx_word' id='word_1_343' title='bbox 856 2927 974 2978; x_wconf 87' lang='lat' dir='ltr'>pulsat</span> <span class='ocrx_word' id='word_1_344' title='bbox 988 2943 997 2980; x_wconf 76' lang='lat'>³.</span> <span class='ocrx_word' id='word_1_345' title='bbox 1010 2929 1220 2979; x_wconf 85' lang='lat' dir='ltr'>persuadeat</span> <span class='ocrx_word' id='word_1_346' title='bbox 1248 2939 1281 2967; x_wconf 90' lang='lat' dir='ltr'>et</span> 
     </span>
     <span class='ocr_line' id='line_1_55' title="bbox 305 2988 1276 3039; baseline -0.001 -11"><span class='ocrx_word' id='word_1_347' title='bbox 305 2991 503 3028; x_wconf 87' lang='lat' dir='ltr'>Cornelius:</span> <span class='ocrx_word' id='word_1_348' title='bbox 523 2992 725 3028; x_wconf 76' lang='lat' dir='ltr'>Orationes</span> <span class='ocrx_word' id='word_1_349' title='bbox 745 2997 835 3036; x_wconf 83' lang='lat' dir='ltr'>tuoe,</span> <span class='ocrx_word' id='word_1_350' title='bbox 855 2988 982 3038; x_wconf 89' lang='lat' dir='ltr'>inquit,</span> <span class='ocrx_word' id='word_1_351' title='bbox 1006 2998 1042 3026; x_wconf 79' lang='lat' dir='ltr'>et</span> <span class='ocrx_word' id='word_1_352' title='bbox 1062 2990 1276 3039; x_wconf 79' lang='lat' dir='ltr'>eleemosy-</span> 
     </span>
     <span class='ocr_line' id='line_1_56' title="bbox 304 3050 1277 3101; baseline 0 -13"><span class='ocrx_word' id='word_1_353' title='bbox 304 3065 362 3088; x_wconf 81' lang='lat' dir='ltr'>noe</span> <span class='ocrx_word' id='word_1_354' title='bbox 382 3059 457 3088; x_wconf 83' lang='lat' dir='ltr'>tuae</span> <span class='ocrx_word' id='word_1_355' title='bbox 474 3051 729 3088; x_wconf 77' lang='lat' dir='ltr'>ascenderunt</span> <span class='ocrx_word' id='word_1_356' title='bbox 743 3052 780 3086; x_wconf 88' lang='lat' dir='ltr'>in</span> <span class='ocrx_word' id='word_1_357' title='bbox 799 3057 999 3099; x_wconf 78' lang='lat' dir='ltr'>conspeetu</span> <span class='ocrx_word' id='word_1_358' title='bbox 1015 3050 1092 3086; x_wconf 75' lang='lat' dir='ltr'>Det</span> <span class='ocrx_word' id='word_1_359' title='bbox 1104 3064 1122 3097; x_wconf 85' lang='lat'><em>;</em></span> <span class='ocrx_word' id='word_1_360' title='bbox 1136 3064 1277 3101; x_wconf 84' lang='lat' dir='ltr'>persua-</span> 
     </span>
     <span class='ocr_line' id='line_1_57' title="bbox 303 3110 1276 3159; baseline -0.001 -10"><span class='ocrx_word' id='word_1_361' title='bbox 303 3111 383 3149; x_wconf 86' lang='lat' dir='ltr'>deat</span> <span class='ocrx_word' id='word_1_362' title='bbox 403 3112 503 3149; x_wconf 84' lang='lat' dir='ltr'>nobis</span> <span class='ocrx_word' id='word_1_363' title='bbox 521 3111 667 3159; x_wconf 87' lang='lat' dir='ltr'>Paulus,</span> <span class='ocrx_word' id='word_1_364' title='bbox 689 3110 830 3147; x_wconf 86' lang='lat' dir='ltr'>dicens:</span> <span class='ocrx_word' id='word_1_365' title='bbox 852 3111 944 3159; x_wconf 80' lang='lat' dir='ltr'>Quoe</span> <span class='ocrx_word' id='word_1_366' title='bbox 963 3118 1089 3147; x_wconf 82' lang='lat' dir='ltr'>autem</span> <span class='ocrx_word' id='word_1_367' title='bbox 1110 3125 1200 3148; x_wconf 81' lang='lat' dir='ltr'>vere</span> <span class='ocrx_word' id='word_1_368' title='bbox 1215 3115 1276 3148; x_wconf 78' lang='lat' dir='ltr'>vl-</span> 
     </span>
     <span class='ocr_line' id='line_1_58' title="bbox 302 3171 1320 3223; baseline 0 -14"><span class='ocrx_word' id='word_1_369' title='bbox 302 3173 380 3210; x_wconf 82' lang='lat' dir='ltr'>dua</span> <span class='ocrx_word' id='word_1_370' title='bbox 395 3181 449 3209; x_wconf 81' lang='lat' dir='ltr'>est</span> <span class='ocrx_word' id='word_1_371' title='bbox 468 3181 503 3209; x_wconf 86' lang='lat' dir='ltr'>et</span> <span class='ocrx_word' id='word_1_372' title='bbox 521 3173 712 3218; x_wconf 80' lang='lat' dir='ltr'>solitaria,</span> <span class='ocrx_word' id='word_1_373' title='bbox 729 3173 897 3222; x_wconf 78' lang='lat' dir='ltr'>speravit</span> <span class='ocrx_word' id='word_1_374' title='bbox 917 3172 959 3207; x_wconf 87' lang='lat' dir='ltr'>in</span> <span class='ocrx_word' id='word_1_375' title='bbox 973 3171 1114 3221; x_wconf 82' lang='lat' dir='ltr'>Deum,</span> <span class='ocrx_word' id='word_1_376' title='bbox 1132 3179 1168 3208; x_wconf 82' lang='lat' dir='ltr'>ec</span> <span class='ocrx_word' id='word_1_377' title='bbox 1183 3186 1274 3223; x_wconf 83' lang='lat' dir='ltr'>per-</span> <span class='ocrx_word' id='word_1_378' title='bbox 1296 3183 1320 3212; x_wconf 86' lang='lat' dir='ltr'>D</span> 
     </span>
    </p>
   </div>
   <div class='ocr_carea' id='block_1_10' title="bbox 294 3288 1292 3436">
    <p class='ocr_par' dir='ltr' id='par_1_11' title="bbox 294 3288 1292 3436">
     <span class='ocr_line' id='line_1_59' title="bbox 341 3288 1291 3333; baseline 0.001 -11"><span class='ocrx_word' id='word_1_379' title='bbox 341 3301 355 3315; x_wconf 74' lang='grc' dir='ltr'>ι</span> <span class='ocrx_word' id='word_1_380' title='bbox 377 3289 582 3323; x_wconf 64' lang='lat' dir='ltr'>Praedixitem</span> <span class='ocrx_word' id='word_1_381' title='bbox 598 3290 695 3322; x_wconf 59' lang='lat' dir='ltr'>fuisse</span> <span class='ocrx_word' id='word_1_382' title='bbox 711 3289 881 3322; x_wconf 81' lang='lat' dir='ltr'>Platonem</span> <span class='ocrx_word' id='word_1_383' title='bbox 893 3288 1123 3322; x_wconf 73' lang='lat' dir='ltr'>asseverabant</span> <span class='ocrx_word' id='word_1_384' title='bbox 1137 3289 1291 3333; x_wconf 74' lang='lat' dir='ltr'>quidam5</span> 
     </span>
     <span class='ocr_line' id='line_1_60' title="bbox 297 3339 1291 3374; baseline 0 0"><span class='ocrx_word' id='word_1_385' title='bbox 297 3350 330 3374; x_wconf 86' lang='lat' dir='ltr'>at</span> <span class='ocrx_word' id='word_1_386' title='bbox 351 3353 441 3373; x_wconf 85' lang='lat' dir='ltr'>secus</span> <span class='ocrx_word' id='word_1_387' title='bbox 465 3340 600 3372; x_wconf 77' lang='lat' dir='ltr'>suadere</span> <span class='ocrx_word' id='word_1_388' title='bbox 619 3339 749 3372; x_wconf 76' lang='lat' dir='ltr'>vIdetur</span> <span class='ocrx_word' id='word_1_389' title='bbox 772 3339 938 3373; x_wconf 85' lang='lat' dir='ltr'>Diodorus</span> <span class='ocrx_word' id='word_1_390' title='bbox 956 3340 1084 3373; x_wconf 88' lang='lat' dir='ltr'>Siculus</span> <span class='ocrx_word' id='word_1_391' title='bbox 1098 3340 1120 3372; x_wconf 91' lang='lat' dir='ltr'>l.</span> <span class='ocrx_word' id='word_1_392' title='bbox 1142 3343 1194 3373; x_wconf 69' lang='lat'>16.</span> <span class='ocrx_word' id='word_1_393' title='bbox 1217 3354 1291 3374; x_wconf 87' lang='lat' dir='ltr'>cum</span> 
     </span>
     <span class='ocr_line' id='line_1_61' title="bbox 294 3391 1292 3436; baseline 0.001 -11"><span class='ocrx_word' id='word_1_394' title='bbox 294 3395 340 3425; x_wconf 76' lang='lat' dir='ltr'>ait</span> <span class='ocrx_word' id='word_1_395' title='bbox 361 3404 434 3425; x_wconf 86' lang='lat' dir='ltr'>eum</span> <span class='ocrx_word' id='word_1_396' title='bbox 460 3403 477 3423; x_wconf 83' lang='lat' dir='ltr'>a</span> <span class='ocrx_word' id='word_1_397' title='bbox 502 3392 661 3434; x_wconf 67' lang='lat' dir='ltr'>Dionysio</span> <span class='ocrx_word' id='word_1_398' title='bbox 684 3399 828 3434; x_wconf 82' lang='lat' dir='ltr'>tyranno</span> <span class='ocrx_word' id='word_1_399' title='bbox 846 3392 1071 3426; x_wconf 76' lang='lat' dir='ltr'>venundatum</span> <span class='ocrx_word' id='word_1_400' title='bbox 1089 3403 1106 3424; x_wconf 83' lang='lat' dir='ltr'>a</span> <span class='ocrx_word' id='word_1_401' title='bbox 1124 3391 1292 3436; x_wconf 77' lang='lat' dir='ltr'>discipulis</span> 
     </span>
    </p>
   </div>
   <div class='ocr_carea' id='block_1_11' title="bbox 847 250 1940 287">
    <p class='ocr_par' dir='ltr' id='par_1_12' title="bbox 847 250 1940 287">
     <span class='ocr_line' id='line_1_62' title="bbox 847 250 1940 287; baseline 0.005 -5"><span class='ocrx_word' id='word_1_402' title='bbox 847 252 1028 282; x_wconf 63' lang='lat' dir='ltr'>JOANNJS</span> <span class='ocrx_word' id='word_1_403' title='bbox 1065 250 1304 280; x_wconf 72' lang='lat' dir='ltr'><strong>CHRYSOST.</strong></span> <span class='ocrx_word' id='word_1_404' title='bbox 1344 251 1548 283; x_wconf 81' lang='lat' dir='ltr'>ARCHIEP.</span> <span class='ocrx_word' id='word_1_405' title='bbox 1588 253 1940 287; x_wconf 65' lang='lat' dir='ltr'>CONSTANTINOP-</span> 
     </span>
    </p>
   </div>
   <div class='ocr_carea' id='block_1_12' title="bbox 1355 331 2387 1956">
    <p class='ocr_par' dir='ltr' id='par_1_13' title="bbox 1355 331 2387 1956">
     <span class='ocr_line' id='line_1_63' title="bbox 1369 331 2386 389; baseline 0.01 -21"><span class='ocrx_word' id='word_1_406' title='bbox 1369 333 1398 368; x_wconf 86' lang='grc' dir='ltr'>εἰ</span> <span class='ocrx_word' id='word_1_407' title='bbox 1415 331 1468 378; x_wconf 81' lang='grc' dir='ltr'>δὲ,</span> <span class='ocrx_word' id='word_1_408' title='bbox 1486 331 1572 384; x_wconf 79' lang='grc' dir='ltr'>ὅπερ</span> <span class='ocrx_word' id='word_1_409' title='bbox 1592 335 1652 370; x_wconf 85' lang='grc' dir='ltr'>οὐκ</span> <span class='ocrx_word' id='word_1_410' title='bbox 1676 333 1716 370; x_wconf 77' lang='grc' dir='ltr'>ἂν</span> <span class='ocrx_word' id='word_1_411' title='bbox 1737 334 1867 373; x_wconf 79' lang='grc' dir='ltr'>εἵλοντο</span> <span class='ocrx_word' id='word_1_412' title='bbox 1893 337 2070 389; x_wconf 65' lang='grc' dir='ltr'>φιλόσοφοι</span> <span class='ocrx_word' id='word_1_413' title='bbox 2093 341 2225 388; x_wconf 83' lang='grc' dir='ltr'>μαθεῖν,</span> <span class='ocrx_word' id='word_1_414' title='bbox 2253 342 2351 376; x_wconf 70' lang='grc' dir='ltr'>τοῖῑτο</span> <span class='ocrx_word' id='word_1_415' title='bbox 2369 344 2386 378; x_wconf 66' lang='grc' dir='ltr'>τ’)</span> 
     </span>
     <span class='ocr_line' id='line_1_64' title="bbox 1369 391 2386 449; baseline 0.009 -22"><span class='ocrx_word' id='word_1_416' title='bbox 1369 391 1484 434; x_wconf 71' lang='grc' dir='ltr'>δοῦλος</span> <span class='ocrx_word' id='word_1_417' title='bbox 1516 392 1703 441; x_wconf 73' lang='grc' dir='ltr'>μανθάνει,</span> <span class='ocrx_word' id='word_1_418' title='bbox 1724 397 1837 441; x_wconf 85' lang='grc' dir='ltr'>μεῖζον</span> <span class='ocrx_word' id='word_1_419' title='bbox 1862 396 1901 434; x_wconf 77' lang='grc' dir='ltr'>τὸ</span> <span class='ocrx_word' id='word_1_420' title='bbox 1919 400 2046 446; x_wconf 75' lang='grc' dir='ltr'>θαῦμα.</span> <span class='ocrx_word' id='word_1_421' title='bbox 2070 399 2138 435; x_wconf 78' lang='grc' dir='ltr'>Καὶ</span> <span class='ocrx_word' id='word_1_422' title='bbox 2160 401 2188 435; x_wconf 84' lang='grc' dir='ltr'>εἰ</span> <span class='ocrx_word' id='word_1_423' title='bbox 2207 399 2386 449; x_wconf 75' lang='grc' dir='ltr'>βούλεσθε,</span> 
     </span>
     <span class='ocr_line' id='line_1_65' title="bbox 1369 451 2387 508; baseline 0.006 -20"><span class='ocrx_word' id='word_1_424' title='bbox 1369 451 1425 488; x_wconf 76' lang='grc' dir='ltr'>τὸν</span> <span class='ocrx_word' id='word_1_425' title='bbox 1447 453 1661 505; x_wconf 76' lang='grc' dir='ltr'>βυρσοδέψην</span> <span class='ocrx_word' id='word_1_426' title='bbox 1682 455 1784 492; x_wconf 79' lang='grc' dir='ltr'>αὐτὸν</span> <span class='ocrx_word' id='word_1_427' title='bbox 1805 457 1852 498; x_wconf 83' lang='grc' dir='ltr'>εἷς</span> <span class='ocrx_word' id='word_1_428' title='bbox 1880 457 1983 505; x_wconf 81' lang='grc' dir='ltr'>μέσον</span> <span class='ocrx_word' id='word_1_429' title='bbox 2004 458 2208 508; x_wconf 78' lang='grc' dir='ltr'>ε’νέγκωμεν,</span> <span class='ocrx_word' id='word_1_430' title='bbox 2226 460 2284 496; x_wconf 83' lang='grc' dir='ltr'>καὶ</span> <span class='ocrx_word' id='word_1_431' title='bbox 2308 459 2387 496; x_wconf 78' lang='grc' dir='ltr'>ἴδω-</span> 
     </span>
     <span class='ocr_line' id='line_1_66' title="bbox 1368 512 2385 566; baseline 0.009 -18"><span class='ocrx_word' id='word_1_432' title='bbox 1368 528 1430 561; x_wconf 88' lang='grc' dir='ltr'>μεν</span> <span class='ocrx_word' id='word_1_433' title='bbox 1460 512 1494 549; x_wconf 87' lang='grc' dir='ltr'>τί</span> <span class='ocrx_word' id='word_1_434' title='bbox 1527 515 1620 564; x_wconf 81' lang='grc' dir='ltr'>αὐτῷ</span> <span class='ocrx_word' id='word_1_435' title='bbox 1643 514 1813 565; x_wconf 75' lang='grc' dir='ltr'>διελέγετο</span> <span class='ocrx_word' id='word_1_436' title='bbox 1833 518 1850 552; x_wconf 87' lang='grc' dir='ltr'>ὁ</span> <span class='ocrx_word' id='word_1_437' title='bbox 1873 516 2024 566; x_wconf 79' lang='grc' dir='ltr'>Πέτρος·</span> <span class='ocrx_word' id='word_1_438' title='bbox 2045 517 2066 562; x_wconf 79' lang='grc' dir='ltr'>ἢ</span> <span class='ocrx_word' id='word_1_439' title='bbox 2087 520 2117 554; x_wconf 83' lang='grc' dir='ltr'>εἰ</span> <span class='ocrx_word' id='word_1_440' title='bbox 2135 518 2260 566; x_wconf 82' lang='grc' dir='ltr'>θέλεις,</span> <span class='ocrx_word' id='word_1_441' title='bbox 2283 519 2385 556; x_wconf 74' lang='grc' dir='ltr'>αὐτὸν</span> 
     </span>
     <span class='ocr_line' id='line_1_67' title="bbox 1366 569 2381 629; baseline 0.008 -20"><span class='ocrx_word' id='word_1_442' title='bbox 1366 575 1483 610; x_wconf 76' lang='grc' dir='ltr'>τοῦτον</span> <span class='ocrx_word' id='word_1_443' title='bbox 1501 572 1558 610; x_wconf 82' lang='grc' dir='ltr'>τὸν</span> <span class='ocrx_word' id='word_1_444' title='bbox 1578 574 1835 625; x_wconf 72' lang='grc' dir='ltr'>δεσμοφύλακα.</span> <span class='ocrx_word' id='word_1_445' title='bbox 1857 575 1904 613; x_wconf 91' lang='grc' dir='ltr'>Τί</span> <span class='ocrx_word' id='word_1_446' title='bbox 1923 569 1980 612; x_wconf 60' lang='grc' dir='ltr'>οἷν</span> <span class='ocrx_word' id='word_1_447' title='bbox 2007 579 2098 629; x_wconf 81' lang='grc' dir='ltr'>αὐτῷ</span> <span class='ocrx_word' id='word_1_448' title='bbox 2120 572 2212 615; x_wconf 63' lang='grc' dir='ltr'>εἶπεν</span> <span class='ocrx_word' id='word_1_449' title='bbox 2238 583 2255 616; x_wconf 98' lang='lat'><em>6</em></span> <span class='ocrx_word' id='word_1_450' title='bbox 2279 581 2381 616; x_wconf 69' lang='grc' dir='ltr'>Παῦ-</span> 
     </span>
     <span class='ocr_line' id='line_1_68' title="bbox 1365 632 2385 687; baseline 0.007 -18"><span class='ocrx_word' id='word_1_451' title='bbox 1365 633 1442 678; x_wconf 70' lang='grc' dir='ltr'>λος,</span> <span class='ocrx_word' id='word_1_452' title='bbox 1470 632 1552 670; x_wconf 44' lang='grc' dir='ltr'>ζὈτι</span> <span class='ocrx_word' id='word_1_453' title='bbox 1579 636 1596 670; x_wconf 90' lang='lat'><em>6</em></span> <span class='ocrx_word' id='word_1_454' title='bbox 1620 633 1768 686; x_wconf 78' lang='grc' dir='ltr'>Χριστὸς</span> <span class='ocrx_word' id='word_1_455' title='bbox 1801 635 1926 682; x_wconf 80' lang='grc' dir='ltr'>ἀνέστη</span> <span class='ocrx_word' id='word_1_456' title='bbox 1943 665 1951 681; x_wconf 81' lang='grc'>,</span> <span class='ocrx_word' id='word_1_457' title='bbox 1985 637 2100 687; x_wconf 73' lang='grc' dir='ltr'>φησὶν,</span> <span class='ocrx_word' id='word_1_458' title='bbox 2125 638 2178 675; x_wconf 79' lang='grc' dir='ltr'>ὅτι</span> <span class='ocrx_word' id='word_1_459' title='bbox 2197 640 2385 681; x_wconf 77' lang='grc' dir='ltr'>ἀνάστασίς</span> 
     </span>
     <span class='ocr_line' id='line_1_69' title="bbox 1366 693 2384 744; baseline 0.006 -14"><span class='ocrx_word' id='word_1_460' title='bbox 1366 694 1438 731; x_wconf 80' lang='grc' dir='ltr'>ἐστι</span> <span class='ocrx_word' id='word_1_461' title='bbox 1456 696 1598 744; x_wconf 80' lang='grc' dir='ltr'>νεκρῶν,</span> <span class='ocrx_word' id='word_1_462' title='bbox 1617 693 1670 731; x_wconf 76' lang='grc' dir='ltr'>ὅτι</span> <span class='ocrx_word' id='word_1_463' title='bbox 1692 695 1851 744; x_wconf 83' lang='grc' dir='ltr'>βασιλεία</span> <span class='ocrx_word' id='word_1_464' title='bbox 1865 711 1872 717; x_wconf 92' lang='grc'><em>·</em></span> <span class='ocrx_word' id='word_1_465' title='bbox 1889 696 1948 733; x_wconf 85' lang='grc' dir='ltr'>καὶ</span> <span class='ocrx_word' id='word_1_466' title='bbox 1964 695 2100 733; x_wconf 79' lang='grc' dir='ltr'>ἔπεισεν</span> <span class='ocrx_word' id='word_1_467' title='bbox 2117 698 2263 740; x_wconf 75' lang='grc' dir='ltr'>εὐκόλως</span> <span class='ocrx_word' id='word_1_468' title='bbox 2279 701 2384 736; x_wconf 75' lang='grc' dir='ltr'>εὔπα-</span> 
     </span>
     <span class='ocr_line' id='line_1_70' title="bbox 1367 748 2383 806; baseline 0.005 -17"><span class='ocrx_word' id='word_1_469' title='bbox 1367 752 1522 804; x_wconf 68' lang='grc' dir='ltr'>ρείγωγον</span> <span class='ocrx_word' id='word_1_470' title='bbox 1543 754 1636 792; x_wconf 80' lang='grc' dir='ltr'>ὄντα.</span> <span class='ocrx_word' id='word_1_471' title='bbox 1657 754 1704 791; x_wconf 89' lang='grc' dir='ltr'>Τί</span> <span class='ocrx_word' id='word_1_472' title='bbox 1723 748 1797 803; x_wconf 58' lang='grc' dir='ltr'>οὖν,</span> <span class='ocrx_word' id='word_1_473' title='bbox 1817 756 1896 806; x_wconf 86' lang='grc' dir='ltr'>περὶ</span> <span class='ocrx_word' id='word_1_474' title='bbox 1913 755 1988 805; x_wconf 81' lang='grc' dir='ltr'>βίου</span> <span class='ocrx_word' id='word_1_475' title='bbox 2005 755 2100 794; x_wconf 77' lang='grc' dir='ltr'>οὐδὲν</span> <span class='ocrx_word' id='word_1_476' title='bbox 2118 750 2225 803; x_wconf 63' lang='grc' dir='ltr'>εἶπεν,</span> <span class='ocrx_word' id='word_1_477' title='bbox 2238 756 2292 794; x_wconf 75' lang='grc' dir='ltr'>ὅτι</span> <span class='ocrx_word' id='word_1_478' title='bbox 2316 773 2383 794; x_wconf 86' lang='grc' dir='ltr'>σω-</span> 
     </span>
     <span class='ocr_line' id='line_1_71' title="bbox 1365 811 2384 867; baseline 0.005 -17"><span class='ocrx_word' id='word_1_479' title='bbox 1365 820 1497 864; x_wconf 78' lang='grc' dir='ltr'>φρονεῖν</span> <span class='ocrx_word' id='word_1_480' title='bbox 1515 815 1583 861; x_wconf 86' lang='grc' dir='ltr'>δεῖ,</span> <span class='ocrx_word' id='word_1_481' title='bbox 1599 814 1856 867; x_wconf 77' lang='grc' dir='ltr'>ὅτιχρημοίτων</span> <span class='ocrx_word' id='word_1_482' title='bbox 1870 822 2021 867; x_wconf 87' lang='grc' dir='ltr'>κρατεῖν,</span> <span class='ocrx_word' id='word_1_483' title='bbox 2038 816 2091 854; x_wconf 73' lang='grc' dir='ltr'>ὅτι</span> <span class='ocrx_word' id='word_1_484' title='bbox 2109 816 2156 867; x_wconf 80' lang='grc' dir='ltr'>μὴ</span> <span class='ocrx_word' id='word_1_485' title='bbox 2175 811 2262 854; x_wconf 67' lang='grc' dir='ltr'>εἶναι</span> <span class='ocrx_word' id='word_1_486' title='bbox 2276 817 2384 867; x_wconf 66' lang='grc' dir='ltr'>ὠμὸν,</span> 
     </span>
     <span class='ocr_line' id='line_1_72' title="bbox 1365 874 2383 929; baseline 0.001 -17"><span class='ocrx_word' id='word_1_487' title='bbox 1365 874 1417 912; x_wconf 79' lang='grc' dir='ltr'>ὅτι</span> <span class='ocrx_word' id='word_1_488' title='bbox 1437 874 1480 912; x_wconf 82' lang='grc' dir='ltr'>τὰ</span> <span class='ocrx_word' id='word_1_489' title='bbox 1500 879 1602 914; x_wconf 74' lang='grc' dir='ltr'>αὑτοῦ</span> <span class='ocrx_word' id='word_1_490' title='bbox 1619 877 1747 914; x_wconf 75' lang='grc' dir='ltr'>διδόναι</span> <span class='ocrx_word' id='word_1_491' title='bbox 1767 876 1894 927; x_wconf 81' lang='grc' dir='ltr'>ἑτέροις</span> <span class='ocrx_word' id='word_1_492' title='bbox 1903 893 1917 923; x_wconf 82' lang='lat'>3-</span> <span class='ocrx_word' id='word_1_493' title='bbox 1931 879 1984 915; x_wconf 82' lang='grc' dir='ltr'>Οὐ</span> <span class='ocrx_word' id='word_1_494' title='bbox 2000 876 2068 929; x_wconf 74' lang='grc' dir='ltr'>γὰρ</span> <span class='ocrx_word' id='word_1_495' title='bbox 2084 877 2124 924; x_wconf 84' lang='grc' dir='ltr'>δὴ</span> <span class='ocrx_word' id='word_1_496' title='bbox 2143 878 2202 915; x_wconf 82' lang='grc' dir='ltr'>καὶ</span> <span class='ocrx_word' id='word_1_497' title='bbox 2221 878 2260 916; x_wconf 78' lang='grc' dir='ltr'>τὸ</span> <span class='ocrx_word' id='word_1_498' title='bbox 2274 883 2383 916; x_wconf 73' lang='grc' dir='ltr'>ταῦτα</span> 
     </span>
     <span class='ocr_line' id='line_1_73' title="bbox 1363 931 2385 989; baseline 0.001 -17"><span class='ocrx_word' id='word_1_499' title='bbox 1363 939 1546 981; x_wconf 67' lang='grc' dir='ltr'>πεισθῆναι</span> <span class='ocrx_word' id='word_1_500' title='bbox 1564 937 1678 979; x_wconf 75' lang='grc' dir='ltr'>ἀνοίας</span> <span class='ocrx_word' id='word_1_501' title='bbox 1693 931 1747 983; x_wconf 60' lang='grc' dir='ltr'>ἦν,</span> <span class='ocrx_word' id='word_1_502' title='bbox 1766 937 1856 975; x_wconf 75' lang='grc' dir='ltr'>ἀλλὰ</span> <span class='ocrx_word' id='word_1_503' title='bbox 1871 937 1930 974; x_wconf 77' lang='grc' dir='ltr'>καὶ</span> <span class='ocrx_word' id='word_1_504' title='bbox 1952 938 2105 988; x_wconf 80' lang='grc' dir='ltr'>μεγάλης</span> <span class='ocrx_word' id='word_1_505' title='bbox 2118 939 2245 989; x_wconf 61' lang='grc' dir='ltr'>ψυχης.</span> <span class='ocrx_word' id='word_1_506' title='bbox 2263 937 2385 975; x_wconf 75' lang='grc' dir='ltr'>’Ἔστω</span> 
     </span>
     <span class='ocr_line' id='line_1_74' title="bbox 1362 994 2381 1050; baseline 0.003 -18"><span class='ocrx_word' id='word_1_507' title='bbox 1362 994 1429 1046; x_wconf 82' lang='grc' dir='ltr'>γὰρ</span> <span class='ocrx_word' id='word_1_508' title='bbox 1443 995 1487 1033; x_wconf 75' lang='grc' dir='ltr'>τὰ</span> <span class='ocrx_word' id='word_1_509' title='bbox 1506 996 1663 1047; x_wconf 80' lang='grc' dir='ltr'>δόγματα</span> <span class='ocrx_word' id='word_1_510' title='bbox 1678 998 1744 1035; x_wconf 82' lang='grc' dir='ltr'>ὑπὸ</span> <span class='ocrx_word' id='word_1_511' title='bbox 1765 997 1882 1041; x_wconf 85' lang='grc' dir='ltr'>ἀνοίας</span> <span class='ocrx_word' id='word_1_512' title='bbox 1902 999 2033 1048; x_wconf 72' lang='grc' dir='ltr'>μᾶλλον</span> <span class='ocrx_word' id='word_1_513' title='bbox 2051 997 2171 1040; x_wconf 76' lang='grc' dir='ltr'>αὐτοὺς</span> <span class='ocrx_word' id='word_1_514' title='bbox 2187 998 2381 1050; x_wconf 75' lang='grc' dir='ltr'>παραδέχε-</span> 
     </span>
     <span class='ocr_line' id='line_1_75' title="bbox 1363 1057 2383 1110; baseline 0.003 -17"><span class='ocrx_word' id='word_1_515' title='bbox 1363 1059 1459 1093; x_wconf 89' lang='grc' dir='ltr'>σθαι·</span> <span class='ocrx_word' id='word_1_516' title='bbox 1488 1057 1527 1095; x_wconf 79' lang='grc' dir='ltr'>τὸ</span> <span class='ocrx_word' id='word_1_517' title='bbox 1558 1057 1629 1108; x_wconf 81' lang='grc' dir='ltr'>βίον</span> <span class='ocrx_word' id='word_1_518' title='bbox 1663 1057 1750 1096; x_wconf 79' lang='grc' dir='ltr'>οὕτω</span> <span class='ocrx_word' id='word_1_519' title='bbox 1771 1058 1953 1110; x_wconf 65' lang='grc' dir='ltr'>φιλόσοφον</span> <span class='ocrx_word' id='word_1_520' title='bbox 1975 1059 2250 1110; x_wconf 69' lang='grc' dir='ltr'>καταδέχεσθαι,</span> <span class='ocrx_word' id='word_1_521' title='bbox 2281 1059 2383 1101; x_wconf 86' lang='grc' dir='ltr'>ποίας</span> 
     </span>
     <span class='ocr_line' id='line_1_76' title="bbox 1363 1112 2380 1171; baseline 0.003 -17"><span class='ocrx_word' id='word_1_522' title='bbox 1363 1116 1478 1160; x_wconf 82' lang='grc' dir='ltr'>ἀνοίας</span> <span class='ocrx_word' id='word_1_523' title='bbox 1506 1112 1569 1165; x_wconf 64' lang='grc' dir='ltr'>ἦν,</span> <span class='ocrx_word' id='word_1_524' title='bbox 1596 1117 1706 1157; x_wconf 53' lang='grc' dir='ltr'>ςΏστε</span> <span class='ocrx_word' id='word_1_525' title='bbox 1741 1119 1810 1171; x_wconf 79' lang='grc' dir='ltr'>ὅσῳ</span> <span class='ocrx_word' id='word_1_526' title='bbox 1832 1118 1870 1156; x_wconf 83' lang='grc' dir='ltr'>ἂν</span> <span class='ocrx_word' id='word_1_527' title='bbox 1895 1118 2038 1165; x_wconf 80' lang='grc' dir='ltr'>ἀνόητος</span> <span class='ocrx_word' id='word_1_528' title='bbox 2067 1113 2089 1169; x_wconf 72' lang='grc' dir='ltr'>ᾗ</span> <span class='ocrx_word' id='word_1_529' title='bbox 2115 1123 2132 1157; x_wconf 82' lang='grc' dir='ltr'>ὁ</span> <span class='ocrx_word' id='word_1_530' title='bbox 2158 1118 2380 1169; x_wconf 75' lang='grc' dir='ltr'>πειθόμενος,</span> 
     </span>
     <span class='ocr_line' id='line_1_77' title="bbox 1361 1177 2382 1231; baseline 0.002 -17"><span class='ocrx_word' id='word_1_531' title='bbox 1361 1177 1523 1225; x_wconf 86' lang='grc' dir='ltr'>πείθηται</span> <span class='ocrx_word' id='word_1_532' title='bbox 1543 1178 1577 1217; x_wconf 79' lang='grc' dir='ltr'>δὲ</span> <span class='ocrx_word' id='word_1_533' title='bbox 1598 1183 1706 1217; x_wconf 76' lang='grc' dir='ltr'>ταῦτα</span> <span class='ocrx_word' id='word_1_534' title='bbox 1721 1208 1730 1224; x_wconf 87' lang='grc'>,</span> <span class='ocrx_word' id='word_1_535' title='bbox 1750 1180 1771 1217; x_wconf 86' lang='grc' dir='ltr'>ἃ</span> <span class='ocrx_word' id='word_1_536' title='bbox 1792 1178 1879 1229; x_wconf 75' lang='grc' dir='ltr'>μηδὲ</span> <span class='ocrx_word' id='word_1_537' title='bbox 1896 1179 2075 1231; x_wconf 68' lang='grc' dir='ltr'>φιλόσοφοι</span> <span class='ocrx_word' id='word_1_538' title='bbox 2095 1185 2215 1218; x_wconf 88' lang='grc' dir='ltr'>πεῖσαι</span> <span class='ocrx_word' id='word_1_539' title='bbox 2233 1179 2382 1231; x_wconf 51' lang='grc' dir='ltr'>ἴσχυσαν</span> 
     </span>
     <span class='ocr_line' id='line_1_78' title="bbox 1360 1239 2381 1292; baseline 0.002 -16"><span class='ocrx_word' id='word_1_540' title='bbox 1360 1239 1437 1283; x_wconf 73' lang='grc' dir='ltr'>τοὺς</span> <span class='ocrx_word' id='word_1_541' title='bbox 1466 1240 1669 1292; x_wconf 64' lang='grc' dir='ltr'>φιλοσόφους</span> <span class='ocrx_word' id='word_1_542' title='bbox 1683 1257 1691 1264; x_wconf 95' lang='grc'><em>·</em></span> <span class='ocrx_word' id='word_1_543' title='bbox 1713 1243 1826 1291; x_wconf 83' lang='grc' dir='ltr'>μεῖζον</span> <span class='ocrx_word' id='word_1_544' title='bbox 1853 1240 1892 1277; x_wconf 83' lang='grc' dir='ltr'>τὸ</span> <span class='ocrx_word' id='word_1_545' title='bbox 1913 1244 2030 1291; x_wconf 76' lang='grc' dir='ltr'>θαῦμα</span> <span class='ocrx_word' id='word_1_546' title='bbox 2049 1241 2198 1292; x_wconf 83' lang='grc' dir='ltr'>γίνεται,</span> <span class='ocrx_word' id='word_1_547' title='bbox 2226 1241 2381 1290; x_wconf 82' lang='grc' dir='ltr'>μάλιστα</span> 
     </span>
     <span class='ocr_line' id='line_1_79' title="bbox 1362 1299 2380 1352; baseline 0.001 -15"><span class='ocrx_word' id='word_1_548' title='bbox 1362 1299 1396 1338; x_wconf 80' lang='grc' dir='ltr'>δὲ</span> <span class='ocrx_word' id='word_1_549' title='bbox 1417 1301 1498 1339; x_wconf 76' lang='grc' dir='ltr'>ὅταν</span> <span class='ocrx_word' id='word_1_550' title='bbox 1518 1302 1576 1338; x_wconf 80' lang='grc' dir='ltr'>καὶ</span> <span class='ocrx_word' id='word_1_551' title='bbox 1606 1307 1766 1352; x_wconf 87' lang='grc' dir='ltr'>γυναῖκες</span> <span class='ocrx_word' id='word_1_552' title='bbox 1786 1301 1844 1339; x_wconf 80' lang='grc' dir='ltr'>καὶ</span> <span class='ocrx_word' id='word_1_553' title='bbox 1873 1303 1985 1339; x_wconf 68' lang='grc' dir='ltr'>δοῧλοι</span> <span class='ocrx_word' id='word_1_554' title='bbox 2005 1302 2214 1348; x_wconf 78' lang='grc' dir='ltr'>πείθωνται,</span> <span class='ocrx_word' id='word_1_555' title='bbox 2237 1301 2296 1339; x_wconf 72' lang='grc' dir='ltr'>καὶ</span> <span class='ocrx_word' id='word_1_556' title='bbox 2323 1301 2380 1338; x_wconf 80' lang='grc' dir='ltr'>διὰ</span> 
     </span>
     <span class='ocr_line' id='line_1_80' title="bbox 1360 1362 2380 1414; baseline 0.001 -16"><span class='ocrx_word' id='word_1_557' title='bbox 1360 1365 1429 1399; x_wconf 80' lang='grc' dir='ltr'>τῶν</span> <span class='ocrx_word' id='word_1_558' title='bbox 1447 1362 1554 1414; x_wconf 78' lang='grc' dir='ltr'>ἔργων</span> <span class='ocrx_word' id='word_1_559' title='bbox 1575 1368 1684 1401; x_wconf 73' lang='grc' dir='ltr'>ταῦτα</span> <span class='ocrx_word' id='word_1_560' title='bbox 1706 1363 1980 1407; x_wconf 82' lang='grc' dir='ltr'>ἐπιδείκνυνται,</span> <span class='ocrx_word' id='word_1_561' title='bbox 1996 1362 2084 1413; x_wconf 85' lang='grc' dir='ltr'>ἅπερ</span> <span class='ocrx_word' id='word_1_562' title='bbox 2103 1363 2291 1405; x_wconf 72' lang='grc' dir='ltr'>Πλάτωνες</span> <span class='ocrx_word' id='word_1_563' title='bbox 2320 1363 2380 1400; x_wconf 86' lang='grc' dir='ltr'>καὶ</span> 
     </span>
     <span class='ocr_line' id='line_1_81' title="bbox 1359 1422 2377 1473; baseline 0.001 -14"><span class='ocrx_word' id='word_1_564' title='bbox 1359 1422 1486 1466; x_wconf 74' lang='grc' dir='ltr'>πάντες</span> <span class='ocrx_word' id='word_1_565' title='bbox 1505 1425 1627 1460; x_wconf 81' lang='grc' dir='ltr'>ἐκεῖνοι</span> <span class='ocrx_word' id='word_1_566' title='bbox 1647 1423 1766 1460; x_wconf 74' lang='grc' dir='ltr'>οὐδένα</span> <span class='ocrx_word' id='word_1_567' title='bbox 1796 1429 1913 1460; x_wconf 89' lang='grc' dir='ltr'>πεῖσαι</span> <span class='ocrx_word' id='word_1_568' title='bbox 1940 1422 2097 1473; x_wconf 64' lang='grc' dir='ltr'>ἴσχυσαν.</span> <span class='ocrx_word' id='word_1_569' title='bbox 2121 1422 2192 1460; x_wconf 75' lang='grc' dir='ltr'>Καὶ</span> <span class='ocrx_word' id='word_1_570' title='bbox 2211 1423 2245 1460; x_wconf 90' lang='grc' dir='ltr'>τί</span> <span class='ocrx_word' id='word_1_571' title='bbox 2259 1423 2351 1473; x_wconf 83' lang='grc' dir='ltr'>λέγω</span> <span class='ocrx_word' id='word_1_572' title='bbox 2368 1453 2377 1470; x_wconf 89' lang='grc'>,</span> 
     </span>
     <span class='ocr_line' id='line_1_82' title="bbox 1359 1482 2380 1535; baseline 0.001 -15"><span class='ocrx_word' id='word_1_573' title='bbox 1359 1482 1412 1521; x_wconf 79' lang='grc' dir='ltr'>ὅτι</span> <span class='ocrx_word' id='word_1_574' title='bbox 1431 1483 1573 1529; x_wconf 72' lang='grc' dir='ltr'>οὐδένα,</span> <span class='ocrx_word' id='word_1_575' title='bbox 1593 1483 1684 1520; x_wconf 81' lang='grc' dir='ltr'>Οὐδὲ</span> <span class='ocrx_word' id='word_1_576' title='bbox 1705 1482 1858 1525; x_wconf 70' lang='grc' dir='ltr'>ἑαυτούς.</span> <span class='ocrx_word' id='word_1_577' title='bbox 1874 1482 1958 1521; x_wconf 65' lang='grc' dir='ltr'>εὈτι</span> <span class='ocrx_word' id='word_1_578' title='bbox 1976 1482 2043 1535; x_wconf 78' lang='grc' dir='ltr'>γὰρ</span> <span class='ocrx_word' id='word_1_579' title='bbox 2062 1483 2255 1534; x_wconf 77' lang='grc' dir='ltr'>χρημάτων</span> <span class='ocrx_word' id='word_1_580' title='bbox 2270 1485 2308 1522; x_wconf 84' lang='grc' dir='ltr'>οὔ</span> <span class='ocrx_word' id='word_1_581' title='bbox 2329 1485 2380 1521; x_wconf 80' lang='grc' dir='ltr'>δεῖ</span> 
     </span>
     <span class='ocr_line' id='line_1_83' title="bbox 1359 1542 2379 1595; baseline 0.003 -16"><span class='ocrx_word' id='word_1_582' title='bbox 1359 1549 1599 1594; x_wconf 69' lang='grc' dir='ltr'>καταφρονεῖν,</span> <span class='ocrx_word' id='word_1_583' title='bbox 1622 1543 1798 1580; x_wconf 64' lang='grc' dir='ltr'>ζ’Πλάτων</span> <span class='ocrx_word' id='word_1_584' title='bbox 1821 1542 1958 1590; x_wconf 82' lang='grc' dir='ltr'>ἔπεισε,</span> <span class='ocrx_word' id='word_1_585' title='bbox 1979 1543 2150 1589; x_wconf 84' lang='grc' dir='ltr'>τοσαύτην</span> <span class='ocrx_word' id='word_1_586' title='bbox 2179 1544 2379 1595; x_wconf 84' lang='grc' dir='ltr'>περιουσίαν</span> 
     </span>
     <span class='ocr_line' id='line_1_84' title="bbox 1359 1602 2378 1655; baseline 0.002 -16"><span class='ocrx_word' id='word_1_587' title='bbox 1359 1602 1418 1639; x_wconf 78' lang='grc' dir='ltr'>καὶ</span> <span class='ocrx_word' id='word_1_588' title='bbox 1449 1604 1580 1648; x_wconf 62' lang='grc' dir='ltr'>πλῆθος</span> <span class='ocrx_word' id='word_1_589' title='bbox 1607 1603 1799 1655; x_wconf 82' lang='grc' dir='ltr'>χρημάτων</span> <span class='ocrx_word' id='word_1_590' title='bbox 1832 1603 1891 1640; x_wconf 79' lang='grc' dir='ltr'>καὶ</span> <span class='ocrx_word' id='word_1_591' title='bbox 1922 1604 2124 1646; x_wconf 82' lang='grc' dir='ltr'>δακτυλίους</span> <span class='ocrx_word' id='word_1_592' title='bbox 2150 1608 2298 1655; x_wconf 77' lang='grc' dir='ltr'>χρυσοῦς</span> <span class='ocrx_word' id='word_1_593' title='bbox 2320 1605 2378 1641; x_wconf 86' lang='grc' dir='ltr'>καὶ</span> 
     </span>
     <span class='ocr_line' id='line_1_85' title="bbox 1359 1663 2376 1717; baseline 0.003 -18"><span class='ocrx_word' id='word_1_594' title='bbox 1359 1663 1485 1714; x_wconf 75' lang='grc' dir='ltr'>φιάλας</span> <span class='ocrx_word' id='word_1_595' title='bbox 1511 1663 1826 1714; x_wconf 68' lang='grc' dir='ltr'>περιποιησάμενος</span> <span class='ocrx_word' id='word_1_596' title='bbox 1840 1679 1848 1686; x_wconf 91' lang='grc'><em>·</em></span> <span class='ocrx_word' id='word_1_597' title='bbox 1870 1663 1921 1701; x_wconf 81' lang='grc' dir='ltr'>δ’τι</span> <span class='ocrx_word' id='word_1_598' title='bbox 1940 1663 1973 1702; x_wconf 78' lang='grc' dir='ltr'>δὲ</span> <span class='ocrx_word' id='word_1_599' title='bbox 1996 1663 2094 1709; x_wconf 82' lang='grc' dir='ltr'>δόξης</span> <span class='ocrx_word' id='word_1_600' title='bbox 2113 1665 2151 1703; x_wconf 78' lang='grc' dir='ltr'>οὔ</span> <span class='ocrx_word' id='word_1_601' title='bbox 2177 1664 2245 1717; x_wconf 73' lang='grc' dir='ltr'>χρὴ</span> <span class='ocrx_word' id='word_1_602' title='bbox 2263 1680 2376 1702; x_wconf 83' lang='grc' dir='ltr'>κατα-</span> 
     </span>
     <span class='ocr_line' id='line_1_86' title="bbox 1359 1723 2378 1777; baseline 0.002 -17"><span class='ocrx_word' id='word_1_603' title='bbox 1359 1729 1494 1775; x_wconf 72' lang='grc' dir='ltr'>φρονεῖν</span> <span class='ocrx_word' id='word_1_604' title='bbox 1515 1727 1577 1770; x_wconf 68' lang='grc' dir='ltr'>τῆς</span> <span class='ocrx_word' id='word_1_605' title='bbox 1604 1723 1702 1777; x_wconf 83' lang='grc' dir='ltr'>παρὰ</span> <span class='ocrx_word' id='word_1_606' title='bbox 1732 1726 1800 1761; x_wconf 80' lang='grc' dir='ltr'>τῶν</span> <span class='ocrx_word' id='word_1_607' title='bbox 1822 1725 1975 1772; x_wconf 78' lang='grc' dir='ltr'>πολλῶν,</span> <span class='ocrx_word' id='word_1_608' title='bbox 2011 1724 2206 1776; x_wconf 79' lang='grc' dir='ltr'>Σωκράτης</span> <span class='ocrx_word' id='word_1_609' title='bbox 2238 1726 2352 1767; x_wconf 79' lang='grc' dir='ltr'>αὐτοῖς</span> <span class='ocrx_word' id='word_1_610' title='bbox 2368 1754 2378 1770; x_wconf 82' lang='grc'>,</span> 
     </span>
     <span class='ocr_line' id='line_1_87' title="bbox 1358 1783 2378 1836; baseline 0.001 -16"><span class='ocrx_word' id='word_1_611' title='bbox 1358 1783 1421 1821; x_wconf 81' lang='grc' dir='ltr'>κᾶν</span> <span class='ocrx_word' id='word_1_612' title='bbox 1442 1784 1549 1835; x_wconf 86' lang='grc' dir='ltr'>μυρία</span> <span class='ocrx_word' id='word_1_613' title='bbox 1578 1787 1746 1836; x_wconf 67' lang='grc' dir='ltr'>φιλοσοφῇ</span> <span class='ocrx_word' id='word_1_614' title='bbox 1773 1785 1852 1836; x_wconf 81' lang='grc' dir='ltr'>περὶ</span> <span class='ocrx_word' id='word_1_615' title='bbox 1879 1784 2021 1830; x_wconf 84' lang='grc' dir='ltr'>τούτου,</span> <span class='ocrx_word' id='word_1_616' title='bbox 2059 1784 2229 1822; x_wconf 83' lang='grc' dir='ltr'>δείκνυσι·</span> <span class='ocrx_word' id='word_1_617' title='bbox 2263 1784 2378 1822; x_wconf 78' lang='grc' dir='ltr'>πάντα</span> 
     </span>
     <span class='ocr_line' id='line_1_88' title="bbox 1357 1844 2375 1897; baseline 0 -15"><span class='ocrx_word' id='word_1_618' title='bbox 1357 1844 1424 1897; x_wconf 74' lang='grc' dir='ltr'>γὰρ</span> <span class='ocrx_word' id='word_1_619' title='bbox 1442 1845 1528 1896; x_wconf 72' lang='grc' dir='ltr'>πρὸς</span> <span class='ocrx_word' id='word_1_620' title='bbox 1546 1844 1644 1888; x_wconf 81' lang='grc' dir='ltr'>δόξαν</span> <span class='ocrx_word' id='word_1_621' title='bbox 1661 1848 1748 1897; x_wconf 80' lang='grc' dir='ltr'>ὁρῶν</span> <span class='ocrx_word' id='word_1_622' title='bbox 1764 1845 1884 1883; x_wconf 78' lang='grc' dir='ltr'>ἐποίει.</span> <span class='ocrx_word' id='word_1_623' title='bbox 1902 1844 1971 1883; x_wconf 86' lang='grc' dir='ltr'>Καὶ</span> <span class='ocrx_word' id='word_1_624' title='bbox 1987 1848 2015 1882; x_wconf 90' lang='grc' dir='ltr'>εἶ</span> <span class='ocrx_word' id='word_1_625' title='bbox 2033 1862 2071 1896; x_wconf 88' lang='grc' dir='ltr'>γε</span> <span class='ocrx_word' id='word_1_626' title='bbox 2087 1848 2154 1882; x_wconf 82' lang='grc' dir='ltr'>τῶν</span> <span class='ocrx_word' id='word_1_627' title='bbox 2173 1844 2303 1882; x_wconf 78' lang='grc' dir='ltr'>ἐκείνου</span> <span class='ocrx_word' id='word_1_628' title='bbox 2318 1844 2375 1882; x_wconf 86' lang='grc' dir='ltr'>λό-</span> 
     </span>
     <span class='ocr_line' id='line_1_89' title="bbox 1355 1899 2375 1956; baseline 0.002 -14"><span class='ocrx_word' id='word_1_629' title='bbox 1355 1920 1424 1955; x_wconf 84' lang='grc' dir='ltr'>γων</span> <span class='ocrx_word' id='word_1_630' title='bbox 1444 1905 1599 1956; x_wconf 84' lang='grc' dir='ltr'>ἔμπειροι</span> <span class='ocrx_word' id='word_1_631' title='bbox 1621 1899 1702 1953; x_wconf 69' lang='grc' dir='ltr'>ἦτε,</span> <span class='ocrx_word' id='word_1_632' title='bbox 1724 1904 1830 1943; x_wconf 72' lang='grc' dir='ltr'>πολὺν</span> <span class='ocrx_word' id='word_1_633' title='bbox 1849 1904 1889 1942; x_wconf 80' lang='grc' dir='ltr'>ἂν</span> <span class='ocrx_word' id='word_1_634' title='bbox 1909 1905 1966 1943; x_wconf 79' lang='grc' dir='ltr'>τὸν</span> <span class='ocrx_word' id='word_1_635' title='bbox 1984 1904 2070 1956; x_wconf 80' lang='grc' dir='ltr'>ὑπὲρ</span> <span class='ocrx_word' id='word_1_636' title='bbox 2086 1904 2214 1943; x_wconf 80' lang='grc' dir='ltr'>τούτων</span> <span class='ocrx_word' id='word_1_637' title='bbox 2232 1904 2375 1952; x_wconf 77' lang='grc' dir='ltr'>ε’κίνησα</span> 
     </span>
    </p>
   </div>
   <div class='ocr_carea' id='block_1_13' title="bbox 1533 1965 2374 2017">
    <p class='ocr_par' dir='ltr' id='par_1_14' title="bbox 1533 1965 2374 2017">
     <span class='ocr_line' id='line_1_90' title="bbox 1533 1965 2374 2017; baseline -0.001 -14"><span class='ocrx_word' id='word_1_638' title='bbox 1533 1965 1546 2003; x_wconf 59' lang='lat' dir='ltr'>*t</span> <span class='ocrx_word' id='word_1_639' title='bbox 1574 1965 1684 2010; x_wconf 82' lang='grc' dir='ltr'>ἔδειξα</span> <span class='ocrx_word' id='word_1_640' title='bbox 1709 1966 1841 2013; x_wconf 77' lang='grc' dir='ltr'>πολλὴν</span> <span class='ocrx_word' id='word_1_641' title='bbox 1862 1968 1945 2017; x_wconf 86' lang='grc' dir='ltr'>παρ’</span> <span class='ocrx_word' id='word_1_642' title='bbox 1969 1967 2083 2007; x_wconf 76' lang='grc' dir='ltr'>αὐτοῖς</span> <span class='ocrx_word' id='word_1_643' title='bbox 2102 1965 2164 2011; x_wconf 77' lang='grc' dir='ltr'>τὴν</span> <span class='ocrx_word' id='word_1_644' title='bbox 2185 1966 2374 2017; x_wconf 83' lang='grc' dir='ltr'>εἰρωνείαν,</span> 
     </span>
    </p>
   </div>
   <div class='ocr_carea' id='block_1_14' title="bbox 1350 1965 2375 3222">
    <p class='ocr_par' dir='ltr' id='par_1_15' title="bbox 1354 1965 2374 2200">
     <span class='ocr_line' id='line_1_91' title="bbox 1354 1965 1531 2016; baseline 0 -13"><span class='ocrx_word' id='word_1_645' title='bbox 1354 1965 1468 2016; x_wconf 79' lang='grc' dir='ltr'>λόγον,</span> <span class='ocrx_word' id='word_1_646' title='bbox 1487 1982 1531 2003; x_wconf 89' lang='grc' dir='ltr'>κα</span> 
     </span>
     <span class='ocr_line' id='line_1_92' title="bbox 1354 2022 2374 2078; baseline 0 -14"><span class='ocrx_word' id='word_1_647' title='bbox 1354 2026 1386 2064; x_wconf 86' lang='grc' dir='ltr'>εἴ</span> <span class='ocrx_word' id='word_1_648' title='bbox 1406 2042 1446 2078; x_wconf 88' lang='grc' dir='ltr'>γε</span> <span class='ocrx_word' id='word_1_649' title='bbox 1473 2022 1522 2070; x_wconf 69' lang='grc' dir='ltr'>οἷς</span> <span class='ocrx_word' id='word_1_650' title='bbox 1545 2031 1562 2066; x_wconf 90' lang='lat'><em>6</em></span> <span class='ocrx_word' id='word_1_651' title='bbox 1594 2026 1751 2078; x_wconf 78' lang='grc' dir='ltr'>μαθητὴς</span> <span class='ocrx_word' id='word_1_652' title='bbox 1769 2029 1872 2064; x_wconf 78' lang='grc' dir='ltr'>αὐτοῦ</span> <span class='ocrx_word' id='word_1_653' title='bbox 1891 2025 1983 2077; x_wconf 84' lang='grc' dir='ltr'>λέγει</span> <span class='ocrx_word' id='word_1_654' title='bbox 2003 2026 2184 2064; x_wconf 84' lang='grc' dir='ltr'>πείθεσθαι</span> <span class='ocrx_word' id='word_1_655' title='bbox 2202 2025 2271 2078; x_wconf 73' lang='grc' dir='ltr'>χρὴ</span> <span class='ocrx_word' id='word_1_656' title='bbox 2285 2055 2294 2072; x_wconf 89' lang='grc'>,</span> <span class='ocrx_word' id='word_1_657' title='bbox 2315 2027 2374 2064; x_wconf 84' lang='grc' dir='ltr'>καὶ</span> 
     </span>
     <span class='ocr_line' id='line_1_93' title="bbox 1354 2086 2374 2139; baseline -0.001 -14"><span class='ocrx_word' id='word_1_658' title='bbox 1354 2090 1428 2130; x_wconf 84' lang='grc' dir='ltr'>πῶς</span> <span class='ocrx_word' id='word_1_659' title='bbox 1455 2088 1524 2126; x_wconf 79' lang='grc' dir='ltr'>ἀπὸ</span> <span class='ocrx_word' id='word_1_660' title='bbox 1550 2088 1743 2132; x_wconf 82' lang='grc' dir='ltr'>κενοδοξίας</span> <span class='ocrx_word' id='word_1_661' title='bbox 1769 2087 1884 2125; x_wconf 81' lang='grc' dir='ltr'>πάντα</span> <span class='ocrx_word' id='word_1_662' title='bbox 1913 2089 2006 2138; x_wconf 81' lang='grc' dir='ltr'>αὐτῷ</span> <span class='ocrx_word' id='word_1_663' title='bbox 2025 2086 2069 2124; x_wconf 76' lang='grc' dir='ltr'>τὰ</span> <span class='ocrx_word' id='word_1_664' title='bbox 2095 2087 2290 2139; x_wconf 82' lang='grc' dir='ltr'>γράμματα</span> <span class='ocrx_word' id='word_1_665' title='bbox 2310 2088 2374 2134; x_wconf 81' lang='grc' dir='ltr'>τὴν</span> 
     </span>
     <span class='ocr_line' id='line_1_94' title="bbox 1355 2148 1619 2200; baseline 0 -14"><span class='ocrx_word' id='word_1_666' title='bbox 1355 2148 1515 2186; x_wconf 80' lang='grc' dir='ltr'>ὑπόθεσιν</span> <span class='ocrx_word' id='word_1_667' title='bbox 1534 2149 1619 2200; x_wconf 71' lang='grc' dir='ltr'>ἔχει.</span> 
     </span>
    </p>

    <p class='ocr_par' dir='ltr' id='par_1_16' title="bbox 1350 2205 2375 3222">
     <span class='ocr_line' id='line_1_95' title="bbox 1407 2205 2375 2258; baseline 0.001 -14"><span class='ocrx_word' id='word_1_668' title='bbox 1407 2207 1496 2244; x_wconf 80' lang='grc' dir='ltr'>Ἀλλ’</span> <span class='ocrx_word' id='word_1_669' title='bbox 1519 2207 1667 2250; x_wconf 80' lang='grc' dir='ltr'>ἐκείνους</span> <span class='ocrx_word' id='word_1_670' title='bbox 1695 2207 1857 2258; x_wconf 71' lang='grc' dir='ltr'>ἀφέντες,</span> <span class='ocrx_word' id='word_1_671' title='bbox 1877 2206 1962 2257; x_wconf 80' lang='grc' dir='ltr'>πρὸς</span> <span class='ocrx_word' id='word_1_672' title='bbox 1995 2208 2088 2255; x_wconf 75' lang='grc' dir='ltr'>ἡμᾶς</span> <span class='ocrx_word' id='word_1_673' title='bbox 2117 2205 2239 2249; x_wconf 75' lang='grc' dir='ltr'>αὐτοὺς</span> <span class='ocrx_word' id='word_1_674' title='bbox 2259 2207 2375 2245; x_wconf 89' lang='grc' dir='ltr'>διαλε-</span> 
     </span>
     <span class='ocr_line' id='line_1_96' title="bbox 1352 2265 2372 2317; baseline 0.002 -14"><span class='ocrx_word' id='word_1_675' title='bbox 1352 2270 1507 2317; x_wconf 73' lang='grc' dir='ltr'>χθῶμεν.</span> <span class='ocrx_word' id='word_1_676' title='bbox 1535 2267 1637 2305; x_wconf 81' lang='grc' dir='ltr'>Μετὰ</span> <span class='ocrx_word' id='word_1_677' title='bbox 1658 2267 1723 2317; x_wconf 81' lang='grc' dir='ltr'>γὰρ</span> <span class='ocrx_word' id='word_1_678' title='bbox 1751 2269 1820 2303; x_wconf 81' lang='grc' dir='ltr'>τῶν</span> <span class='ocrx_word' id='word_1_679' title='bbox 1842 2265 2048 2316; x_wconf 76' lang='grc' dir='ltr'>εἰρημένων,</span> <span class='ocrx_word' id='word_1_680' title='bbox 2074 2266 2133 2303; x_wconf 78' lang='grc' dir='ltr'>καὶ</span> <span class='ocrx_word' id='word_1_681' title='bbox 2160 2267 2261 2304; x_wconf 70' lang='grc' dir='ltr'>τοῦτο’</span> <span class='ocrx_word' id='word_1_682' title='bbox 2281 2270 2372 2305; x_wconf 81' lang='grc' dir='ltr'>ἐστιν</span> 
     </span>
     <span class='ocr_line' id='line_1_97' title="bbox 1355 2326 2372 2375; baseline 0.002 -12"><span class='ocrx_word' id='word_1_683' title='bbox 1355 2329 1474 2374; x_wconf 82' lang='grc' dir='ltr'>εἰπεῖν,</span> <span class='ocrx_word' id='word_1_684' title='bbox 1494 2326 1546 2364; x_wconf 76' lang='grc' dir='ltr'>ὅτι</span> <span class='ocrx_word' id='word_1_685' title='bbox 1569 2327 1628 2364; x_wconf 80' lang='grc' dir='ltr'>καὶ</span> <span class='ocrx_word' id='word_1_686' title='bbox 1653 2326 1741 2375; x_wconf 78' lang='grc' dir='ltr'>μετὰ</span> <span class='ocrx_word' id='word_1_687' title='bbox 1768 2326 1930 2363; x_wconf 80' lang='grc' dir='ltr'>κινδύνων</span> <span class='ocrx_word' id='word_1_688' title='bbox 1950 2331 2058 2363; x_wconf 74' lang='grc' dir='ltr'>ταῦτα</span> <span class='ocrx_word' id='word_1_689' title='bbox 2077 2327 2264 2365; x_wconf 83' lang='grc' dir='ltr'>ἐπείθοντο.</span> <span class='ocrx_word' id='word_1_690' title='bbox 2281 2327 2297 2348; x_wconf 80' lang='lat'>¹³</span> <span class='ocrx_word' id='word_1_691' title='bbox 2311 2328 2372 2374; x_wconf 77' lang='grc' dir='ltr'>Μὴ</span> 
     </span>
     <span class='ocr_line' id='line_1_98' title="bbox 1354 2382 2371 2438; baseline 0 -14"><span class='ocrx_word' id='word_1_692' title='bbox 1354 2382 1411 2424; x_wconf 62' lang='grc' dir='ltr'>οἶν</span> <span class='ocrx_word' id='word_1_693' title='bbox 1433 2386 1651 2438; x_wconf 74' lang='grc' dir='ltr'>ἀναισχύντει</span> <span class='ocrx_word' id='word_1_694' title='bbox 1663 2416 1672 2433; x_wconf 93' lang='grc'>,</span> <span class='ocrx_word' id='word_1_695' title='bbox 1689 2388 1764 2423; x_wconf 87' lang='grc' dir='ltr'>ἀλλ’</span> <span class='ocrx_word' id='word_1_696' title='bbox 1787 2386 2000 2434; x_wconf 79' lang='grc' dir='ltr'>ἐννοήσωμεν</span> <span class='ocrx_word' id='word_1_697' title='bbox 2020 2386 2151 2432; x_wconf 80' lang='grc' dir='ltr'>ἐκείνην</span> <span class='ocrx_word' id='word_1_698' title='bbox 2167 2385 2229 2431; x_wconf 80' lang='grc' dir='ltr'>τὴν</span> <span class='ocrx_word' id='word_1_699' title='bbox 2244 2387 2349 2424; x_wconf 78' lang='grc' dir='ltr'>νύκτα</span> <span class='ocrx_word' id='word_1_700' title='bbox 2361 2418 2371 2435; x_wconf 94' lang='grc'>,</span> 
     </span>
     <span class='ocr_line' id='line_1_99' title="bbox 1354 2445 2371 2498; baseline -0.001 -13"><span class='ocrx_word' id='word_1_701' title='bbox 1354 2447 1392 2485; x_wconf 78' lang='grc' dir='ltr'>τὸ</span> <span class='ocrx_word' id='word_1_702' title='bbox 1412 2446 1519 2493; x_wconf 78' lang='grc' dir='ltr'>ξύλον,</span> <span class='ocrx_word' id='word_1_703' title='bbox 1539 2446 1615 2489; x_wconf 73' lang='grc' dir='ltr'>τοὺς</span> <span class='ocrx_word' id='word_1_704' title='bbox 1634 2445 1760 2496; x_wconf 80' lang='grc' dir='ltr'>ὕμνους</span> <span class='ocrx_word' id='word_1_705' title='bbox 1772 2476 1781 2491; x_wconf 90' lang='lat'>,</span> <span class='ocrx_word' id='word_1_706' title='bbox 1802 2445 1861 2482; x_wconf 74' lang='grc' dir='ltr'>καὶ</span> <span class='ocrx_word' id='word_1_707' title='bbox 1880 2451 1979 2483; x_wconf 71' lang='grc' dir='ltr'>τοῦτο</span> <span class='ocrx_word' id='word_1_708' title='bbox 1997 2452 2106 2483; x_wconf 87' lang='grc' dir='ltr'>ποιεῖν</span> <span class='ocrx_word' id='word_1_709' title='bbox 2125 2447 2371 2498; x_wconf 72' lang='grc' dir='ltr'>σπουδαζωμεν</span> 
     </span>
     <span class='ocr_line' id='line_1_100' title="bbox 1354 2506 2371 2558; baseline -0.001 -13"><span class='ocrx_word' id='word_1_710' title='bbox 1354 2507 1413 2545; x_wconf 78' lang='grc' dir='ltr'>καὶ</span> <span class='ocrx_word' id='word_1_711' title='bbox 1445 2511 1546 2558; x_wconf 70' lang='grc' dir='ltr'>ἡμεῖς</span> <span class='ocrx_word' id='word_1_712' title='bbox 1559 2537 1568 2554; x_wconf 84' lang='grc'>,</span> <span class='ocrx_word' id='word_1_713' title='bbox 1596 2507 1654 2544; x_wconf 80' lang='grc' dir='ltr'>καὶ</span> <span class='ocrx_word' id='word_1_714' title='bbox 1683 2506 1859 2556; x_wconf 79' lang='grc' dir='ltr'>ἀνοίξομεν</span> <span class='ocrx_word' id='word_1_715' title='bbox 1897 2509 1981 2555; x_wconf 70' lang='grc' dir='ltr'>ἡμῖν</span> <span class='ocrx_word' id='word_1_716' title='bbox 2012 2507 2089 2557; x_wconf 71' lang='grc' dir='ltr'>οὐχὶ</span> <span class='ocrx_word' id='word_1_717' title='bbox 2120 2507 2371 2558; x_wconf 70' lang='grc' dir='ltr'>δεσμωτήριον,</span> 
     </span>
     <span class='ocr_line' id='line_1_101' title="bbox 1354 2565 2371 2619; baseline 0.001 -14"><span class='ocrx_word' id='word_1_718' title='bbox 1354 2570 1429 2605; x_wconf 79' lang='grc' dir='ltr'>ἀλλ’</span> <span class='ocrx_word' id='word_1_719' title='bbox 1447 2566 1600 2618; x_wconf 78' lang='grc' dir='ltr'>οὐρανόν.</span> <span class='ocrx_word' id='word_1_720' title='bbox 1617 2565 1676 2604; x_wconf 80' lang='grc' dir='ltr'>Ἂν</span> <span class='ocrx_word' id='word_1_721' title='bbox 1696 2566 1878 2618; x_wconf 74' lang='grc' dir='ltr'>εὐχώμεθα</span> <span class='ocrx_word' id='word_1_722' title='bbox 1892 2596 1900 2612; x_wconf 96' lang='grc'>,</span> <span class='ocrx_word' id='word_1_723' title='bbox 1922 2566 1980 2604; x_wconf 79' lang='grc' dir='ltr'>καὶ</span> <span class='ocrx_word' id='word_1_724' title='bbox 1999 2567 2055 2604; x_wconf 78' lang='grc' dir='ltr'>τὸν</span> <span class='ocrx_word' id='word_1_725' title='bbox 2078 2568 2218 2619; x_wconf 83' lang='grc' dir='ltr'>οὐρανὸν</span> <span class='ocrx_word' id='word_1_726' title='bbox 2240 2568 2371 2612; x_wconf 72' lang='grc' dir='ltr'>ἀνοῖξαι</span> 
     </span>
     <span class='ocr_line' id='line_1_102' title="bbox 1353 2626 2369 2680; baseline -0.001 -14"><span class='ocrx_word' id='word_1_727' title='bbox 1353 2627 1581 2678; x_wconf 72' lang='grc' dir='ltr'>δυνησόμεθα.</span> <span class='ocrx_word' id='word_1_728' title='bbox 1602 2627 1725 2669; x_wconf 80' lang='grc' dir='ltr'>Ἠλίας</span> <span class='ocrx_word' id='word_1_729' title='bbox 1750 2627 1808 2664; x_wconf 84' lang='grc' dir='ltr'>καὶ</span> <span class='ocrx_word' id='word_1_730' title='bbox 1827 2626 1960 2664; x_wconf 77' lang='grc' dir='ltr'>ἔκλεισε</span> <span class='ocrx_word' id='word_1_731' title='bbox 1979 2627 2038 2664; x_wconf 81' lang='grc' dir='ltr'>καὶ</span> <span class='ocrx_word' id='word_1_732' title='bbox 2059 2627 2171 2672; x_wconf 74' lang='grc' dir='ltr'>ἤνοιξε</span> <span class='ocrx_word' id='word_1_733' title='bbox 2189 2627 2246 2665; x_wconf 81' lang='grc' dir='ltr'>τὸν</span> <span class='ocrx_word' id='word_1_734' title='bbox 2268 2631 2369 2680; x_wconf 72' lang='grc' dir='ltr'>οὐρα·</span> 
     </span>
     <span class='ocr_line' id='line_1_103' title="bbox 1351 2686 2370 2740; baseline -0.003 -12"><span class='ocrx_word' id='word_1_735' title='bbox 1351 2690 1406 2728; x_wconf 66' lang='grc' dir='ltr'>νον</span> <span class='ocrx_word' id='word_1_736' title='bbox 1421 2693 1462 2739; x_wconf 77' lang='grc' dir='ltr'>τῇ</span> <span class='ocrx_word' id='word_1_737' title='bbox 1481 2690 1576 2740; x_wconf 70' lang='grc' dir='ltr'>εὐχῇ.</span> <span class='ocrx_word' id='word_1_738' title='bbox 1595 2686 1698 2726; x_wconf 85' lang='grc' dir='ltr'>Ἔστι</span> <span class='ocrx_word' id='word_1_739' title='bbox 1716 2687 1776 2725; x_wconf 80' lang='grc' dir='ltr'>καὶ</span> <span class='ocrx_word' id='word_1_740' title='bbox 1795 2689 1829 2724; x_wconf 82' lang='grc' dir='ltr'>ἐν</span> <span class='ocrx_word' id='word_1_741' title='bbox 1852 2689 1986 2739; x_wconf 76' lang='grc' dir='ltr'>οὐρανῷ</span> <span class='ocrx_word' id='word_1_742' title='bbox 2007 2688 2254 2738; x_wconf 84' lang='grc' dir='ltr'>δεσμωτήριον.</span> <span class='ocrx_word' id='word_1_743' title='bbox 2276 2688 2370 2727; x_wconf 66' lang='grc' dir='ltr'>ΕΌσα</span> 
     </span>
     <span class='ocr_line' id='line_1_104' title="bbox 1355 2747 2370 2801; baseline -0.002 -15"><span class='ocrx_word' id='word_1_744' title='bbox 1355 2750 1407 2797; x_wconf 83' lang='grc' dir='ltr'>ἂν,</span> <span class='ocrx_word' id='word_1_745' title='bbox 1427 2749 1510 2801; x_wconf 63' lang='grc' dir='ltr'>φησὶ</span> <span class='ocrx_word' id='word_1_746' title='bbox 1524 2779 1533 2794; x_wconf 92' lang='grc'>,</span> <span class='ocrx_word' id='word_1_747' title='bbox 1563 2748 1691 2794; x_wconf 77' lang='grc' dir='ltr'>δήσητε</span> <span class='ocrx_word' id='word_1_748' title='bbox 1714 2748 1771 2784; x_wconf 78' lang='grc' dir='ltr'>ἐπὶ</span> <span class='ocrx_word' id='word_1_749' title='bbox 1789 2750 1850 2793; x_wconf 64' lang='grc' dir='ltr'>τῆς</span> <span class='ocrx_word' id='word_1_750' title='bbox 1866 2751 1928 2798; x_wconf 68' lang='grc' dir='ltr'>γῆς</span> <span class='ocrx_word' id='word_1_751' title='bbox 1940 2777 1949 2794; x_wconf 91' lang='grc'>,</span> <span class='ocrx_word' id='word_1_752' title='bbox 1967 2747 2066 2784; x_wconf 83' lang='grc' dir='ltr'>ἔσται</span> <span class='ocrx_word' id='word_1_753' title='bbox 2086 2747 2250 2796; x_wconf 80' lang='grc' dir='ltr'>δεδεμένα</span> <span class='ocrx_word' id='word_1_754' title='bbox 2267 2750 2301 2785; x_wconf 82' lang='grc' dir='ltr'>ἐν</span> <span class='ocrx_word' id='word_1_755' title='bbox 2320 2751 2370 2799; x_wconf 79' lang='grc' dir='ltr'>τῷ</span> 
     </span>
     <span class='ocr_line' id='line_1_105' title="bbox 1354 2807 2369 2862; baseline -0.002 -14"><span class='ocrx_word' id='word_1_756' title='bbox 1354 2811 1498 2862; x_wconf 77' lang='grc' dir='ltr'>οὖρανῷ.</span> <span class='ocrx_word' id='word_1_757' title='bbox 1520 2808 1715 2860; x_wconf 73' lang='grc' dir='ltr'>Εὐχώμεθα</span> <span class='ocrx_word' id='word_1_758' title='bbox 1747 2808 1837 2846; x_wconf 73' lang='grc' dir='ltr'>κατὰ</span> <span class='ocrx_word' id='word_1_759' title='bbox 1857 2807 1963 2844; x_wconf 81' lang='grc' dir='ltr'>νύκτα</span> <span class='ocrx_word' id='word_1_760' title='bbox 1978 2837 1988 2854; x_wconf 91' lang='grc'>,</span> <span class='ocrx_word' id='word_1_761' title='bbox 2012 2807 2068 2844; x_wconf 71' lang='grc' dir='ltr'>καὶ</span> <span class='ocrx_word' id='word_1_762' title='bbox 2089 2807 2239 2856; x_wconf 85' lang='grc' dir='ltr'>λύσομεν</span> <span class='ocrx_word' id='word_1_763' title='bbox 2259 2811 2369 2846; x_wconf 77' lang='grc' dir='ltr'>ταῦτα</span> 
     </span>
     <span class='ocr_line' id='line_1_106' title="bbox 1354 2866 2371 2920; baseline -0.002 -13"><span class='ocrx_word' id='word_1_764' title='bbox 1354 2870 1398 2907; x_wconf 82' lang='grc' dir='ltr'>τὰ</span> <span class='ocrx_word' id='word_1_765' title='bbox 1415 2870 1538 2919; x_wconf 76' lang='grc' dir='ltr'>δεσμά.</span> <span class='ocrx_word' id='word_1_766' title='bbox 1553 2868 1647 2918; x_wconf 66' lang='grc' dir='ltr'>ζΌτιι</span> <span class='ocrx_word' id='word_1_767' title='bbox 1659 2868 1725 2920; x_wconf 81' lang='grc' dir='ltr'>γὰρ</span> <span class='ocrx_word' id='word_1_768' title='bbox 1746 2868 1846 2919; x_wconf 77' lang='grc' dir='ltr'>εὐχαὶ</span> <span class='ocrx_word' id='word_1_769' title='bbox 1865 2866 2104 2918; x_wconf 83' lang='grc' dir='ltr'>ἁμαρτήματα</span> <span class='ocrx_word' id='word_1_770' title='bbox 2131 2867 2268 2915; x_wconf 78' lang='grc' dir='ltr'>λύουσι,</span> <span class='ocrx_word' id='word_1_771' title='bbox 2292 2883 2371 2905; x_wconf 87' lang='grc' dir='ltr'>πει-</span> 
     </span>
     <span class='ocr_line' id='line_1_107' title="bbox 1355 2927 2370 2983; baseline 0 -15"><span class='ocrx_word' id='word_1_772' title='bbox 1355 2931 1441 2968; x_wconf 82' lang='grc' dir='ltr'>θέτω</span> <span class='ocrx_word' id='word_1_773' title='bbox 1473 2934 1564 2979; x_wconf 68' lang='grc' dir='ltr'>’ἡμᾶς</span> <span class='ocrx_word' id='word_1_774' title='bbox 1582 2933 1604 2976; x_wconf 78' lang='grc' dir='ltr'>ἡ</span> <span class='ocrx_word' id='word_1_775' title='bbox 1624 2930 1738 2983; x_wconf 76' lang='grc' dir='ltr'>χήρα,</span> <span class='ocrx_word' id='word_1_776' title='bbox 1754 2929 1903 2967; x_wconf 80' lang='grc' dir='ltr'>πειθέτω</span> <span class='ocrx_word' id='word_1_777' title='bbox 1929 2932 2023 2977; x_wconf 71' lang='grc' dir='ltr'>ἡμᾶς</span> <span class='ocrx_word' id='word_1_778' title='bbox 2048 2927 2174 2970; x_wconf 76' lang='grc' dir='ltr'>ἐκεῖνος</span> <span class='ocrx_word' id='word_1_779' title='bbox 2193 2931 2210 2965; x_wconf 88' lang='lat'><em>6</em></span> <span class='ocrx_word' id='word_1_780' title='bbox 2230 2928 2325 2980; x_wconf 69' lang='grc' dir='ltr'>φίλος</span> <span class='ocrx_word' id='word_1_781' title='bbox 2353 2933 2370 2968; x_wconf 83' lang='grc' dir='ltr'>ὁ</span> 
     </span>
     <span class='ocr_line' id='line_1_108' title="bbox 1356 2988 2369 3044; baseline -0.003 -16"><span class='ocrx_word' id='word_1_782' title='bbox 1356 2992 1442 3044; x_wconf 83' lang='grc' dir='ltr'>ἀωρὶ</span> <span class='ocrx_word' id='word_1_783' title='bbox 1456 2993 1523 3028; x_wconf 85' lang='grc' dir='ltr'>τῶν</span> <span class='ocrx_word' id='word_1_784' title='bbox 1537 2994 1669 3029; x_wconf 82' lang='grc' dir='ltr'>νυκτῶν</span> <span class='ocrx_word' id='word_1_785' title='bbox 1686 2989 1857 3040; x_wconf 80' lang='grc' dir='ltr'>ἐπιμένων</span> <span class='ocrx_word' id='word_1_786' title='bbox 1874 2989 1932 3026; x_wconf 80' lang='grc' dir='ltr'>καὶ</span> <span class='ocrx_word' id='word_1_787' title='bbox 1952 2988 2100 3040; x_wconf 77' lang='grc' dir='ltr'>κρούων,</span> <span class='ocrx_word' id='word_1_788' title='bbox 2116 2988 2264 3026; x_wconf 80' lang='grc' dir='ltr'>πειθέτω</span> <span class='ocrx_word' id='word_1_789' title='bbox 2278 2992 2369 3039; x_wconf 74' lang='grc' dir='ltr'>ἡμᾶς</span> 
     </span>
     <span class='ocr_line' id='line_1_109' title="bbox 1351 3048 2370 3105; baseline -0.005 -16"><span class='ocrx_word' id='word_1_790' title='bbox 1351 3053 1540 3105; x_wconf 83' lang='grc' dir='ltr'>Κορνήλιος</span> <span class='ocrx_word' id='word_1_791' title='bbox 1553 3068 1560 3074; x_wconf 93' lang='grc'><em>·</em></span> <span class='ocrx_word' id='word_1_792' title='bbox 1572 3054 1615 3089; x_wconf 78' lang='grc' dir='ltr'>Αἱ</span> <span class='ocrx_word' id='word_1_793' title='bbox 1631 3049 1823 3102; x_wconf 67' lang='grc' dir='ltr'>προσευχαί</span> <span class='ocrx_word' id='word_1_794' title='bbox 1838 3065 1897 3087; x_wconf 91' lang='grc' dir='ltr'>σου</span> <span class='ocrx_word' id='word_1_795' title='bbox 1912 3049 1997 3099; x_wconf 80' lang='grc' dir='ltr'>γὰρ,</span> <span class='ocrx_word' id='word_1_796' title='bbox 2018 3049 2100 3099; x_wconf 71' lang='grc' dir='ltr'>φησὶ</span> <span class='ocrx_word' id='word_1_797' title='bbox 2114 3077 2122 3094; x_wconf 90' lang='grc'>,</span> <span class='ocrx_word' id='word_1_798' title='bbox 2141 3048 2200 3085; x_wconf 77' lang='grc' dir='ltr'>καὶ</span> <span class='ocrx_word' id='word_1_799' title='bbox 2221 3050 2255 3085; x_wconf 84' lang='grc' dir='ltr'>αἱ</span> <span class='ocrx_word' id='word_1_800' title='bbox 2269 3050 2370 3095; x_wconf 80' lang='grc' dir='ltr'>ἐλεη-</span> 
     </span>
     <span class='ocr_line' id='line_1_110' title="bbox 1350 3109 2369 3161; baseline -0.001 -12"><span class='ocrx_word' id='word_1_801' title='bbox 1350 3112 1450 3149; x_wconf 75' lang='grc' dir='ltr'>σύναι</span> <span class='ocrx_word' id='word_1_802' title='bbox 1470 3127 1529 3150; x_wconf 85' lang='grc' dir='ltr'>σου</span> <span class='ocrx_word' id='word_1_803' title='bbox 1550 3111 1723 3156; x_wconf 61' lang='grc' dir='ltr'>ἀνέδησαν</span> <span class='ocrx_word' id='word_1_804' title='bbox 1744 3109 1887 3146; x_wconf 78' lang='grc' dir='ltr'>ἐνώπιον</span> <span class='ocrx_word' id='word_1_805' title='bbox 1902 3113 1961 3147; x_wconf 78' lang='grc' dir='ltr'>τοῦ</span> <span class='ocrx_word' id='word_1_806' title='bbox 1978 3111 2069 3146; x_wconf 73' lang='grc' dir='ltr'>Θεοῦ</span> <span class='ocrx_word' id='word_1_807' title='bbox 2082 3125 2090 3132; x_wconf 85' lang='grc'><em>·</em></span> <span class='ocrx_word' id='word_1_808' title='bbox 2111 3109 2259 3148; x_wconf 78' lang='grc' dir='ltr'>πειθέτω</span> <span class='ocrx_word' id='word_1_809' title='bbox 2274 3114 2369 3161; x_wconf 68' lang='grc' dir='ltr'>ἡμᾶς</span> 
     </span>
     <span class='ocr_line' id='line_1_111' title="bbox 1350 3169 2365 3222; baseline -0.005 -11"><span class='ocrx_word' id='word_1_810' title='bbox 1350 3175 1488 3215; x_wconf 76' lang='grc' dir='ltr'>Παῦλος</span> <span class='ocrx_word' id='word_1_811' title='bbox 1502 3202 1512 3220; x_wconf 91' lang='grc'>,</span> <span class='ocrx_word' id='word_1_812' title='bbox 1529 3172 1639 3222; x_wconf 79' lang='grc' dir='ltr'>λέγων</span> <span class='ocrx_word' id='word_1_813' title='bbox 1654 3186 1662 3193; x_wconf 93' lang='grc'><em>·</em></span> <span class='ocrx_word' id='word_1_814' title='bbox 1684 3170 1728 3207; x_wconf 86' lang='lat' dir='ltr'>‘H</span> <span class='ocrx_word' id='word_1_815' title='bbox 1750 3170 1784 3207; x_wconf 84' lang='grc' dir='ltr'>δὲ</span> <span class='ocrx_word' id='word_1_816' title='bbox 1809 3170 1914 3212; x_wconf 84' lang='grc' dir='ltr'>ὄντως</span> <span class='ocrx_word' id='word_1_817' title='bbox 1938 3169 2032 3221; x_wconf 78' lang='grc' dir='ltr'>χήρα</span> <span class='ocrx_word' id='word_1_818' title='bbox 2057 3170 2116 3207; x_wconf 82' lang='grc' dir='ltr'>καὶ</span> <span class='ocrx_word' id='word_1_819' title='bbox 2138 3170 2365 3220; x_wconf 79' lang='grc' dir='ltr'>μεμονωμένη</span> 
     </span>
    </p>
   </div>
   <div class='ocr_carea' id='block_1_15' title="bbox 1357 3286 2362 3437">
    <p class='ocr_par' dir='ltr' id='par_1_17' title="bbox 1357 3286 2362 3437">
     <span class='ocr_line' id='line_1_112' title="bbox 1357 3286 2186 3334; baseline -0.005 -10"><span class='ocrx_word' id='word_1_820' title='bbox 1357 3292 1422 3324; x_wconf 74' lang='lat' dir='ltr'>suis</span> <span class='ocrx_word' id='word_1_821' title='bbox 1440 3292 1555 3334; x_wconf 62' lang='lat' dir='ltr'>viginti</span> <span class='ocrx_word' id='word_1_822' title='bbox 1573 3291 1735 3323; x_wconf 73' lang='lat' dir='ltr'>minarum</span> <span class='ocrx_word' id='word_1_823' title='bbox 1751 3288 1858 3330; x_wconf 85' lang='lat' dir='ltr'>pretio</span> <span class='ocrx_word' id='word_1_824' title='bbox 1874 3286 2059 3320; x_wconf 84' lang='lat' dir='ltr'>redemtum</span> <span class='ocrx_word' id='word_1_825' title='bbox 2077 3288 2186 3320; x_wconf 71' lang='lat' dir='ltr'>fuisse.</span> 
     </span>
     <span class='ocr_line' id='line_1_113' title="bbox 1400 3339 2362 3386; baseline -0.004 -12"><span class='ocrx_word' id='word_1_826' title='bbox 1400 3345 1416 3367; x_wconf 83' lang='lat' dir='ltr'>b</span> <span class='ocrx_word' id='word_1_827' title='bbox 1444 3342 1505 3374; x_wconf 81' lang='lat' dir='ltr'>Alii</span> <span class='ocrx_word' id='word_1_828' title='bbox 1525 3349 1569 3386; x_wconf 80' lang='grc' dir='ltr'>μὴ</span> <span class='ocrx_word' id='word_1_829' title='bbox 1593 3346 1627 3380; x_wconf 75' lang='grc' dir='ltr'>δὴ</span> <span class='ocrx_word' id='word_1_830' title='bbox 1653 3343 1837 3383; x_wconf 72' lang='grc' dir='ltr'>ἀναισχύντει</span> <span class='ocrx_word' id='word_1_831' title='bbox 1861 3342 1920 3373; x_wconf 72' lang='grc' dir='ltr'>οὖν.</span> <span class='ocrx_word' id='word_1_832' title='bbox 1939 3340 2039 3381; x_wconf 83' lang='lat' dir='ltr'>[Mox</span> <span class='ocrx_word' id='word_1_833' title='bbox 2066 3351 2082 3371; x_wconf 84' lang='lat' dir='ltr'>e</span> <span class='ocrx_word' id='word_1_834' title='bbox 2110 3339 2219 3374; x_wconf 85' lang='lat' dir='ltr'>Codd.</span> <span class='ocrx_word' id='word_1_835' title='bbox 2239 3339 2362 3372; x_wconf 77' lang='lat' dir='ltr'>nostris</span> 
     </span>
     <span class='ocr_line' id='line_1_114' title="bbox 1357 3390 2146 3437; baseline -0.008 -10"><span class='ocrx_word' id='word_1_836' title='bbox 1357 3399 1535 3437; x_wconf 71' lang='grc' dir='ltr'>ἐννοήσωμεν</span> <span class='ocrx_word' id='word_1_837' title='bbox 1550 3390 1700 3425; x_wconf 70' lang='lat' dir='ltr'>dedimus</span> <span class='ocrx_word' id='word_1_838' title='bbox 1720 3402 1780 3433; x_wconf 83' lang='lat' dir='ltr'>pro</span> <span class='ocrx_word' id='word_1_839' title='bbox 1796 3390 1969 3423; x_wconf 77' lang='lat' dir='ltr'>Editorum</span> <span class='ocrx_word' id='word_1_840' title='bbox 1990 3392 2146 3432; x_wconf 58' lang='lat' dir='ltr'>{auimo-2]</span> 
     </span>
    </p>
   </div>
  </div>
 </body>
</html>
