2502 3810
684 258 728 286 IN
765 257 880 287 ACTA
916 257 1235 288 APOSTOLORUM
1242 277 1252 286 .

91 337 200 389 ρανῶν
215 351 222 359 ·
242 335 372 378 ἔδωκάς
397 351 455 387 μοι
474 336 596 388 ἄρτον,
616 335 742 387 δίδωμί
764 352 818 374 σοι
839 337 1017 388 βασιλείαν
1032 336 1106 375 ὁλό-

88 399 235 448 κληρον,
265 412 356 434 ωστε
389 399 650 449 κληρονομησαι
680 413 739 435 και
773 403 974 449 κατασγεῖν.
1001 400 1107 436 Δεῦτε

87 457 173 508 γὰρ,
205 458 312 509 φησὶ,
336 457 624 508 κληρονομήσατε
652 473 716 503 ττν
741 458 1004 508 ’ἡτοιμασμένην
1026 462 1106 508 ὑμῖν

2067 244 2156 288 583

1179 336 1317 375 solvisti
1337 336 1425 374 mihi
1441 337 1590 385 samem3
1613 336 1750 376 solvam
1764 336 1830 374 tibi
1849 345 1991 389 peecata
2012 337 2158 376 :vidisti

1178 411 1233 434 me
1265 397 1445 445 vinctum;
1467 397 1583 436 videri
1618 405 1652 434 te
1679 397 1803 434 fficiam
1832 397 2014 435 solutum:
2034 397 2159 436 vidisti

1177 471 1233 494 me
1259 457 1504 509 pelegr5inum
1528 456 1656 494 faciam
1685 466 1718 494 te
1740 457 1852 495 civem
1873 458 2040 496 caelorum
2063 475 2070 496 :
2093 459 2157 496 de-

1291 256 1445 287 HOMIL.
1484 256 1591 287 XLV.

90 517 279 568 βασιλείαν.
297 519 374 555 Οὐκ
394 522 486 563 εἰπε,
507 518 645 564 rotem,
669 518 778 563 ἀλλὰ,
800 519 1106 571 Κληρονομησατε,
1131 523 1154 554 Β
1178 516 1262 554 disti
1293 517 1384 554 mihi
1414 530 1559 568 panem3
1580 517 1626 554 do
1645 517 1710 554 tibi
1732 531 1880 569 iegnum
1900 528 2031 567 totum,
2052 529 2092 557 ut
2112 519 2155 556 il-

86 577 171 628 ὅπερ

86 638 264 690 λέγωμεν·

87 701 242 750 κρυπτιὶ,
259 698 342 762 &insti
345 699 482 750 κηρύξω
499 702 533 737 ἐν
554 703 707 751 φανερῷ·
724 716 784 738 και
799 699 842 736 τὰ
858 699 918 749 μὲν
940 699 984 737 σὰ
1001 699 1105 750 λέγω,

87 758 126 795 ὅτ
131 776 140 796 ι
158 759 301 810 χάριτος
320 764 374 806 ἦν,
391 760 434 797 τὰ
462 759 497 797 δὲ
518 759 598 810 ἐμὰ,
619 761 768 811 ὀφειλῆς.
793 758 939 804 Επειδὴ
959 759 1025 809 γὰρ
1045 774 1105 806 συ,

87 819 207 869 φησὶν,
225 819 336 867 ἤρξω,
356 819 423 873 ἐγὼ
443 819 573 870 ε’πομαι
592 819 651 856 καὶ
673 820 759 855 ἀκολ
761 815 871 854 ουθῶ·
894 818 956 854 οὐκ
975 817 1105 867 αἰσχύ-

87 893 189 927 νομαι
209 881 423 929 ὁμολογῆσαι
446 879 507 921 τὰς
533 881 580 920 εἷς
598 877 659 927 ἐμὲ
678 875 864 927 γενομένας
889 876 1103 926 εὐεργεσίας,

86 937 162 975 οὐδὲ
181 938 282 975 τίνων
304 955 346 987 με
373 938 592 984 ἀπήλλαξας,
611 939 714 986 λιμοῦ
732 936 791 973 καὶ
812 935 1024 985 γυμνότητος
1043 934 1104 970 καὶ

86 997 229 1043 πλάνης.
252 992 350 1040 Εῗδές
367 1013 410 1047 με
432 996 609 1046 δεδεμένον
623 1025 631 1040 ,
656 996 717 1032 οὐκ
736 995 813 1045 ὄψει
831 994 869 1030 τὸ
884 997 946 1039 τῆς
964 993 1104 1043 γεέννης

83 1060 153 1108 πῦρ
169 1073 176 1079 ·
196 1052 281 1100 εἶδές
301 1072 344 1107 με
363 1059 623 1108 ἀρρωστοῦντα,
648 1057 710 1092 οὐκ
738 1054 815 1105 ὄψει
832 1053 876 1090 τὰ
895 1052 1103 1104 βασανιστή-

86 1131 141 1167 ρια
162 1117 236 1153 οὐδὲ
255 1115 316 1159 τὰς
332 1115 513 1168 τιμωρίας.
533 1114 580 1152 Ὢ
595 1121 708 1167 χεῖρες
728 1114 833 1156 ὄντως
852 1113 1098 1164 εὖλογημέναι,

81 1174 97 1195 ιι

205 594 262 615 επι
292 593 359 615 των
389 578 513 629 κυρίως
541 578 728 628 κτωμένων
758 578 916 629 λεγεται,
948 581 994 622 ὡς
1025 595 1105 616 οταν

302 638 380 676 τόδε
400 638 675 691 ἐκληρονόμησα.
700 639 895 715 Ἐπρίησας
920 642 967 683 εἷς
990 655 1050 689 εμε
1071 655 1104 676 εν

111 1179 146 1213 αἱ
171 1175 347 1218 τοιαύταις
366 1175 575 1226 οἰκονομίαις
608 1174 893 1224 διακονούμεναι,
929 1176 963 1211 αἱ
994 1189 1100 1211 κατα-

82 1233 254 1284 ξιούμεναι
274 1237 455 1285 ὑπηρετεῖν
474 1236 524 1285 τῷ
544 1235 700 1286 Χριστῷ.
723 1232 834 1276 Πόδες
850 1234 896 1276 εἷς
917 1231 1101 1283 δεσμωτή-

83 1310 140 1345 ρια
165 1293 358 1345 βαδίζοντες
379 1294 436 1332 διὰ
459 1294 518 1332 τὸν
550 1293 722 1346 Χριστὸν,
751 1293 899 1335 εὐκόλως
930 1294 1101 1330 κατατολ-

83 1357 174 1404 μῶσι
193 1358 252 1391 τοῦ
271 1354 377 1407 πυρός
393 1370 400 1377 ·
420 1355 457 1391 οὗ
478 1354 699 1404 λαμίόίνουσι
726 1360 848 1405 πεῖραν
874 1355 942 1390 τῶν
963 1353 1100 1403 δεσμῶν

80 1415 99 1433 *
114 1420 227 1466 χεῖρες
249 1418 284 1453 αἱ
308 1414 486 1465 δεδεμένον
518 1414 620 1452 αὐτὸν
644 1415 788 1452 ἰδοῦσαι.
805 1413 992 1457 Ἐνέδυσας
1012 1413 1100 1464 ἱμά-

79 1490 163 1522 τιον,
184 1475 243 1512 καὶ
261 1475 361 1527 ἐνδύῃ
391 1475 529 1526 ἱμάτιον
561 1474 733 1527 σωτηρίου
751 1490 759 1497 ·
778 1474 893 1525 ἐγένου
908 1475 942 1511 ἐν
962 1475 1101 1524 δεσμω-

79 1535 188 1588 τηρίῳ
207 1538 283 1586 μετ’
308 1539 411 1574 αὐτοῦ
424 1567 433 1583 ,
459 1536 518 1574 καὶ
536 1536 615 1588 γίνῃ
644 1538 678 1573 ἐν
709 1534 869 1586 βασιλείᾳ
889 1537 963 1585 μετ’
983 1536 1099 1572 αὐτοῦ.

79 1597 203 1634 Ταῦτα
233 1598 394 1647 ὁμολογεῖ
422 1597 484 1634 οὐκ
504 1596 769 1648 αἰσχυνόμενος,
799 1596 876 1632 ἀλλ’
900 1594 1018 1642 εἰδὼς,
1046 1595 1100 1632 ὅτι

80 1657 181 1694 αὐτὸν
202 1657 396 1709 ἐπεσκέψω.
412 1659 488 1694 Οὐκ
506 1657 582 1708 ᾔδει
598 1658 763 1708 ἀγγέλους
784 1654 918 1700 ξενίζων
941 1658 958 1692 ὃ
974 1671 1099 1706 πατρι-

79 1717 214 1768 άρχης,
246 1718 306 1755 καὶ
338 1717 493 1761 ἐξένιζεν.
517 1719 780 1768 Αἷσχυνθῶμεν,
815 1718 1032 1769 παρακαλῶ·
1062 1717 1097 1753 ἐν

79 1778 284 1831 μεσ·ημ6”ρίᾳ
313 1778 463 1825 ἐκάθητο
498 1780 551 1816 ἐπ’
587 1777 770 1828 ἀλλοτρίας
806 1776 866 1824 ὢν,
904 1778 988 1815 ὅπου
1021 1776 1096 1814 οὐδὲ

80 1840 178 1889 βῆμα
197 1840 299 1882 ποδὸς
315 1833 422 1890 εἶχε
408 1855 498 1883 ςενος
515 1834 569 1887 ἦν,
590 1837 679 1876 καὶ
665 1837 777 1881 ςένους
793 1837 962 1881 ἐξένιζεν(
950 1855 967 1875 0
983 1837 1096 1881 ξένος

77 1898 221 1946 πολίτης
207 1916 306 1953 ςγαρ
328 1916 370 1946 tv
387 1903 454 1937 τών
477 1901 643 1952 ουρανῶν.
666 1899 732 1936 Διὰ
751 1904 851 1937 τοῦτο
866 1897 940 1937 οὐδε
961 1898 1018 1935 επι
1034 1901 1098 1949 γης

77 1958 138 2007 ὢν,
155 1956 287 2005 ξένος
265 1965 319 2007 ἦν.
340 1961 465 2011 ἹΙμεῖς
492 1960 621 1999 ἐκείνου
641 1964 700 1998 τοῦ
727 1959 819 2003 ξενου
837 1959 1002 2010 μᾶλλον
988 1960 1094 2006 ςένοι,

79 2020 126 2071 μὴ
148 2021 328 2072 δεγόμενοι
344 2021 466 2064 ξένους.
500 2022 576 2059 Οὐκ
604 2024 694 2071 εἶχεν
715 2020 839 2067 οἰκίαν,
857 2020 914 2057 καὶ
935 2035 1025 2057 κατα
1028 2019 1096 2071 γώ-

76 2097 148 2132 γιον
169 2098 209 2128 ην
229 2084 292 2119 αὐτ
294 2099 322 2119 ω
344 2086 366 2128 ἡ
394 2081 516 2129 σκηνή,
540 2081 644 2119 Kott‘
632 2080 695 2132 όρα
714 2081 753 2119 τὸ
781 2081 942 2133 Bot3tks'g·
964 2081 1094 2132 μόσχον

77 2142 170 2189 ἔθυε,
200 2159 259 2180 και
293 2143 461 2195 ἅ)ευρα”
443 2158 577 2195 εφυρεν.
598 2141 720 2180 Ἄκουε
742 2158 801 2179 και
825 2158 863 2179 το
892 2142 1094 2195 πρόθυμον·

77 2203 121 2240 δι’
144 2205 265 2241 ἑαυτοῦ
294 2203 354 2242 καὶ
373 2208 433 2250 τῆς
460 2204 621 2254 γυναικὸς
642 2208 742 2241 τοῦτο
757 2209 860 2242 ποιεῖ.
884 2203 1015 2241 Σκόπει
1035 2203 1094 2241 καὶ

75 2263 114 2302 τὸ
131 2263 279 2316 ἄτυφον·
299 2270 485 2316 προσκυνεῖ
504 2264 563 2302 καὶ
583 2264 792 2316 παρακαλεῖ.

127 2517 252 2555 Πάντα
267 2517 335 2570 γὰρ
353 2520 463 2555 ταῦτα
485 2518 534 2554 δεῖ
547 2516 605 2555 τὸν
624 2515 794 2561 ξενίζοντα
810 2517 901 2569 ἔχειν
919 2532 925 2540 ·
946 2517 985 2555 τὸ
1000 2516 1090 2569 πρό-

77 2582 196 2629 θυμον,
214 2578 252 2616 τὸ
267 2578 422 2630 φαιδρὸν,
437 2578 475 2615 τὸ
495 2578 651 2629 ἄφθονον.
665 2578 709 2615 ‘H
725 2578 792 2630 γὰρ
806 2582 865 2615 τοῦ
884 2578 976 2622 ξένου
995 2577 1089 2629 ψυχὴ

75 2642 215 2692 ἐρυθριᾷ
234 2639 294 2676 καὶ
312 2638 533 2690 αἷσχίύνεται·
552 2638 616 2675 κᾶν
637 2638 685 2687 μὴ
709 2641 783 2689 μεθ’
805 2638 1000 2691 ὓπερὸολῆς
1014 2640 1092 2675 ἐπι-

76 2699 194 2751 δείξῃ
183 2698 331 2751 χαρὰν,
343 2702 388 2740 ὡς
409 2699 483 2736 ἀλο
473 2698 587 2749 γηθεις
608 2699 747 2736 ἀπαλλ’
718 2714 953 2745 ασσεται,και
972 2699 1091 2736 λοιπὸν

74 2768 190 2813 χεῖρον
219 2761 336 2812 γέγονε
356 2763 415 2797 τοῦ
440 2759 487 2809 μὴ
505 2758 734 2802 ὑποδέξασθαι
765 2759 803 2796 τὸ
835 2759 942 2802 οὕτως
962 2761 1094 2798 υποδε-

74 2826 214 2873 γθηναι.
231 2821 299 2859 Διὰ
312 2824 436 2858 τοῦτο
426 2826 623 2872 προσκυνεῖ,
639 2819 696 2857 διὰ
709 2824 809 2858 τοῦτο
825 2836 873 2857 τω
889 2820 1014 2872 λόγῳ
997 2835 1093 2872 0373-

75 2900 152 2930 ται,
175 2882 232 2920 διὰ
253 2886 352 2920 τοῦτο
382 2885 425 2933 τῇ
458 2881 620 2934 καθέδρα.
640 2881 704 2923 Τίς
737 2881 803 2932 γὰρ
838 2881 878 2919 ἂν
905 2883 1090 2934 ἠπορήθη,

74 2944 171 2987 εἰδὼς
189 2943 243 2982 ὅτι
262 2949 361 2982 τοῦτο
380 2943 477 2996 ἔργον
512 2945 604 2993 αὐτῷ
628 2937 691 2989 ἦν,
708 2942 799 2980 Ἀλλ’
820 2945 882 2980 οὐκ
905 2943 962 2981 ἐπὶ
996 2943 1092 2990 ξένης

73 3005 177 3056 ἐσμὲν
203 3009 324 3055 ἡμεῖς,
345 3004 436 3042 Ἀλλ’
469 3003 527 3041 ἐὰν
553 3003 720 3054 θέλωμεν,
742 3003 959 3053 δυνησόμεθα
988 3006 1090 3044 αὐτὸν

74 3065 308 3116 μιμήσασθαι.
338 3064 448 3102 Πόσοι
467 3064 555 3108 ξένοι
576 3064 641 3101 εἰσὶ
673 3065 741 3101 τῶν
775 3065 953 3115 ἀδελφῶν,
967 3065 1090 3106 ’Έστιν

73 3127 204 3175 οἴκημα
220 3126 331 3163 κοινὸν
349 3128 370 3171 ἡ
391 3124 580 3171 ἐκκλησία,
605 3125 640 3163 ὃν
661 3124 787 3168 ξενῶνα
803 3127 976 3177 καλοῦμεν
996 3143 1003 3150 ·
1024 3144 1090 3166 πε-

76 3187 292 3240 ριεργάζεσθε
311 3186 369 3223 καὶ
391 3189 510 3236 ὑμεῖς,
543 3186 725 3229 καθέζεσθε
753 3186 850 3238 παρὰ
875 3187 938 3231 τὰς
968 3188 1092 3241 θύρας,

119 3301 135 3324 l’
154 3297 248 3330 Idem
271 3297 356 3329 Cod.
385 3303 414 3332 αἱ
441 3304 575 3333 τοιαῦται
595 3304 757 3342 οἰκονομίαι
781 3303 1022 3343 οἱκονομούμεναι
1047 3308 1075 3336 αἱ

74 3367 142 3385 κατ.

119 3404 134 3420 *
150 3404 267 3449 [χεῖρες
282 3401 373 3435 deest
391 3402 422 3436 in
438 3403 600 3436 Commci.
613 3411 645 3436 et
661 3411 803 3447 quatuor
819 3405 940 3438 nostris
951 3403 1077 3450 Codd.J

1176 576 1240 614 lud
1272 575 1372 614 heres
1403 576 1556 628 accipias
1580 586 1613 615 et
1633 577 1824 629 possideas.
1859 579 1920 616 Ait
1945 580 2053 628 enim,
2086 581 2155 617 Ve-
2172 589 2282 619 Manb.
2304 591 2354 619 25,

1179 640 1270 684 nite,
1290 638 1480 689 possidete
1495 647 1678 689 paratum
1692 641 1803 677 vobis
1824 653 1994 691 regnum.
2008 642 2086 678 Non
2102 641 2156 678 di·
2168 630 2220 670 34.

1176 698 1238 747 cit,
1270 698 1428 748 Accipite
1442 713 1453 747 3
1484 698 1557 744 sed,
1580 700 1808 737 possidete.-
1837 701 1932 750 quod
1963 701 2096 739 dicitur
2112 702 2157 739 dc

1175 757 1234 805 iis,
1256 757 1317 806 qui
1340 771 1424 794 vere
1447 757 1641 808 possident,
1658 767 1696 794 ut
1715 773 1795 795 cum
1814 759 1980 806 dicimus,
1997 762 2073 799 Hoc
2093 763 2156 800 he-

1176 817 1325 853 reditate
1338 816 1490 867 possedi.
1507 817 1635 853 Fecisti
1651 818 1740 853 mihi
1762 818 1798 854 in
1811 821 1948 858 occulto
1958 836 1968 870 3
1988 835 2051 872 ego
2067 837 2154 873 proe-

1174 878 1301 914 dicabo
1335 878 1371 914 in
1399 878 1582 915 manifesto
1607 893 1616 913 τ
1644 888 1677 915 et
1702 889 1762 916 tua
1791 881 1940 930 quidem
1954 882 2046 931 dico,
2074 886 2158 934 quia

1174 936 1297 985 gratiae
1313 946 1428 986 erant5
1448 951 1526 974 mea
1549 952 1632 976 vero
1655 938 1767 976 dcbiti
1782 949 1874 977 sunt.
1894 942 1987 986 Quia
2009 944 2103 980 enim
2118 954 2158 981 tu

1173 996 1326 1046 coepisti,
1345 996 1476 1046 inquit,
1500 1011 1564 1049 ego
1583 1012 1732 1048 sequar:
1754 1013 1823 1037 non
1842 1001 1956 1051 pudet
1974 1016 2029 1039 me
2054 1003 2157 1041 fateri

1173 1057 1300 1094 collata
1321 1058 1411 1094 mihi
1433 1058 1618 1109 beneficia,
1650 1073 1712 1097 nec
1737 1074 1757 1097 a
1786 1061 1918 1110 quibus
1943 1076 1998 1100 me
2027 1063 2156 1101 libera—

1172 1117 1311 1166 veris,a
1331 1119 1435 1167 fame,
1466 1120 1638 1166 nuditate,
1664 1134 1794 1158 errore.
1819 1121 1954 1161 Vidisti
1983 1138 2040 1160 me
2065 1124 2156 1175 liga-

1171 1187 1264 1227 tum;
1281 1193 1351 1217 non
1373 1179 1512 1218 videbis
1530 1182 1696 1232 gehennae
1717 1183 1854 1233 ignem:
1881 1184 2004 1222 vidisti
2026 1199 2082 1222 me
2102 1187 2156 1223 in-

1171 1239 1339 1289 firmum;
1359 1254 1427 1277 non
1460 1241 1599 1279 videbis
1629 1251 1803 1281 tormenta
1829 1258 1890 1282 nec
1916 1245 2100 1297 supplicia.
2123 1248 2155 1284 O

1171 1313 1296 1338 manus
1310 1315 1391 1339 vere
1407 1301 1612 1352 benedictae,
1630 1317 1707 1353 quae
1722 1303 1852 1341 talibus
1867 1305 2070 1343 ministeriis
2089 1321 2156 1344 ser-

1172 1361 1286 1411 viunt,
1308 1376 1386 1412 quae
1413 1362 1606 1413 dignantur
1637 1365 1838 1403 ministrare
1857 1366 2022 1405 Christo!
2045 1367 2155 1406 Pedes

1171 1421 1208 1460 in
1227 1437 1381 1461 carceres
1400 1433 1522 1462 euntes
1552 1435 1695 1477 propter
1721 1426 1918 1475 Christum,
1940 1429 2042 1466 facile
2071 1444 2154 1467 con-

1170 1491 1332 1521 temnunt
1354 1485 1493 1536 ignem3
1510 1485 1655 1523 vincula
1676 1501 1744 1524 non
1760 1488 1994 1539 experiuntur
2010 1504 2150 1539 manus,

1170 1557 1246 1595 quae
1267 1545 1419 1596 ligatum
1450 1546 1556 1584 illum
1590 1547 1769 1585 viderunt.
1804 1548 1956 1586 Induisti
1984 1560 2100 1599 veste,
2121 1559 2154 1588 ct

1170 1606 1330 1644 indueris
1348 1616 1442 1646 veste
1455 1608 1601 1645 salutari
1618 1624 1625 1645 :
1641 1609 1740 1646 fuisti
1761 1624 1843 1647 cum
1862 1610 1923 1648 illo
1939 1611 1976 1648 in
1993 1625 2131 1649 carcere
2141 1628 2152 1661 5

1171 1675 1204 1704 ct
1224 1667 1259 1704 in
1279 1681 1386 1717 regno
1407 1682 1488 1705 cum
1504 1668 1566 1705 illo
1587 1669 1667 1706 eris.
1686 1670 1769 1707 Haec
1786 1671 1972 1708 confitetur
1989 1686 2058 1710 non
2074 1687 2152 1710 eru-

1169 1726 1327 1776 bescens,
1351 1727 1412 1766 sed
1432 1728 1544 1766 sciens
1569 1738 1603 1766 te
1633 1729 1737 1767 illum
1767 1730 1943 1769 invisisse.
1966 1734 2152 1772 Nesciebat
2169 1750 2242 1778 Gen.
2264 1749 2308 1778 13,
2321 1751 2348 1779 3,

1169 1789 1369 1840 patriarcha
1388 1804 1423 1827 sc
1441 1791 1584 1841 angelos
1605 1791 1780 1843 excipere,
1801 1801 1832 1829 et
1854 1802 1969 1832 tamen
1994 1795 2151 1847 excipie-

1169 1851 1242 1888 bat.
1266 1850 1540 1899 Erubescamus,
1557 1852 1700 1890 obsecro
1717 1868 1725 1889 :
1746 1853 1783 1891 in
1795 1854 1943 1892 meridie
1961 1856 2102 1894 sedebat
2114 1858 2151 1895 in

1169 1919 1261 1948 terra
1291 1912 1418 1979 aliena,
1449 1913 1609 1950 nondum
1641 1913 1740 1965 pedis
1776 1915 1966 1966 vestigium
1997 1917 2151 1956 habebat

1168 1985 1249 2009 cum
1278 1973 1485 2024 peregiinus
1512 1983 1618 2022 esset,
1649 1984 1682 2011 et
1714 1975 1915 2026 pelegrinos
1951 1978 2151 2030 excipiebat

1167 2033 1402 2084 peregrinus:
1423 2034 1514 2072 civis
1534 2035 1628 2072 enim
1656 2036 1825 2073 caelorum
1861 2047 1946 2076 crat.
1976 2038 2060 2076 Ideo
2087 2054 2150 2077 nce

1165 2094 1372 2144 pelegrinus
1399 2103 1484 2143 crat,
1504 2109 1585 2132 cum
1612 2095 1648 2133 in
1679 2105 1772 2133 terra
1805 2107 1903 2135 esset.
1937 2100 2009 2136 Nos
2036 2101 2150 2152 magis

1165 2166 1272 2203 quam
1300 2154 1360 2190 ille
1392 2155 1571 2205 peregrini
1598 2170 1735 2205 sumus,
1769 2157 1830 2206 qui
1854 2159 2055 2209 peregrinos
2080 2175 2150 2198 non

1165 2214 1378 2265 excipimus.
1403 2216 1560 2253 Domum
1588 2229 1657 2253 non
1689 2216 1856 2266 habebat,
1887 2227 1920 2256 ct
1942 2220 2148 2258 tabernacu-

1164 2275 1241 2313 lum
1269 2275 1335 2328 ipsi
1358 2275 1598 2315 diversorium
1615 2286 1699 2315 erat.
1714 2280 1761 2316 Et
1786 2278 1882 2329 vide,
1905 2295 2012 2331 quam
2031 2282 2149 2319 lautus

1165 2336 1210 2373 sit
1228 2351 1235 2372 :
1254 2337 1412 2375 vitulum
1441 2338 1626 2388 mactavit,
1649 2348 1682 2376 et
1700 2339 1853 2378 farinam
1872 2341 2026 2379 miscuit.
2053 2343 2148 2380 Audi

1163 2397 1338 2436 fervorem
1359 2414 1366 2434 :
1390 2413 1452 2450 per
1468 2413 1503 2436 se
1524 2408 1557 2436 et
1578 2414 1641 2451 per
1673 2414 1822 2438 uxorem
1851 2402 1918 2440 hoc
1940 2403 2035 2440 facit.
2058 2405 2147 2442 Per—

1164 2458 1278 2510 pende
1289 2473 1395 2508 quam
1408 2459 1452 2496 sit
1467 2474 1486 2496 a
1505 2460 1596 2497 fastu
1610 2460 1769 2499 alienus:
1787 2461 1911 2500 adoiat
1928 2472 1961 2500 et
1976 2463 2098 2502 obsecr
2099 2474 2146 2502 at.

1216 2521 1253 2557 4.
1269 2520 1353 2557 Haec
1371 2520 1504 2572 quippe
1523 2521 1639 2558 omnia
1661 2531 1798 2573 oportet
1816 2523 1946 2561 habele
1964 2539 2064 2572 eum,
2085 2525 2145 2576 qui
2187 2549 2232 2575 11*¹
2228 2560 2247 2575 S
2253 2551 2330 2585 sumu
2338 2566 2348 2570 ,

1163 2581 1366 2632 peregrinos
1385 2581 1731 2633 excipit:fc1vorem
1743 2584 1997 2631 lfflilaritatcim
2017 2587 2222 2624 libera-t1¹·s
2247 2601 2278 2616 ⁰
2274 2593 2349 2618 ¹¹⁶¹-

1162 2640 1311 2678 litatem.
1335 2641 1494 2692 Hospitis
1510 2641 1603 2678 enim
1620 2642 1759 2680 animus
1781 2658 1818 2680 οι
1821 2644 1955 2682 ubesc1t
1982 2655 2015 2683 ct
2032 2646 2143 2698 pudi—
2160 2637 2237 2658 ‘¹⁰¹¹‘
2242 2642 2263 2658 ⁵

1162 2701 1305 2738 bundus
1318 2710 1390 2750 est,
1403 2710 1436 2738 et
1450 2701 1480 2738 si
1496 2716 1564 2739 non
1586 2703 1757 2752 gaudium
1776 2713 1947 2743 monstret
1966 2716 2145 2759 exceptor,

1164 2763 1264 2813 quasi
1277 2762 1461 2814 despectus
1477 2763 1649 2812 abscedit,
1672 2778 1712 2801 ac
1730 2764 1780 2801 sic
1793 2766 1971 2817 excepisse
1990 2767 2146 2807 deterius

1165 2833 1229 2873 est,
1250 2838 1356 2874 quam
1379 2824 1406 2861 si
1426 2838 1493 2861 non
1516 2825 1721 2875 excepisset.
1742 2825 1824 2863 Ideo
1845 2826 1984 2877 adorat,
2005 2828 2086 2866 ideo
2111 2843 2146 2867 sc

1164 2885 1326 2937 excipere
1342 2884 1443 2933 dicit,
1457 2885 1536 2923 ideo
1551 2886 1673 2923 sellam
1687 2887 1804 2925 offert.
1821 2887 1912 2934 Quis
1924 2888 2018 2926 enim
2032 2889 2145 2927 dubi-

1163 2954 1280 2992 tasset,
1301 2944 1427 2983 videns
1451 2946 1518 2983 hoc
1539 2946 1594 2983 illi
1618 2961 1706 2998 opus
1727 2948 1828 2985 csse?
1844 2948 1914 2986 Sed
1934 2963 1994 2987 nos
2015 2964 2084 2988 non
2110 2952 2146 2989 in

1164 3006 1278 3043 aliena
1297 3015 1389 3043 terra
1406 3007 1555 3044 sumus?
1576 3008 1645 3044 Sed
1661 3007 1690 3044 si
1708 3007 1870 3058 velimus,
1890 3011 2082 3060 poterimus
2102 3011 2145 3049 il-

1164 3068 1239 3105 lum
1258 3067 1402 3105 imitari.
1421 3069 1515 3114 Quot
1534 3069 1689 3120 hospites
1711 3079 1792 3107 sunt
1812 3084 1855 3107 ex
1874 3071 2146 3112 f1>atrib11520Est

1164 3130 1361 3167 communis
1372 3129 1499 3167 domus
1510 3132 1676 3180 ecclesiae,
1691 3145 1796 3181 quam
1810 3145 1944 3169 xcnona
1956 3148 2142 3173 vocamus:
2162 3157 2275 3185 geum„

1165 3191 1302 3229 curiose
1325 3191 1494 3241 inquirite
1510 3192 1614 3229 etiam
1629 3206 1693 3230 vos
1708 3223 1717 3241 ,
1742 3192 1858 3230 sedete
1873 3194 1918 3231 ad
1941 3196 2054 3246 fores,
2072 3212 2138 3235 vc-

1185 3314 1197 3328 0
1212 3309 1312 3348 χαρὰν
1332 3307 1482 3347 azo-setrai
1502 3310 1550 3339 καὶ
1573 3312 1755 3350 ἀπέρχεται,
1771 3312 1819 3341 καὶ
1843 3315 1943 3353 χεῖρον
1965 3314 2080 3351 γέγονε,
2097 3311 2142 3341 sic

1141 3354 1289 3397 quidam.
