2466 3805
652 229 695 260 IN
735 229 846 261 ACTA
881 228 1222 260 APOSTOLORUM.
1258 228 1415 258 HOMIL.

79 310 226 358 ναντίον,
243 309 302 348 καὶ
323 312 417 357 ζητεῖ
431 309 553 361 τιμὴν,
573 311 631 348 καὶ
647 313 684 349 οὒ
701 317 858 362 τιμᾶται.
876 312 956 362 Οὐχ
969 310 1094 360 ὁμοίως

81 370 115 408 δὲ
144 371 266 416 ἥδεται
285 370 388 421 τιμὴν
419 373 436 408 ὃ
461 373 589 418 ζητῶν,
619 371 678 409 καὶ
704 375 721 409 ὁ
753 371 801 422 μὴ
833 374 955 419 ζητῶν.
983 365 1094 414 Οῧτος

78 430 156 469 ὅσον
181 431 221 468 ἂν
237 431 351 482 λάὸῃ,
369 431 463 470 οὐδὲν
484 435 621 483 ἡγεῖται
652 433 847 485 εἰληφέναι·
873 435 999 475 ἐκεῖνος
1030 431 1093 469 κᾶν

78 492 116 529 τὸ
132 492 253 544 μικρὸν
274 494 359 544 δῷς,
385 495 431 537 ὡς
456 493 496 531 τὸ
515 499 583 531 πᾶν
601 493 749 546 εἰληφὼς
771 494 919 545 δέχεται.
944 492 1056 531 Πάλιν
1077 494 1094 529 ὃ

76 555 214 604 τρυφῶν
237 553 343 605 μυρία
362 553 553 606 πράγματα
579 554 672 606 ἔχει,
705 555 768 593 κᾶν
795 555 828 598 ἐξ
852 553 1008 597 εὐκολίας
1035 552 1094 591 καὶ

77 611 195 666 ὥσπερ
216 614 284 652 ἀπὸ
305 618 427 666 πηγῶν
453 617 546 667 αὐτῷ
567 615 611 654 τὰ
643 618 712 653 τῶν
730 616 908 669 προσόδων
930 615 1070 667 ἕπιῤῥέῃ
1084 641 1094 659 ,

76 673 120 711 τὰ
140 673 208 711 ἀπὸ
226 678 288 721 τῆς
306 679 437 727 τρυφῆς
463 675 556 714 δεινὰ
583 676 733 723 δέδοικε,
754 676 813 713 καὶ
831 676 871 714 τὸ
890 675 1015 721 ἄδηλον
1033 678 1093 712 τοῦ

78 734 280 783 μέλλοντος·
300 731 395 779 οὗτος
415 737 450 775 δὲ
467 738 518 775 ἀεὶ
538 739 571 774 ἐν
595 736 766 788 ἀσφαλείᾳ
785 736 859 774 ἐστὶ
877 736 936 774 καὶ
954 737 988 773 ἐν
1007 736 1093 781 ἡδο-

52 797 138 849 ινῇ,
153 795 268 839 ἐθίσας
283 796 402 835 ἑαυτὸν
422 799 456 835 ἐν
475 796 630 844 λιτότητι
650 795 794 843 διαίτης.
814 798 867 834 Οὐ
896 794 963 847 γὰρ
986 793 1094 838 οὕτως

76 855 196 893 ἑαυτὸν
216 857 410 905 ταλανίζει,
430 857 482 895 ὅτι
505 856 553 907 μὴ
575 856 715 907 μετέχει
744 854 916 906 τραπέζης
943 855 1093 891 πολυτε-

75 915 171 963 λοῦς,
187 918 233 960 ὡς
251 924 384 968 τρυφᾷ,
415 917 454 955 τὸ
477 920 536 955 τοῦ
557 916 742 967 μέλλοντος
763 915 890 960 ἄδηλον
911 913 959 963 μὴ
981 914 1091 959 δεδοι-

75 975 155 1019 κώς.
176 976 233 1015 Τὰ
250 977 285 1014 δὲ
304 980 342 1015 ἐκ
356 980 418 1023 τῆς
434 979 563 1029 τρυφῆς
591 976 655 1014 ὅσα
685 973 798 1021 δεινὰ,
829 974 937 1016 οὐδεὶς
957 975 1090 1024 ἀγνοεῖ·

2062 207 2149 254 155

1164 308 1292 361 gaudet
1319 308 1413 360 quod
1438 322 1508 346 non
1536 308 1728 346 honoratus
1756 304 1812 343 sit.
1832 305 1954 355 Itaque
1980 304 2149 342 honorem

1165 383 1234 408 non
1252 384 1406 421 quaerere
1423 379 1456 407 ct
1473 368 1655 417 honorari,
1677 366 1718 405 id
1734 380 1900 418 magnam
1929 365 2149 417 voluptatem

1164 431 1271 482 parit.
1297 430 1378 468 Illic
1392 444 1477 469 vero
1493 429 1707 468 contrarium
1725 426 1854 466 accidit
1864 442 1874 476 3
1892 426 2020 478 quaerit
2036 425 2147 463 hono-

1164 506 1252 541 rem,
1275 501 1309 529 et
1334 505 1403 530 non
1429 492 1633 530 honoratur.
1657 491 1737 528 Non
1767 488 1930 527 similiter
1959 496 2078 525 autem
2103 485 2149 524 de

1165 553 1297 590 honore
1311 552 1442 604 gaudet
1463 552 1525 603 qui
1543 551 1673 603 quaerit
1690 565 1786 599 eum,
1808 559 1841 587 et
1859 549 1922 600 qui
1945 563 2015 588 non
2043 562 2146 599 quae-

1164 615 1223 651 rit.
1237 615 1304 652 Hic
1322 624 1646 665 quantumcumque
1672 612 1859 665 acceperit,
1882 611 1974 649 nihil
1993 625 2029 649 se
2046 620 2148 664 putat

1164 675 1338 726 accepisse
1361 690 1369 711 ε
1390 674 1451 712 ille
1479 688 1564 713 vero
1588 674 1618 713 si
1638 674 1696 713 vel
1715 673 1896 712 tantillum
1921 672 2076 719 dederis⁷
2099 672 2148 709 ita

1118 744 1143 774 E
1165 735 1294 786 accipit
1311 749 1352 772 ac
1374 735 1402 771 si
1429 744 1543 772 totum
1563 743 1691 772 teneat.
1718 735 1856 772 Rursus
1878 733 1939 784 qui
1955 733 1991 770 in
2011 732 2148 771 deliciis

1163 804 1338 843 versatur,
1365 795 1464 833 mille
1487 795 1626 846 negotia
1652 795 1759 832 babet
1779 810 1786 830 :
1806 795 1944 832 etiamsi
1973 794 2092 832 faciles
2114 803 2148 832 et

1161 855 1263 905 quasi
1290 869 1335 892 ex
1366 854 1522 892 fontibus
1550 854 1686 892 reditus
1714 854 1780 905 ipsi
1812 854 1973 901 affluant,
1989 863 2144 891 attamen

1161 915 1268 963 mala,
1290 928 1368 964 quae
1390 928 1435 952 ex
1454 914 1591 952 deliciis
1609 913 1793 961 accedunt,
1809 913 1992 961 formidat,
2009 927 2144 951 necnon

1160 975 1271 1012 futuri
1290 975 1459 1012 incertam
1486 974 1725 1012 conditionem
1746 990 1754 1010 :
1773 973 1834 1011 hie
1849 987 1932 1011 vero
1955 987 2091 1025 semper
2110 975 2144 1011 in

1454 227 1548 259 xvi.

75 1038 262 1087 ἀναγκαῖον
275 1037 311 1075 δὲ
331 1037 389 1074 καὶ
407 1040 463 1073 νῦν
479 1037 599 1073 εἰπεῖν.
617 1035 769 1075 Διπλοῦς
798 1036 816 1070 ὁ
843 1034 1015 1083 πόλεμος,
1031 1037 1090 1071 τοῦ
1104 1043 1236 1092 mmm
1256 1044 1306 1073 est
1333 1044 1367 1073 et
1393 1035 1429 1072 in
1455 1035 1651 1086 voluptate,
1674 1034 1767 1084 quod
1787 1033 1948 1072 tenuitati
1967 1035 2082 1071 vietus
2103 1034 2147 1072 sit

77 1095 252 1145 σώματος,
269 1097 381 1147 λέγω,
403 1095 461 1133 καὶ
484 1098 545 1141 τῆς
573 1096 706 1146 ψυχῆς·
732 1095 870 1137 διπλοῦς
897 1096 915 1131 ὃ
938 1093 1087 1146 χειμὼν,
1114 1103 1139 1132 Α
1160 1105 1328 1134 assuetus.
1345 1097 1425 1134 Non
1453 1095 1547 1133 enim
1575 1096 1624 1133 ita
1654 1109 1689 1133 se
1716 1095 1885 1132 miserum
1913 1103 2027 1146 putat,
2052 1095 2147 1144 quod

72 1157 179 1194 διπλᾶ
196 1156 241 1193 τὰ
259 1156 458 1206 νοσήματα·
479 1155 538 1193 καὶ
554 1156 592 1193 οὗ
611 1160 710 1193 τοῦτο
731 1153 848 1206 μόνον,
864 1155 941 1193 ἀλλ’
958 1154 1012 1193 ὅτι
1030 1154 1090 1192 καὶ

70 1215 214 1255 ἀνίατα·
230 1216 290 1255 καὶ
308 1217 487 1269 ἃμεγάλας
508 1215 647 1269 φέρουσι
670 1219 781 1254 ταῦτα
805 1216 867 1260 τὰς
893 1215 1085 1268 συμφοράς.

70 1277 161 1315 Ἀλλ’
192 1279 258 1330 οὐχ
276 1280 297 1324 ἡ
320 1277 473 1315 εὐτέλεια
491 1280 657 1322 τοιοῦτον,
679 1276 770 1315 ἀλλὰ
798 1277 903 1323 διπλῆ
923 1279 944 1323 ἡ
971 1276 1086 1327 ὑγεία,

69 1339 175 1376 διπλᾶ
193 1338 238 1377 τὰ
257 1339 381 1390 ἀγαθοί.
411 1338 545 1382 ‘Tu-voc
578 1338 713 1390 ὑγείας,
746 1338 872 1390 φησὶν,
897 1340 931 1376 ἐν
961 1339 1087 1393 ἐντέρῳ

71 1399 213 1452 μετρίῳ.
240 1401 430 1451 Πανταχοῦ
450 1399 517 1450 γὰρ
542 1399 582 1437 τὸ
607 1397 668 1449 μὲν
694 1398 890 1451 σύμμετρον
918 1400 1086 1448 ποθεινὸν,

68 1461 108 1499 τὸ
127 1460 162 1499 δὲ
178 1461 326 1512 ἄμετρον
349 1459 474 1498 οὐκέτι.
494 1459 590 1511 ”Ορα
609 1458 693 1510 γάρ·
715 1463 877 1512 σπινθῆρι
896 1464 1009 1512 μικρῷ
1025 1476 1086 1499 πο-

67 1520 128 1559 λὺν
150 1520 256 1565 ξύλων
278 1520 392 1564 ἐπίθες
407 1519 563 1573 φορυτὸν,
579 1520 638 1557 καὶ
657 1519 772 1558 οὐκέτι
789 1525 857 1572 πῦρ
874 1522 913 1559 τὸ
927 1521 1084 1572 λάμπον,

68 1579 157 1618 ἀλλὰ
179 1581 308 1619 καπνὸν
338 1579 440 1631 1’ὅιῐνει
460 1578 591 1631 σφόδρα
607 1580 713 1625 ἀηδῆ.
731 1579 844 1632 Ἀνδρὶ
858 1579 934 1618 λίαν
953 1583 1086 1633 ἰσχυρῷ

66 1641 124 1678 καὶ
141 1641 282 1693 μεγάλῳ
313 1640 449 1694 φορτίον
469 1640 582 1683 ἐπίθες
605 1640 644 1679 τὸ
661 1639 724 1686 τὴν
747 1640 845 1692 {ohim
865 1642 1084 1694 ὓπερὲαῖνον,

65 1696 123 1739 καὶ
140 1702 217 1753 ὄψει
238 1701 327 1752 μετὰ
347 1706 406 1739 τοῦ
423 1701 561 1753 φορτίου
579 1701 694 1752 χαμαὶ
712 1700 868 1751 κείμενον
889 1701 947 1739 καὶ
967 1704 1085 1754 ἐρ’ῥιμ-

66 1762 178 1812 μένον.
202 1762 318 1800 Πολὺν
338 1763 395 1800 τὸν
416 1762 539 1814 φόρτον
562 1761 693 1812 ἔμὸαλε
711 1764 760 1813 τῷ
780 1761 908 1814 πλοίῳ,
930 1762 989 1800 καὶ
1017 1779 1085 1814 χα-

63 1823 167 1861 λεπὸν
180 1823 331 1875 εἰργάσω
345 1823 383 1862 τὸ
398 1822 572 1873 ναυάγιον.
588 1823 734 1860 Τοιοῦτο
748 1822 789 1868 δή
810 1839 843 1859 τι
858 1822 916 1860 καὶ
931 1827 952 1870 ἠ
973 1824 1084 1875 τρυφή

64 1886 148 1922 ἐστι.
169 1884 337 1936 Καθάπερ
351 1883 419 1936 γὰρ
446 1883 503 1921 ἐπὶ
531 1886 598 1920 τῶν
621 1882 842 1933 ὑπεράντλων
863 1883 1005 1929 πλοίων,
1022 1900 1084 1922 πο-

62 1944 122 1988 λὺς
139 1949 156 1983 ὃ
175 1945 316 1996 θόρυέος
333 1949 401 1982 τῶν
422 1948 566 1992 ναυτῶν,
585 1948 645 1982 τοῦ
665 1944 894 1995 κυδερνήτου,
911 1950 969 1983 τοῦ
989 1961 1084 1998 πρω-

66 2006 169 2058 ρέως,
191 2010 258 2044 τῶν
287 2007 484 2051 ἐπιὸατῶν,
503 2005 547 2042 τὰ
569 2004 630 2055 μὲν
651 2004 779 2042 ἀνωθεν
803 2006 1013 2056 ῥιπτούντων
1038 2009 1084 2050 εἰς

63 2067 102 2105 τὸ
125 2067 295 2118 πέλαγος,
312 2067 356 2103 τὰ
375 2066 409 2104 δὲ
425 2066 589 2103 κάτωθεν·
607 2065 693 2103 οὕτω
720 2066 759 2112 δὴ
780 2066 839 2104 καὶ
859 2068 1020 2115 ἐνταῦθα,
1040 2068 1084 2106 τὰ

65 2128 127 2177 μὲν
160 2129 287 2166 ἄνωθεν
322 2129 502 2178 ἐμοῦντες,
529 2126 573 2164 τὰ
604 2126 639 2165 δὲ
673 2127 838 2174 κάτωθεν,
856 2127 914 2165 καὶ
945 2128 1085 2172 ἑαυτοὺς

65 2188 355 2240 ςδιαφθείροντες,
388 2188 613 2225 ἀπόλλυνται.
637 2187 704 2224 Καὶ
723 2187 762 2225 τὸ
795 2187 836 2234 δὴ
863 2187 1003 2225 πάντων
1033 2191 1084 2226 αἷ-

64 2249 264 2300 σχρότερον,
279 2248 332 2286 ὅτι
355 2247 436 2286 αὐτὸ
456 2249 494 2286 τὸ
514 2247 626 2297 στόμα
647 2247 709 2294 τὴν
730 2251 855 2300 χρῆσιν
873 2249 1083 2299 ἀναλαμὸά-

62 2324 111 2347 νει
140 2312 206 2346 τῶν
235 2310 372 2348 ὄπισθεν
394 2308 538 2360 μορίων,
571 2308 629 2346 καὶ
649 2309 780 2359 γίνεται
801 2308 938 2347 ἐκείνων
958 2310 1082 2360 ἀτιμό-

61 2385 170 2422 τερον.
192 2371 237 2408 Εἰ
266 2369 300 2408 δὲ
325 2372 369 2407 ἐν
403 2372 452 2420 τῷ
483 2369 633 2420 στόματι
657 2369 808 2417 τοσαύτη
833 2370 1081 2422 ἀσχημοσύνη,

60 2429 218 2477 ἐννόησον
245 2433 278 2469 ἓν
311 2435 354 2482 τῇ
380 2434 487 2483 {mss}-
519 2431 585 2469 Καὶ
614 2430 681 2483 γὰρ
704 2433 773 2469 ἐκεῖ
804 2432 919 2469 πάντα
939 2432 1080 2484 γνόφος,

59 2491 173 2529 πάντα
192 2491 337 2538 θύελλα,
363 2492 479 2530 πάντα
511 2491 651 2539 σκότος,
668 2491 779 2538 πολλὴ
803 2495 870 2530 τῶν
902 2494 1079 2545 λογισμῶν

61 2551 225 2604 σύγχυσις
237 2583 245 2597 ,
265 2552 492 2602 πιεζομένων,
510 2551 722 2602 ολιέομένο)ιι
735 2583 745 2600 ,
761 2556 823 2599 τῆς
842 2556 958 2605 ψυχῆς
975 2555 1080 2601 αὗτῆς

59 2613 122 2659 τὴν
145 2613 306 2665 ἐπήρειαν
329 2612 476 2664 βοώσης.
493 2612 671 2651 Ἐντεῦθεν
691 2613 749 2651 καὶ
770 2615 866 2652 αὐτοὶ
885 2618 915 2652 οἱ
936 2631 1080 2669 γαστρι-

60 2674 197 2725 ζόμενοι
230 2674 401 2720 ἀλλήλους
439 2676 638 2721 αἰτιῶνται,
668 2675 949 2726 δυσχεραίνουσι,
975 2677 1079 2714 σπεύ-

59 2735 154 2773 δουσι
167 2734 229 2780 τὴν
241 2735 332 2772 ἔνδον
354 2734 611 2786 ἀποῤῥίψασθαι
623 2733 763 2787 κόπρον.
775 2734 901 2786 εΌμως
916 2736 974 2775 καὶ
991 2737 1079 2787 μετὰ

59 2796 98 2834 τὸ
118 2799 275 2847 ῥιφῆναι,
291 2794 366 2833 οὐδὲ
381 2795 487 2839 οὕτως
502 2799 519 2833 ὃ
540 2794 642 2838 σάλος
656 2795 802 2834 παύεται
815 2813 822 2820 ·
841 2798 930 2835 ἀλλὰ
944 2799 1003 2836 καὶ
1014 2815 1080 2836 πυ-

62 2857 151 2907 ρετοὶ
171 2859 320 2895 ἐντεῦθεν
345 2856 404 2894 καὶ
433 2855 539 2894 νόσοι.
574 2855 644 2893 ’Ναὶ
661 2883 670 2900 ,
707 2857 812 2908 φησὶ,
845 2863 982 2897 νοσοῦσι
1019 2860 1078 2898 καὶ

59 2919 312 2967 ἀσχημονοῦσι*
332 2916 433 2969 λόγος
465 2918 539 2968 εἰκῇ
576 2919 687 2954 ταῦτα
710 2917 860 2966 διεξιὼν,
884 2919 943 2957 καὶ
961 2920 1078 2964 νόσους

57 2978 139 3026 ἡμῖν
159 2976 361 3029 καταλέγων
373 2992 380 3001 ·
398 2980 487 3014 νοσῶ
503 2977 569 3029 γὰρ
587 2975 666 3026 ἐγὼ,
685 2977 744 3014 καὶ
759 2982 905 3029 σπῶμαι
918 2980 1003 3031 ἐγὼ,
1021 2982 1080 3019 καὶ

58 3038 249 3089 ἀσήἠ[ιονῶ
269 3038 336 3086 ἐγὼ
349 3070 358 3086 ,
385 3041 403 3076 ὃ
431 3038 479 3089 μὴ
505 3038 594 3090 ἔχων
623 3043 742 3088 φαγεῖν
757 3054 765 3061 ·
788 3038 927 3084 τούτους
947 3041 982 3080 δὲ
1002 3042 1079 3086 τοὺς

55 3102 256 3149 τρυφῶντας
270 3099 363 3137 ἔστιν
380 3100 612 3142 εὖπαθοῦντας
627 3100 724 3144 ἰδεῖν,
747 3104 979 3152 σφριγῶντας,
996 3104 1076 3154 χαί-

1159 1156 1256 1194 lauta
1274 1170 1393 1194 mensa
1407 1170 1474 1194 non
1490 1157 1645 1205 fruatur,
1663 1164 1702 1193 ut
1717 1155 1918 1203 deliciatur,
1933 1153 2019 1191 dum
2035 1155 2146 1192 futuri

1159 1217 1329 1255 incertam
1362 1217 1599 1255 conditionem
1626 1230 1696 1254 non
1729 1216 1841 1253 timet.
1869 1216 1956 1262 Quae
1988 1229 2073 1253 vero
2101 1229 2146 1253 ex

1158 1278 1294 1316 deliciis
1315 1278 1407 1316 mala
1430 1278 1601 1327 oriantur,
1624 1277 1763 1328 ignorat
1788 1291 1891 1314 nemo
1911 1293 1918 1312 :
1938 1290 2075 1314 necesse
2094 1286 2145 1314 est

1158 1349 1277 1378 autem
1293 1339 1384 1378 illud
1404 1341 1480 1391 jam
1501 1339 1632 1377 dicere.
1656 1339 1804 1391 Duplex
1826 1347 1878 1376 est
1895 1338 2046 1386 bellum,
2068 1352 2145 1376 cor-

1158 1399 1266 1451 poris,
1285 1400 1445 1451 inquam,
1462 1409 1495 1437 et
1514 1399 1639 1437 animae
1656 1399 1814 1450 :duplex
1830 1398 1959 1444 biems,
1983 1397 2144 1449 duplices

1157 1460 1274 1498 morbi
1292 1475 1299 1496 τ
1320 1475 1431 1512 neque
1455 1460 1492 1498 id
1515 1469 1667 1503 tantum,
1690 1459 1751 1498 sed
1773 1468 1806 1496 et
1824 1459 2050 1509 insanabiles,
2079 1460 2142 1509 qui

1157 1534 1301 1572 magnas
1321 1522 1468 1559 asserant
1488 1520 1717 1559 calamitates.
1742 1522 1788 1557 At
1807 1533 1877 1556 non
1902 1519 1981 1557 talis
2000 1528 2050 1557 est
2068 1520 2140 1556 sru-

1156 1582 1307 1632 galita53
1333 1581 1395 1620 sed
1424 1581 1561 1634 duplex
1593 1590 1643 1618 est
1678 1580 1822 1628 sanitas,
1850 1579 2010 1631 duplicia
2036 1580 2141 1618 bona.

1154 1643 1317 1681 Somnus
1355 1646 1559 1689 sanitatis,
1594 1642 1732 1693 inquit,
1770 1644 1811 1678 in
1849 1650 1971 1679 ventre
2006 1655 2139 1692 parco,
2162 1660 2241 1686 gfff.
2272 1660 2323 1688 31.

1156 1704 1297 1755 Ubique
1319 1704 1413 1742 enim
1437 1703 1662 1742 mediocritas
1689 1702 1934 1740 desiderabilis
1955 1711 2019 1753 est,
2049 1702 2145 1753 quod
2161 1698 2211 1738 21-

1110 1775 1134 1806 Β
1154 1778 1239 1804 vero
1291 1765 1438 1802 modum
1474 1779 1544 1803 non
1581 1773 1716 1814 servat,
1764 1763 2013 1815 injucundum.
2051 1763 2146 1803 Vide

1156 1826 1251 1863 enim
1275 1842 1282 1863 :
1304 1827 1466 1864 scintillae
1488 1841 1608 1878 parvae
1629 1839 1795 1877 magnam
1814 1825 1994 1875 lignorum
2015 1839 2143 1876 conge-

1155 1886 1244 1923 riem
1262 1886 1418 1938 impone,
1433 1896 1466 1923 et
1482 1900 1552 1929 non
1564 1886 1657 1923 ultra
1673 1886 1791 1937 ignem
1811 1884 2066 1936 splendentem,
2084 1885 2146 1923 sed

1154 1947 1293 1984 fumum
1312 1946 1449 1984 videbis
1464 1946 1569 1985 valde
1588 1946 1784 1984 insuavem.
1806 1945 1896 1984 Viro
1912 1945 1995 1982 forti
2015 1953 2047 1982 et
2066 1959 2143 1982 ma-

1155 2022 1223 2060 gno
1250 2022 1339 2045 onus
1360 2008 1502 2059 impone
1531 2006 1626 2045 vires
1653 2020 1837 2058 superans,
1855 2014 1885 2043 et
1902 2005 2041 2043 videbis
2061 2020 2142 2043 eum

1155 2083 1258 2106 onere
1272 2068 1372 2106 humi
1388 2069 1570 2119 jacentem.
1589 2070 1765 2118 Magnum
1783 2081 1872 2104 onus
1897 2066 2003 2118 injice
2022 2065 2057 2103 in
2074 2081 2139 2103 na-

1154 2129 1242 2176 vim,
1258 2137 1290 2166 et
1310 2142 1416 2179 grave
1435 2128 1541 2165 facies
1560 2127 1798 2178 naufragium.
1819 2126 1924 2164 Tales
1943 2135 2024 2163 sunt
2043 2126 2138 2164 deli—

1155 2188 1228 2226 ciae.
1252 2188 1351 2226 Sicut
1372 2187 1468 2225 enim
1491 2188 1528 2224 in
1547 2186 1699 2225 navibus
1724 2201 1832 2238 supra
1850 2185 1999 2224 modum
2021 2200 2143 2224 onera-

1155 2249 1199 2287 tis
1223 2263 1373 2300 magnus
1407 2257 1458 2285 est
1474 2257 1663 2286 nautarum
1691 2247 1884 2295 tumultus,
1910 2247 2144 2297 gubernatore

1153 2323 1214 2358 eo,
1234 2310 1346 2360 quiin
1362 2324 1467 2361 prora
1484 2309 1603 2358 sedet,
1624 2322 1665 2345 ac
1684 2307 1886 2346 vectoribus
1906 2307 2087 2359 superiora
2109 2317 2143 2345 et

1839 2371 1889 2408 sie
1909 2380 1940 2408 et
1960 2371 2028 2409 hoc
2047 2371 2139 2421 loco,

2229 2081 2345 2107 Deliciae

2157 2164 2266 2190 animae.

1153 2373 1317 2410 inferiora
1337 2372 1373 2410 in
1393 2387 1490 2410 mare
1508 2371 1780 2424 projicientibus
1806 2387 1813 2407 :

1152 2435 1332 2487 superiora
1353 2443 1553 2473 evomentes
1576 2443 1608 2471 et
1628 2432 1794 2470 inferiora
1810 2463 1818 2479 ‚
1841 2447 1880 2470 ac
1903 2433 2036 2484 seipsos
2067 2447 2143 2470 cor-

1106 2509 1130 2539 c
1152 2505 1367 2548 rumpentes,
1396 2503 1556 2547 pereunt.
1585 2493 1763 2544 Quodque
1790 2493 1950 2530 omnium
1977 2493 2143 2545 turpissi-

1151 2571 1252 2594 mum
1271 2565 1340 2603 est,
1357 2570 1396 2593 os
1414 2554 1650 2607 posteriorum
1679 2553 1836 2605 partium
1852 2568 1956 2591 usum
1976 2554 2140 2602 assumit,

1151 2618 1262 2667 fitque
1282 2616 1355 2654 illis
1372 2614 1657 2666 ignominiosius.
1678 2613 1784 2659 Quod
1806 2614 1836 2651 si
1852 2614 1886 2650 in
1903 2628 1962 2651 ore
1982 2614 2027 2650 sit
2044 2622 2139 2651 tanta

1149 2676 1360 2728 turpitudo,
1380 2674 1493 2726 cogita
1513 2682 1645 2724 quanta
1674 2674 1719 2710 sit
1744 2673 1780 2710 in
1809 2673 1938 2710 anima.
1968 2674 2059 2710 Nam
2088 2673 2140 2710 ibi

1150 2737 1269 2775 omnia
1296 2736 1435 2787 caligo,
1460 2735 1578 2773 omnia
1604 2733 1784 2786 procellae,
1819 2733 1937 2770 omnia
1966 2732 2139 2782 tenebrae,

1151 2799 1262 2836 multa
1292 2797 1451 2835 confusio
1486 2795 1740 2846 cogitationum
1756 2795 1792 2832 in
1811 2795 1974 2845 angustia
1996 2808 2138 2832 versan-

1150 2860 1260 2908 tium,
1281 2859 1396 2896 anima
1414 2858 1489 2910 ipsa
1509 2857 1680 2894 damnum
1709 2856 1938 2893 exclamante.
1961 2856 2053 2893 Hinc
2069 2856 2138 2908 ipsi

1149 2922 1264 2960 ventri
1283 2920 1407 2967 dediti,
1423 2935 1496 2958 sese
1509 2928 1633 2956 mutuo
1652 2917 1885 2969 redarguunt,
1899 2932 1989 2968 aegre
2004 2918 2136 2965 ferunt,

1149 2991 1281 3020 stercus
1297 2982 1475 3019 internum
1497 2980 1647 3031 dejicere
1666 2979 1841 3016 festinant.
1861 2980 2022 3015 Attamen
2041 2988 2139 3030 post-

1150 3057 1258 3093 quam
1274 3042 1518 3094 projecerunt,
1536 3054 1649 3089 neque
1668 3039 1717 3076 sic
1738 3038 1884 3088 agitatio
1901 3037 2060 3087 sedatur3
2077 3038 2139 3076 sed

1148 3112 1181 3140 et
1210 3103 1324 3141 febres
1348 3101 1432 3140 hinc.
1455 3111 1487 3139 et
1509 3100 1635 3138 morbi.
1667 3099 1807 3147 Etiam,
1838 3098 1972 3148 inquit,
2001 3099 2137 3137 infirmi

59 3174 196 3210 ροντας,
227 3160 432 3212 φερομένους
459 3161 511 3211 ἐφ’
533 3158 661 3197 ἵππων.
697 3159 823 3210 Οἴμοι·
853 3162 985 3214 θρήνων
1007 3163 1074 3216 γὰρ
1097 3175 1121 3204 D
1147 3173 1229 3202 sunt
1247 3173 1280 3202 et
1294 3163 1447 3216 turpiter
1461 3170 1572 3214 agunt
1594 3176 1601 3197 ε
1626 3160 1701 3197 haec
1720 3160 1851 3197 frustra
1871 3160 1972 3198 nobis
1991 3174 2136 3198 narran-

104 3296 117 3310 21
133 3285 275 3326 Quidam
291 3293 425 3331 μεγάλας
441 3295 555 3335 ρέιιονπι
578 3295 629 3328 τὰς
652 3295 822 3335 σομρογιάς.
843 3294 911 3324 ἀλλ’
928 3295 991 3335 οὐχὶ
1012 3297 1059 3326 ε’.)-

54 3341 167 3372 τέλεια,

1183 3294 1199 3318 l>
1213 3293 1305 3325 Unus
1318 3290 1403 3324 Cod.
1423 3295 1486 3334 ὄψει
1508 3292 1598 3324 πολὺν
1614 3291 1699 3327 &ME-r..

1175 3354 1187 3368 0
1205 3342 1316 3376 Morel.
1336 3344 1424 3384 [cuni
1445 3342 1499 3382 l).]
1517 3344 1730 3384 διαρθεῐροντες
1747 3342 2004 3373 ἀπαλλάττονται.

2156 2131 2228 2148 ΟΠΠΞ
2278 2127 2345 2149 sun}
