2466 3805
782 292 820 321 S.
855 289 1035 320 JOANMS
1069 288 1312 318 CHRYSOST.

300 279 388 335 184

294 381 397 410 vocat
417 372 522 410 etiam
535 385 606 421 eos,
622 370 682 420 qui
702 383 769 407 non
786 377 882 406 erant
898 369 935 405 in
961 368 1067 404 choro
1082 367 1270 404 duodecim

295 433 438 470 illorum
454 448 461 468 ε
477 432 558 482 quia
576 440 657 468 tunc
675 442 792 466 omnes
808 428 852 464 oh
865 427 1008 464 virtutis
1025 426 1270 464 excellentiam

295 493 463 544 discipuli
488 491 727 529 vocabantur:
755 487 938 524 manifesta
963 486 1057 524 enim
1085 495 1157 524 erat
1189 486 1270 524 illo-
1296 494 1319 522 C

295 566 375 589 rum
393 551 521 600 imago.
551 550 605 585 Et
632 560 760 584 omnes
791 549 979 583 timebant
1008 560 1117 594 eum,
1139 547 1267 598 inquit.

295 610 409 658 Vide,
431 607 606 658 quomodo
628 607 743 644 adhuc
770 606 926 657 pericula
946 616 1161 655 metuerent,
1182 622 1270 658 quo-

293 671 396 708 modo
415 669 531 706 adhuc
547 669 652 705 timor
665 669 812 719 vigeret.
828 670 1035 707 Barnabas
1052 679 1181 708 autem
1202 685 1269 723 ap-

289 732 515 781 prehensum
535 729 646 766 illum
661 730 772 766 duxit
792 730 846 766 ad
859 730 1063 780 apostolos,
1080 739 1117 768 et
1133 745 1270 769 narra-

293 793 345 827 vit
381 791 470 827 illis.
506 788 661 828 Videtur
694 798 812 826 autem
842 789 911 840 ipsi
952 790 1133 829 Barnabas
1170 801 1270 829 antea

290 852 397 889 fuisse
422 851 582 901 amicus,
623 851 773 901 ideoque
802 860 921 889 narrat
954 853 1086 900 omnia,
1116 868 1194 903 quae
1225 853 1271 891 ad

290 911 408 963 ipsum
436 911 651 963 spectabant.
676 911 776 949 Nihil
805 920 922 949 autem
940 911 1069 950 horum
1087 913 1148 950 itte
1162 913 1268 951 dicit:

289 980 376 1023 puto
398 985 460 1009 nec
485 970 529 1008 ad
547 971 635 1008 alios
668 980 785 1022 postea
817 971 996 1019 extulisse,
1016 972 1083 1010 nisi
1111 974 1270 1024 quaedam

290 1031 395 1068 fuerit
423 1031 619 1069 necessitas.
643 1033 697 1068 Et
723 1040 805 1069 erat
832 1046 917 1069 cum
945 1033 1026 1070 illis
1049 1036 1200 1072 intrans
1231 1038 1272 1071 in

290 1092 535 1141 Jerusalem,
572 1100 608 1129 et
622 1092 869 1143 fiducialiter
903 1107 1020 1144 agens
1046 1097 1088 1130 in
1119 1097 1273 1133 nomine
1297 1105 1318 1132 1)

290 1154 452 1190 Domini
469 1154 576 1191 Jesu.
594 1153 669 1190 Hoc
691 1162 724 1190 et
737 1153 816 1190 aliis
833 1153 940 1191 dabat
958 1153 1136 1193 fiduciam.
1158 1155 1272 1195 Vides

291 1223 323 1251 et
342 1213 400 1251 hic
419 1223 452 1251 et
467 1213 543 1250 illic
561 1213 648 1251 alios
670 1213 895 1265 providentes
919 1223 951 1252 et
976 1225 1135 1253 curantes
1155 1225 1193 1253 ut
1212 1217 1272 1254 illc

289 1274 404 1311 abiret
421 1303 432 1323 ,
464 1288 545 1311 cum
580 1274 739 1311 nondum
767 1274 832 1311 Dei
864 1275 1015 1324 gratiam
1049 1276 1271 1327 accepisset?

287 1335 412 1384 Itaque
427 1334 477 1372 sic
492 1335 589 1372 illius
614 1336 732 1373 fervor
755 1334 961 1373 ostenditur.
987 1336 1109 1386 Neque
1123 1337 1197 1388 jam
1217 1337 1271 1375 vi-

289 1393 392 1430 detur
421 1393 508 1430 mihi
539 1394 600 1431 ille
621 1408 682 1445 per
708 1403 837 1431 terram
859 1394 925 1431 iter
949 1395 1098 1443 habere;
1127 1396 1189 1434 sed
1211 1396 1271 1434 de-

289 1453 370 1491 inde
395 1455 597 1505 navigabat.
622 1455 698 1491 Hoc
719 1469 857 1505 quoque
883 1455 923 1492 fit
948 1470 1011 1507 per
1031 1456 1269 1508 dispensatio—

288 1529 379 1562 nem,
411 1524 451 1553 ut
470 1516 521 1553 ibi
540 1517 646 1554 etiam
662 1516 879 1568 praedicaret.
899 1516 981 1554 Ideo
1000 1517 1111 1568 igitur
1134 1519 1270 1557 insidiae

289 1576 477 1627 contigere⁷
492 1586 525 1614 et
540 1577 873 1629 iterJerosolymam
889 1592 950 1629 per
960 1578 1269 1630 dispensationem,

287 1645 327 1672 ut
340 1649 383 1672 ne
398 1636 492 1673 ultra
507 1646 688 1688 suspectus
703 1646 802 1674 essct.
819 1639 1065 1688 Loquebatur
1085 1648 1214 1677 autem
1234 1650 1268 1678 et

288 1697 509 1746 disputabat
533 1711 620 1734 cum
643 1698 796 1735 Graecis.
815 1699 869 1734 Et
890 1699 1076 1736 Ecclesia?
1091 1729 1102 1745 ,
1126 1699 1265 1750 inquit,

287 1758 481 1793 habebant
507 1771 655 1807 pacem,
694 1757 991 1808 (edificabantur
1023 1767 1059 1796 et
1088 1762 1266 1798 ambula-

288 1818 380 1852 bant
400 1819 440 1852 in
461 1819 595 1854 timore
618 1818 803 1860 Domini;
821 1815 858 1852 id
874 1826 923 1854 est
938 1847 948 1865 ,
978 1819 1178 1857 crescebant
1194 1849 1204 1868 ,
1234 1830 1267 1858 et

286 1889 406 1925 pacem
421 1905 431 1923 ,
456 1890 576 1913 veram
595 1876 717 1926 utique
737 1890 860 1927 pacem
873 1907 882 1924 ,
903 1876 994 1914 inter
1015 1892 1051 1915 se
1071 1879 1261 1919 habebant.

284 1935 412 1973 Merito
431 1965 440 1983 ,
464 1950 546 1973 nam
562 1936 668 1974 valde
686 1936 862 1974 afflixerat
881 1937 960 1975 illos
980 1948 1165 1977 externum
1190 1941 1265 1978 bel-

284 1995 369 2032 lum.
391 1997 444 2033 Et
460 1997 722 2034 consolatione
746 2000 872 2034 sancti
884 1998 1048 2048 Spiritus
1064 2000 1264 2050 repleban—

285 2064 356 2092 tur.
386 2056 640 2093 Consolabatur
668 2057 749 2094 illos
767 2057 920 2107 Spiritus
948 2067 1089 2096 sanctus
1106 2089 1117 2109 ,
1145 2069 1177 2097 et
1202 2075 1265 2112 per

284 2115 456 2151 miracula
472 2124 504 2152 et
518 2129 579 2166 per
598 2130 715 2166 opera:
740 2116 785 2153 ad
801 2117 875 2153 haec
894 2131 977 2155 Vero
994 2147 1004 2166 ,
1025 2118 1182 2170 idipsum
1196 2122 1266 2158 sin-

287 2174 378 2223 gulis
408 2174 530 2211 inerat.
552 2177 718 2211 Factum
739 2184 794 2212 est
813 2184 942 2212 autem
961 2185 1002 2213 ut
1021 2179 1159 2216 Petrus
1175 2181 1265 2216 dum

284 2236 547 2281 pertransiret,
578 2237 793 2283 perveniret
820 2236 874 2270 ad
897 2237 1090 2283 Lyddczm.
1112 2241 1267 2277 Invenit

287 2301 416 2330 autem
444 2296 497 2329 ihi
524 2295 718 2331 hominem
756 2295 1063 2342 decumbentem,
1099 2306 1133 2334 et
1167 2299 1265 2336 dixit

286 2353 348 2389 illi
366 2368 376 2388 :
423 2354 558 2401 AEnea‚
592 2363 708 2390 sanat
747 2362 783 2390 te
814 2354 927 2391 Jesus
964 2356 1149 2394 Christus.
1188 2359 1265 2395 Non

285 2414 488 2450 ostentantis
509 2413 645 2451 dictum
669 2423 742 2463 est,
775 2413 835 2451 scd
859 2414 999 2452 sidentis
1022 2430 1096 2453 rem
1123 2431 1194 2455 esse
1211 2420 1266 2456 fu-

285 2482 412 2510 turam.
442 2474 535 2512 Mihi
562 2489 646 2512 vero
677 2489 822 2526 prorsus
846 2475 988 2512 videtur
1019 2491 1154 2528 aegrum
1181 2461 1324 2526 huiciji3

284 2534 477 2571 credidisse
498 2535 628 2583 verbo,
649 2544 682 2572 et
707 2549 832 2572 sanum
848 2536 981 2573 factum
1008 2537 1127 2575 fuisse.
1159 2539 1265 2584 Quod

283 2603 400 2631 autem
422 2595 497 2632 sine
510 2595 600 2632 fastu
627 2604 735 2642 esset,
757 2609 801 2632 ex
821 2596 1043 2645 sequentihus
1058 2598 1177 2649 palam
1195 2610 1258 2637 cst.

283 2657 360 2694 Non
380 2657 472 2695 enim
488 2657 582 2694 dixit
598 2688 607 2705 ⁷
626 2659 666 2695 In
686 2659 827 2696 nomine
844 2660 926 2698 Jesu
939 2689 949 2707 ‚
969 2659 1030 2697 sed
1050 2670 1088 2698 ut
1103 2662 1258 2713 signum,

282 2717 394 2768 magis
408 2719 474 2755 hoc
490 2727 638 2756 enarrat.
666 2720 850 2757 Viderunt
869 2728 999 2757 autem
1017 2724 1083 2772 qui
1108 2724 1261 2762 habita-

283 2779 375 2815 hant
394 2779 588 2826 Lyddam,
609 2788 644 2816 et
664 2782 837 2817 conversi
858 2789 948 2817 sunt
964 2782 1017 2818 ad
1037 2783 1258 2821 Dominum.

280 2837 401 2887 Itaque
419 2852 488 2875 non
514 2838 642 2875 frustra
667 2838 745 2875 dixi
767 2839 939 2876 miracula
964 2840 1054 2878 facta
1080 2842 1188 2880 fuisse
1214 2844 1259 2882 ad

280 2898 540 2947 persuasionem
576 2907 609 2935 et
645 2899 929 2936 consolationem.
959 2903 1009 2936 In
1042 2903 1164 2953 Joppe
1191 2918 1259 2941 au—

281 2966 354 2994 tem
383 2967 465 2996 erat
488 2960 666 3009 quaedam
689 2960 903 3010 discipula,
930 2961 1045 3011 inquit
1063 2991 1073 3010 ‚
1106 2967 1258 3002 nomine

284 3019 461 3055 Tabitlm.
479 3021 646 3056 Factum
662 3028 717 3056 est
736 3028 864 3056 autem
883 3022 924 3056 in
939 3022 1071 3059 diebus
1090 3023 1190 3069 illis,
1215 3034 1254 3062 ut

277 3079 477 3130 infirmata
504 3088 722 3118 moreretur.
744 3080 854 3118 Vides
868 3080 1000 3130 ubique
1019 3082 1117 3133 signa
1136 3083 1255 3122 edita?

278 3139 353 3175 Non
373 3139 580 3190 simpliciter
609 3149 747 3177 mortua
766 3149 816 3177 est
839 3139 994 3177 Tabitha
1005 3170 1018 3187 ,
1049 3142 1109 3179 scd
1138 3144 1174 3181 in
1196 3145 1253 3182 in-

278 3197 478 3236 firmitatem
497 3199 608 3250 lapsa.
641 3199 724 3237 Ideo
742 3201 886 3237 Petrum
906 3214 974 3238 non
994 3213 1164 3240 vocarunt
1187 3203 1250 3242 do-
1279 3215 1300 3243 B

321 3334 334 3349 ³¹
352 3335 418 3374 [tta
436 3336 597 3368 Commcl.
614 3363 621 3372 ,
641 3338 739 3370 δοτίἰ.
767 3346 800 3370 et
818 3337 928 3370 Codd.
955 3341 1071 3372 nostri.
1091 3340 1277 3383 Legebatur

274 3387 358 3417 οὕτω.
377 3386 386 3420 i

1351 288 1537 317 ARCHIEP
1546 309 1555 317 .
1593 288 1933 318 CONSTANTINOP
1942 308 1950 317 .

1344 369 1516 414 Μαθητὰς
1534 369 1570 407 δὲ
1593 371 1692 406 καλεῖ
1716 369 1777 406 καὶ
1797 369 1874 412 τοὺς
1897 370 1946 419 μὴ
1966 370 2149 413 τελοῦντας
2165 372 2211 413 εἷς
2226 370 2282 408 τὸν
2299 386 2362 422 χο-

1346 428 1401 480 ρὸν
1432 431 1500 465 τῶν
1531 427 1667 466 δώδεκα
1679 444 1686 451 ·
1724 428 1812 466 διότι
1842 429 1996 479 μαθηταὶ
2021 429 2146 472 πάντες
2177 431 2363 469 ἐκαλοῦντο

1348 487 1424 525 τότε
1440 489 1496 526 διὰ
1509 488 1573 534 τὴν
1587 488 1718 535 πολλὴν
1743 490 1868 540 ἀρετήν
1881 506 1889 513 ·
1905 485 1946 536 ἦν
1962 490 2029 542 γὰρ
2043 494 2064 536 ἦ
2086 489 2186 528 εἰκὼν
2205 494 2274 528 τῶν
2295 507 2363 540 μαι

1348 552 1460 593 θητῶν
1492 549 1594 595 δήλη.
1628 549 1699 587 Καὶ
1727 549 1852 593 πάντες
1880 551 2061 600 ἓφοέοῦντο
2095 551 2217 597 αὐτὸν,
2245 550 2361 602 φησίν.

1345 609 1455 661 ”Opem
1475 614 1547 654 πῶς
1567 610 1752 662 ἐφοὲοῦντο
1768 610 1845 652 τοὺς
1862 610 2048 657 κινδύνους,
2073 613 2146 653 πῶς
2166 611 2217 649 ἔτι
2235 612 2274 648 τὸ
2290 611 2364 654 δέος

1346 670 1531 721 ε’νήκμαζε.
1565 670 1750 720 Βαρνάὸας
1771 669 1806 707 δὲ
1830 669 2080 720 ἐπιλαὸόμενος
2097 672 2221 719 αὐτοῦ,
2251 671 2362 723 ἤγαγε

1347 731 1432 782 πρὸς
1459 731 1537 775 τοὺς
1557 731 1767 774 ἀποστόλους
1780 759 1790 776 ,
1814 731 1873 768 καὶ
1893 730 2085 781 διηγήσατο
2104 732 2228 774 αὐτοῖς.
2259 732 2363 781 Ἐμοὶ

1348 793 1439 830 δοκεῖ
1467 796 1484 830 ὃ
1513 792 1698 844 Βαρνάὲας
1722 792 1850 829 ἄνωθεν
1881 793 1973 842 αὐτῷ
1999 785 2086 828 εἶναι
2105 791 2216 842 φίλος·
2235 790 2286 828 διὸ
2305 791 2364 828 καὶ

1349 853 1463 892 πάντα
1483 856 1654 904 διηγεῖται
1674 853 1720 891 τὰ
1734 855 1811 890 κατ’
1835 851 1948 889 αὐτόν.
1980 851 2090 890 Οὐδὲν
2111 851 2146 890 δὲ
2166 851 2294 890 τούτων
2309 853 2366 889 αὖ·

1347 915 1403 958 τὸς
1429 914 1539 965 λέγει·
1569 908 1666 964 οἶμαι
1700 913 1753 961 δὲ,
1774 912 1827 960 ὅτι
1848 912 1908 950 καὶ
1930 914 1978 955 εἷς
1999 911 2078 955 τοὺς
2100 912 2223 955 ἄλλους
2245 915 2307 950 οὐκ
2325 913 2365 951 ἂν

1346 976 1526 1026 ἐξήνεγκεν
1545 974 1686 1025 ὕστερον
1702 1004 1711 1021 ,
1735 976 1763 1011 εἷ
1788 973 1836 1023 μή
1862 989 1915 1016 τις
1944 972 2078 1023 ἀνάγκη
2104 972 2240 1024 γέγονεν
2258 975 2364 1025 αὐτῷ.

1348 1035 1418 1073 Καὶ
1444 1029 1485 1080 ἦν
1517 1034 1593 1084 μετ’
1621 1037 1733 1072 αὐτῶν
1754 1033 2036 1083 εἰσπορευόμενος
2055 1035 2102 1076 εἷς
2121 1032 2366 1086 Ἰερουσαλὴμ,

1346 1095 1405 1133 καὶ
1418 1094 1740 1146 παρ’ῥησιαζόμενος
1755 1097 1787 1132 ἐν
1802 1097 1852 1145 τῷ
1862 1094 2006 1144 ὀνόματι
2019 1099 2077 1132 τοῦ
2087 1093 2217 1146 Κυρίου
2233 1096 2364 1142 Ἰησοῦ.

1346 1157 1364 1175 *
1376 1158 1488 1194 Τοῦτο
1505 1155 1563 1192 καὶ
1578 1161 1647 1199 τοῖς
1663 1155 1778 1198 ἄλλοις
1795 1154 1904 1193 ἐδίδου
1926 1157 2077 1207 θαῤῥεῖν.
2091 1154 2199 1207 εΟρᾷς
2218 1155 2276 1192 καὶ
2295 1157 2367 1193 ἐκεῖ

1346 1216 1404 1254 καὶ
1427 1219 1571 1254 ἐνταῦθα
1586 1215 1662 1258 τοὺς
1682 1217 1804 1259 ἄλλους
1823 1215 2131 1268 προμηθουμένους
2143 1246 2153 1263 ,
2179 1215 2237 1254 καὶ
2257 1231 2365 1253 κατα-

1346 1279 1573 1321 σκευάζοντας
1591 1277 1681 1315 ὦστε
1701 1277 1803 1315 αὐτὸν
1825 1279 1987 1315 ἀπελθεῖν
2000 1307 2010 1324 ,
2030 1277 2089 1314 καὶ
2108 1277 2260 1327 οὐδαμοῦ
2278 1276 2364 1321 τέως

1345 1337 1565 1376 ἀπολαύοντα
1596 1338 1697 1376 αὐτὸν
1722 1337 1813 1380 θείας
1846 1340 1974 1389 ῥοπῆς,
2007 1337 2112 1376 Οὕτω
2143 1341 2224 1385 γοῦν
2259 1339 2364 1376 αὐτοῦ

1345 1398 1517 1436 δείκνυται
1543 1399 1603 1437 καὶ
1630 1393 1848 1450 τοσφοδρόν.
1878 1397 1989 1436 εὨστε
2004 1400 2040 1436 οὗ
2057 1398 2114 1436 διὰ
2128 1400 2192 1448 γῆς
2210 1398 2286 1447 ἐμοὶ
2303 1399 2360 1436 δο-

1345 1466 1398 1498 κεῖ
1417 1459 1479 1506 τὴν
1498 1459 1640 1512 πορείαν
1661 1460 1762 1496 αὐτὸν
1783 1462 1976 1505 ποιεῖσθαι,
1997 1460 2087 1496 ἀλλὰ
2101 1457 2160 1496 καὶ
2181 1458 2278 1496 ἔπλει
2291 1460 2360 1496 λοι-

1343 1521 1419 1558 πόν.
1452 1521 1522 1558 Καὶ
1546 1524 1648 1557 τοῦτο
1668 1519 1702 1557 δὲ
1731 1522 1957 1569 οἰκονομικῶς
1977 1519 2119 1570 γίνεται,
2142 1521 2187 1563 εἷς
2201 1520 2240 1557 τὸ
2257 1519 2360 1557 αὐτὸν

1343 1582 1402 1619 καὶ
1422 1583 1494 1619 ἐκεῖ
1512 1581 1669 1632 κηρῦξαι.
1701 1580 1789 1632 Ἄρα
1804 1580 1863 1618 καὶ
1884 1584 1918 1618 αἱ
1936 1580 2114 1618 ἐπιδουλαί
2127 1579 2214 1633 ὑπὲρ
2234 1583 2359 1629 αὐτῶν,

1343 1642 1401 1680 καὶ
1417 1642 1455 1679 τὸ
1475 1644 1520 1684 εἷς
1540 1640 1763 1692 Ἱεροσόλυμα
1785 1642 1894 1678 ἐλθεῖν
1908 1643 2146 1690 οἰκονομικῶς,
2161 1640 2217 1678 ἵνα
2234 1641 2359 1691 μηκέτι

1343 1703 1533 1746 ἀπιστῆται
1553 1700 1597 1738 τὰ
1623 1701 1702 1738 κατ’
1733 1700 1845 1739 αὐτόν.
1874 1701 2019 1738 Ἐλάλει
2047 1716 2083 1737 τε
2102 1700 2162 1738 καὶ
2183 1700 2359 1747 συνεζήτει

1342 1761 1427 1813 πρὸς
1451 1760 1528 1803 τοὺς
1557 1760 1800 1808 Ἑλληνιστάς.
1839 1761 1910 1799 Καὶ
1931 1754 2040 1811 εἶχον,
2071 1760 2173 1812 φησιν
2190 1791 2199 1808 ,
2219 1760 2360 1812 εἰρήνην

1343 1823 1378 1857 αἱ
1405 1821 1615 1866 Ἔκκλησίαι
1633 1821 1938 1872 οἷκοδομούμεναι,
1968 1822 2027 1859 καὶ
2051 1821 2282 1875 πορευόμεναι
2310 1825 2359 1874 τῷ

1342 1882 1438 1934 ’ρόὲῳ
1461 1886 1520 1920 τοῦ
1541 1882 1670 1934 Κυρίου
1687 1898 1694 1905 ·
1717 1883 1915 1928 τουτέστιν,
1935 1881 2089 1929 ηὔξησαν
2109 1882 2166 1919 καὶ
2185 1882 2247 1929 τὴν
2267 1883 2359 1935 εἰρή-

1341 1958 1400 1989 νην
1429 1941 1535 1989 αὓτὴν
1566 1943 1675 1989 δήπου
1702 1944 1787 1996 πρὸς
1819 1943 1966 1991 ἑαυτὴν,
1997 1942 2059 1989 τὴν
2078 1943 2183 1986 ὄντως
2205 1942 2357 1996 εἰρήνην.

1339 2002 1512 2049 Εἰκότως·
1543 2003 1675 2056 σφόδρα
1707 2003 1774 2054 γὰρ
1800 2003 1922 2046 αὐτοὺς
1947 2005 1963 2040 ὁ
1983 2003 2133 2054 πόλεμος
2152 2003 2358 2041 ἐκάκωσενὸ

1341 2064 1474 2107 ἔξωθεν.
1526 2064 1594 2101 Καὶ
1619 2068 1662 2115 τῇ
1693 2064 1914 2116 παρακλήσει
1940 2067 1999 2101 τοῦ
2028 2064 2126 2115 ἁγίου
2153 2063 2357 2114 Πνεύματος

1341 2125 1584 2170 ἐπληθύνοντο.
1603 2125 1827 2177 ςΠαρεκάλει
1861 2124 1982 2168 αὐτοὺς
2001 2125 2039 2163 τὸ
2058 2126 2204 2175 Πνεῦμα
2223 2125 2282 2162 καὶ
2301 2125 2358 2163 διὰ

1339 2188 1406 2222 τῶν
1425 2185 1623 2234 θαυμάτων,
1644 2186 1703 2223 καὶ
1720 2185 1775 2222 διὰ
1791 2189 1858 2223 τῶν
1876 2185 1983 2237 ἔργων
1997 2201 2004 2209 ·
2027 2186 2086 2223 καὶ
2105 2186 2211 2237 χωρὶς
2229 2186 2264 2224 δὲ
2281 2186 2358 2224 τού-

1340 2261 1431 2288 των,
1464 2244 1522 2281 καὶ
1547 2245 1625 2281 καθ’
1658 2245 1777 2283 ἑαυτὸν
1805 2245 1962 2283 ἕκαστον.
1997 2246 2156 2296 Ἐγένετο
2171 2245 2206 2284 δὲ
2222 2245 2355 2298 Πέτρον

1952 2305 2004 2318 lxx

1341 2304 1561 2356 διερχόμενον
1589 2307 1766 2342 κατελθεῖν
1797 2306 1882 2356 πρὸς
1909 2308 2058 2344 Λυοοαν.
2092 2301 2183 2359 Εῧρε
2224 2306 2259 2345 δὲ
2287 2310 2358 2345 ἐκεῖ

1342 2364 1521 2416 ἄνθρωπον
1538 2364 1801 2413 κατακείμενον,
1819 2364 1878 2401 καὶ
1898 2359 1989 2402 εἶπεν
2002 2368 2110 2416 αὐτῷ·
2128 2366 2248 2410 Αἰνέα,
2263 2367 2358 2404 ἰᾶταί

1342 2440 1380 2461 σε
1408 2425 1542 2471 Ἰησοῦς
1570 2427 1588 2461 ὃ
1606 2424 1768 2475 Χριστός.
1802 2426 1879 2461 Οὐκ
1897 2425 2176 2474 ἐπιδεικνυμένου
2191 2425 2230 2462 τὸ
2248 2428 2356 2476 ῥῆμα,

1341 2483 1431 2522 ἀλλὰ
1453 2487 1654 2536 θαῤῥοῧντος
1678 2484 1729 2521 ὅτι
1759 2483 1868 2522 ἔσται,
1908 2484 2010 2534 Ἐμοὶ
2041 2485 2076 2522 δὲ
2101 2485 2232 2536 σφόδρα
2252 2486 2356 2534 δοκεῖ,

1339 2544 1390 2582 ὅτι
1412 2544 1522 2596 τούτῳ
1541 2544 1720 2583 ἐπίστευσε
1737 2547 1786 2596 τῷ
1809 2545 1938 2596 ῥήματι
1957 2549 1974 2582 ὁ
1995 2548 2159 2593 ἀσθενῶν,
2179 2546 2238 2583 καὶ
2257 2546 2355 2598 γέγο-

1561 2604 1575 2617 U
2146 2606 2200 2620 ‘rm
2243 2608 2280 2621 ’,κω

2143 2620 2219 2651 εςης
2240 2609 2354 2653 οηλον.

1337 2667 1389 2703 Οὐ
1410 2666 1476 2717 γὰρ
1495 2659 1601 2711 εἶπεν,
1622 2667 1655 2702 ἐν
1675 2668 1724 2717 τῷ
1741 2665 1884 2715 ὀνόματι
1903 2667 2018 2711 Ἰησοῦ
2031 2682 2038 2689 ·
2054 2668 2130 2704 8033
2151 2669 2196 2709 ὡς
2211 2672 2354 2717 σημεῖον

1338 2621 1391 2642 νεν
1416 2605 1525 2655 ὑγιής.
1611 2620 1644 2641 τι
1672 2604 1706 2642 δὲ
1733 2606 1879 2656 ἄτυφος,
1909 2606 1968 2643 καὶ
1994 2607 2033 2643 ἐκ
2051 2609 2118 2643 τῶν

1337 2725 1468 2772 μᾶλλον
1489 2726 1569 2762 αὐτὸ
1584 2726 1766 2775 διηγεῖται.
1789 2719 1891 2764 Εἶδον
1912 2726 1946 2764 δὲ
1967 2728 1997 2763 οἱ
2011 2731 2250 2769 κατοικοῦντες
2260 2727 2354 2764 Λύδ-

1335 2785 1409 2829 δαν,
1429 2784 1487 2821 καὶ
1507 2784 1718 2836 ἐπέστρεψαν
1740 2785 1797 2823 ἐπὶ
1818 2785 1960 2837 Κύριον.
1981 2786 2068 2837 Ἄρα
2085 2789 2121 2823 οὐ
2144 2786 2257 2836 μάτην
2277 2787 2354 2825 ἔλε-

1333 2860 1405 2894 γον,
1430 2844 1446 2862 *
1462 2844 1514 2881 ὅτι
1539 2847 1587 2888 εἷς
1604 2846 1643 2882 τὸ
1663 2851 1781 2884 πεῖσαι
1794 2846 1853 2883 καὶ
1868 2846 2113 2897 παρακαλέσαι
2132 2846 2176 2884 τὰ
2192 2846 2353 2897 θαύματα

1333 2906 1491 2942 ἐτελεῖτο.
1515 2905 1574 2943 Ἔν
1591 2906 1717 2958 Ἰόππη
1744 2906 1781 2944 δέ
1796 2923 1849 2950 τις
1867 2900 1908 2952 ἦν
1930 2907 2116 2958 μαθήτρια,
2140 2908 2257 2959 φησὶν,
2275 2910 2354 2947 ὀνό-

1334 2980 1418 3013 ματι
1436 2965 1598 3010 Ταὸηθᾶ.
1640 2966 1801 3017 Ἐγένετο
1832 2966 1866 3004 δὲ
1886 2970 1920 3004 ἐν
1941 2973 2017 3009 ταῖς
2041 2971 2074 3017 ἦι
2097 2967 2189 3019 ε’ραις
2206 2969 2353 3013 ἐκείναις

1332 3025 1571 3071 ἀσθενήσασαν
1605 3026 1712 3072 αὐτὴν
1746 3028 1941 3065 ἀποθανεῖν.
1976 3021 2077 3069 Εἶδες
2100 3033 2280 3080 πανταχοῦ
2309 3029 2353 3067 τὰ

1331 3091 1460 3134 σημεῖα
1485 3086 1670 3137 γινόμενα,
1701 3088 1780 3138 Οὐχ
1810 3088 1928 3130 ἁπλῶς
1947 3087 2114 3125 ἀπέθανεν
2147 3093 2167 3135 ἧ
2189 3089 2352 3137 Ταὸηθὰ,

1333 3146 1409 3183 ἀλλ’
1430 3149 1462 3184 ἐν
1485 3147 1661 3200 ἀρρωστίᾳ
1679 3147 1858 3198 γενομένη.
1891 3148 1953 3185 Διὸ
1974 3149 2033 3186 καὶ
2056 3152 2093 3187 οὐ
2118 3152 2262 3188 καλοῦσι
2279 3150 2352 3188 Πέ-

1330 3222 1421 3257 τρον,
1441 3206 1504 3250 ἕως
1521 3206 1578 3244 ὅτε
1593 3207 1826 3254 ἐτελεύτησεν.
1842 3208 2064 3252 Ἀκούσαντες
2080 3209 2115 3249 δὲ
2131 3213 2161 3248 οἱ
2181 3210 2351 3261 μαθηταὶ,

1388 3353 1399 3366 e
1418 3342 1477 3373 Alii
1495 3347 1658 3386 παρεκάλει
1672 3346 1702 3376 δὲ
1720 3348 1832 3380 αὐτοὺς.

1386 3395 1399 3408 ¹¹
1418 3395 1482 3434 [ἔτι
1499 3406 1564 3437 quo
1579 3403 1694 3427 carent
1710 3394 1811 3436 Editi,
1828 3395 2016 3428 addidimus
2032 3409 2047 3428 e
2062 3399 2118 3438 D]
