2466 3805
711 229 753 258 IN
789 229 901 258 ACTA
942 228 1273 258 APOSI'OLORUM
1311 226 1466 255 noant„

96 307 216 360 τέρασι
234 309 293 345 καὶ
312 308 467 357 σημείοις
481 337 491 356 ,
511 304 558 351 οἷς
575 309 718 356 ἐποίησε
742 310 784 346 δι’
812 312 913 348 αὐτοῦ
936 312 954 347 ὁ
973 309 1061 352 Θεὸς
1077 310 1112 347 ἐν

97 367 193 418 μέσῳ
217 369 327 418 ὑμῶν.
347 367 459 406 “sse-‘ce
477 371 514 406 οὐ
530 368 664 420 λάθρᾳ,
685 372 739 407 aei
771 372 804 408 ἐν
828 370 936 422 μέσῳ.
966 370 1111 421 Πρῶτον

96 428 166 466 ἀπὸ
180 430 248 465 τῶν
267 428 408 471 ἐκείνοις
426 429 609 482 γνωρίμων
632 430 799 482 ἄρχεται,
821 430 880 468 καὶ
895 430 971 468 τότε
993 429 1050 467 ἐπὶ
1068 428 1112 466 τὰ

97 488 208 535 ἄδηλα
226 488 377 540 ἔρχεται.
399 490 550 528 Ἔπειτα
564 490 686 542 λέγων,
710 492 765 538 Τῇ
785 497 844 530 τοῦ
864 493 956 529 Θεοῦ
983 491 1112 541 βουλῇ,

97 549 279 597 δείκνυσιν,
296 550 347 588 ὅτι
365 553 424 589 οὐκ
441 553 537 590 αὐτοὶ
568 553 728 604 ἴσχυσαν,
748 553 807 590 καὶ
822 552 874 589 ὅτι
890 552 992 603 σοφόν
1016 568 1050 589 τι
1074 550 1114 588 τὸ

96 611 273 661 γινόμενον
299 606 341 658 ἦν
361 613 419 650 καὶ
439 613 639 664 οἰκονομία,
656 613 689 651 εἴ
703 629 743 664 γε
758 613 855 664 παρὰ
874 617 933 651 τοῦ
949 615 1040 652 Θεοῦ
1058 607 1112 659 ἦν.

97 671 168 708 Καὶ
185 671 223 708 τὸ
237 673 395 725 φορτικὸν
410 674 544 725 ταχέως
563 676 731 726 παρῆλθε.
754 673 895 719 Σπουδὴ
914 673 982 725 γὰρ
1002 675 1116 716 αὐτοῖς

98 738 298 785 πανταχοῦ,
320 734 445 781 δεῖξαι,
475 736 527 773 ὅτι
546 734 710 780 τέθνηκε·
735 734 799 770 κᾶν
827 737 924 783 ὑμεῖς
957 734 1113 784 ἀρνήση-

99 797 178 841 σθε,
200 795 315 846 φησὶν,
332 798 456 833 ἐκεῖνοι
476 795 766 846 μαρτυρήσουσιν.
793 793 838 831 ‘O
859 793 894 830 δὲ
907 796 957 844 τῷ
979 793 1115 843 θανάτῳ

98 853 292 905 πράγματα
317 854 494 906 παρέχων,
527 856 646 905 πολλῷ
667 855 797 903 μᾶλλον
818 859 887 896 τοῖς
906 851 1115 904 σταυρώσα-

101 930 154 952 σιν
171 930 177 937 ·
199 917 275 952 ἀλλ’
293 916 387 953 οὐδὲν
406 919 557 952 τοιοῦτον
572 914 685 965 λέγει,
705 914 758 951 ὅτι
773 913 921 959 ἠδύνατο
936 915 1025 962 ὑμᾶς
1041 914 1117 950 ἀνε-

99 978 186 1022 λεῖν,
209 978 284 1014 ἀλλ’
304 978 422 1019 ἁπλῶς
442 976 542 1026 μόνον
560 975 713 1027 ἐνέφηνε.
730 974 829 1017 Τέως
843 973 878 1011 δὲ
898 974 1114 1024 μανθάνομεν

100 1038 159 1075 καὶ
177 1041 278 1087 ἡμεῖς
297 1037 353 1074 διὰ
373 1041 440 1075 τῶν
460 1036 651 1088 εἰρημένων
670 1036 704 1073 τί
725 1038 800 1073 ἐστι
818 1034 857 1072 τὸ
876 1035 1049 1086 κατέχειν.
1072 1034 1116 1073 ‘O

99 1097 167 1149 γὰρ
202 1097 331 1134 ὠδίνων
357 1099 395 1134 οὐ
423 1097 565 1149 κατέχει
595 1096 635 1134 τὸ
665 1097 912 1148 κατεχόμενον,
933 1095 1009 1134 οὐδὲ
1031 1097 1117 1149 δρᾷ,

100 1157 191 1195 ἀλλὰ
223 1158 353 1209 πάσχει
381 1158 440 1195 καὶ
473 1161 512 1209 ῥῖ·
536 1174 571 1195 αι
591 1157 744 1196 σπεύδει.
777 1158 846 1195 Καὶ
875 1159 990 1200 καλῶς
1019 1151 1117 1194 εἶπε·

100 1218 210 1255 Annulo*
235 1217 303 1270 γὰρ
320 1219 414 1270 λέγει
432 1220 478 1262 εἷς
499 1219 612 1265 αὐτὸν,
633 1218 690 1257 ἵνα
722 1218 770 1269 μὴ
793 1221 839 1261 εἷς
859 1219 916 1256 τὸν
936 1218 1118 1270 προφήτην

100 1278 248 1328 ἑλκύσης
273 1280 312 1317 τὸ
341 1279 532 1330 εἰρημένον.
547 1279 674 1332 ζΟρᾷς,
696 1283 770 1322 πῶς
799 1279 979 1331 ἑρμηνεύει
1000 1279 1120 1317 λοιπὸν

101 1339 163 1386 τὴν
183 1339 418 1392 1’προφητείαν
435 1341 494 1378 καὶ
511 1341 644 1392 γυμνὴν
665 1341 801 1387 τίθησι,
815 1342 928 1388 δηλῶν
948 1344 1021 1383 πῶς
1041 1339 1122 1378 ἐκά-

103 1406 195 1440 θισεν
212 1402 268 1440 ἐπὶ
287 1406 346 1441 τοῖ’)
369 1402 487 1455 θρόνου
508 1404 633 1449 αὐτοῦ,
654 1406 676 1449 ἡ
694 1402 761 1454 γὰρ
776 1403 866 1441 κατὰ
885 1404 1032 1453 Πνεῦμα
1060 1405 1121 1453 βα-

103 1463 214 1501 σιλεία
233 1465 267 1501 ἐν
285 1465 451 1515 οὐρανοῖς.
473 1463 589 1517 σΟρα,
613 1467 687 1507 πῶς
709 1463 797 1514 μετὰ
819 1467 880 1510 τῆς
900 1463 1123 1507 ἀναστάσεως

104 1525 162 1563 καὶ
194 1524 257 1571 τὴν
290 1525 467 1575 βασιλείαν
499 1525 658 1577 ἐνέφηνεν
677 1528 710 1564 ἐν
732 1528 782 1578 τῷ
812 1526 1014 1571 ἀναστῆναι.
1036 1525 1122 1563 Δεί-

103 1603 233 1633 κνυσιν,
250 1586 303 1625 ὅτι
329 1587 482 1638 ἀνάγκην
511 1581 602 1638 εἶχεν
617 1590 634 1625 ὁ
654 1587 833 1638 προφήτης
847 1602 854 1609 ·
873 1587 952 1639 περὶ
971 1586 1038 1638 γὰρ
1058 1589 1120 1624 αὖ·

103 1653 162 1687 τοῦ
183 1643 224 1696 ἦν
242 1653 263 1695 ἦ
279 1649 484 1701 προφητεία.
511 1649 579 1687 Διὰ
594 1649 628 1686 τί
652 1649 699 1701 μὴ
721 1643 815 1697 εἶπε,
831 1649 910 1702 περὶ
938 1653 1000 1696 τῆς
1021 1651 1119 1700 βασι-

103 1710 197 1753 λείας
231 1712 334 1749 αὐτοῦ
346 1727 353 1733 ·
388 1709 477 1748 ἀλλὰ
489 1738 499 1755 ,
529 1711 618 1761 Περὶ
647 1713 708 1757 τῆς
745 1711 966 1754 ἀναστάσεως
996 1712 1123 1757 αὐτοῦ,

104 1772 206 1822 Μέγα
223 1775 323 1810 τοῦτο
342 1766 394 1818 ἦν.
415 1774 498 1815 Πῶς
518 1771 553 1810 δὲ
568 1771 624 1810 ἐπὶ
643 1776 701 1810 τοῦ
721 1772 838 1824 θρόνου
860 1772 1019 1818 ἐκάθισε,
1047 1774 1123 1809 Βα-

103 1832 243 1872 σιλεύων
258 1832 499 1871 Ἰουδαίων.Εἶ
512 1832 546 1870 δὲ
563 1826 751 1880 Ἰουδαίων,
769 1834 889 1885 πολλῷ
909 1833 1040 1883 μᾶλλον
1054 1835 1122 1870 τῶν

105 1893 380 1945 σταυρωσάντων
408 1894 522 1932 αὐτόν.
556 1896 609 1932 Οὐ
635 1893 702 1945 γὰρ
732 1897 752 1939 ἦ
782 1893 867 1945 σὰρξ
905 1895 1007 1931 αὐτοῦ
1036 1887 1124 1940 εἶδε,

104 1956 209 2007 φησὶ,
230 1956 430 2008 διαφθοράν.
459 1958 572 1993 Τοῦτο
605 1959 667 2001 τῆς
690 1955 911 1998 ἀναστάσεως
940 1955 1033 1991 δοκεῖ
1062 1955 1123 2005 μὲν

105 2011 208 2062 ἧττον
238 2010 344 2063 εἶναι,
365 2016 454 2062 πλὴν
475 2015 514 2053 τὸ
534 2015 618 2052 αὐτό
644 2017 730 2053 ἐστι.
749 2017 882 2053 Τοῦτον
910 2015 968 2052 τὸν
990 2015 1123 2060 Ἰησοῦν

107 2076 294 2122 ἀνέστησεν
313 2079 330 2114 ὁ
349 2076 449 2119 Θεός.
464 2075 562 2128 ςὈρα
574 2107 582 2123 ,
602 2078 675 2119 πῶς
693 2078 730 2114 οὔ
746 2076 847 2114 καλεῖ
863 2076 964 2113 αὐτὸν
985 2075 1122 2127 ἑτέρως.

107 2132 160 2176 Οῧ
182 2138 307 2181 πάντες
333 2142 435 2187 ἡμεῖς
463 2139 566 2188 ἔσμεν
590 2137 772 2188 μάρτυρες.
793 2139 848 2188 Ίῇ
869 2136 964 2188 δεξιᾷ
983 2130 1040 2174 οὖν
1063 2140 1122 2174 τοῦ

106 2199 198 2236 Θεοῦ
218 2198 375 2250 ὑψωθείς.
405 2198 520 2236 Πάλιν
550 2198 607 2235 ἐπὶ
629 2198 685 2235 τὸν
711 2197 858 2248 Πατέρα
885 2196 1121 2248 καταφεύγει,

105 2259 217 2297 καίτοι
236 2275 275 2309 γε
304 2259 404 2310 ἤρκει
423 2260 531 2296 εἰπεῖν
550 2259 588 2296 τὸ
617 2258 782 2310 πρότερον
797 2273 804 2280 ·
826 2259 903 2295 ἀλλ’
935 2251 1024 2295 οἶδεν
1044 2255 1122 2295 ὅσον

103 2318 205 2358 τοῦτό
223 2322 329 2357 ἐστιν.
356 2319 531 2357 Ἐνταῦθα
553 2319 612 2357 καὶ
633 2319 712 2370 περὶ
729 2321 792 2364 τ’ἧς
822 2318 1026 2368 ἀναλήψεως
1050 2319 1124 2369 ᾐνί-

104 2381 201 2428 ξατο,
232 2380 292 2418 καὶ
319 2379 371 2418 ὅτι
390 2382 423 2418 ἐν
445 2386 515 2423 τοῖς
540 2382 695 2433 οὐρανοῖς
715 2382 822 2428 ἐστιν,
845 2380 921 2417 ἀλλ’
945 2378 1021 2417 οὐδὲ
1041 2380 1124 2418 αὐτὸ

103 2445 256 2494 φανερῶς
274 2441 379 2493 λέγει.
403 2441 478 2487 Τήν
498 2456 536 2478 τε
557 2440 779 2492 ἐπαγγελίαν,
808 2440 910 2492 φησὶ,
928 2443 987 2477 τοῦ
1014 2440 1124 2479 Πνεύ-

105 2519 211 2554 ματος
241 2507 300 2541 τοῦ
332 2501 430 2554 ἁγίου
460 2501 592 2540 λαὸών.
614 2501 730 2554 (Ὀρα,
758 2504 832 2544 πῶς
852 2500 1044 2553 ἀρχόμενος
1063 2500 1124 2552 μὲν

104 2565 169 2615 οὔχ
185 2563 304 2601 ἑαυτὸν
332 2562 396 2614 ἔφη
417 2563 497 2600 αὐτὸ
515 2562 850 2615 καταπεπομφέναι,
871 2562 960 2600 ἀλλὰ
974 2561 1031 2599 τὸν
1048 2564 1125 2600 Πα-

105 2623 205 2675 τέρα·
222 2623 340 2670 {vestrl-*q
361 2623 396 2661 δὲ
419 2623 573 2674 ἐμνήσθη
593 2626 661 2661 τῶν
685 2623 840 2673 σημείων
857 2627 961 2660 αὐτοῦ
980 2624 1040 2661 καὶ
1056 2627 1125 2662 τῶν

106 2687 152 2727 εἷς
170 2686 270 2724 αὐτὸν
286 2684 524 2736 γεγενημένων
552 2684 650 2736 παρὰ
669 2684 859 2731 Ἰουδαίων,
879 2684 939 2722 καὶ
967 2684 1044 2738 περὶ
1065 2687 1143 2731 τῆς

107 2746 327 2789 ἀναστάσεως
356 2746 537 2797 διελέχθη,
559 2747 694 2799 θαρρῶν
725 2746 845 2784 λοιπὸν
878 2746 937 2784 καὶ
962 2746 1020 2785 τὸν
1048 2746 1127 2798 περὶ

106 2806 235 2845 τούτων
255 2807 385 2858 εἰσάγει
398 2806 512 2857 λόγον,
531 2806 636 2844 πάλιν
656 2806 778 2850 αὖτοὺς
795 2806 972 2859 μάρτυρας
992 2807 1035 2844 δι’
1050 2809 1129 2844 ἑκα-

107 2867 214 2919 τέρων
235 2871 304 2906 τῶν
322 2867 512 2914 αἰσθήσεων
532 2867 699 2920 παράγων
713 2883 721 2890 ·
740 2867 799 2905 καὶ
819 2871 882 2913 τῆς
899 2867 960 2918 μὲν
982 2868 1129 2905 ἀναστά-

109 2945 195 2973 σεως
213 2932 366 2981 συνεχῶς
397 2929 588 2980 μέμνηται,
611 2933 671 2967 τοῦ
704 2929 739 2967 δὲ
758 2929 983 2980 τολμήματος
1015 2930 1127 2967 αὐτῶν

110 2989 222 3038 ἅπαξ,
240 2989 319 3028 ιῒἴνα
341 2990 388 3041 μὴ
409 2990 532 3034 αὐτοὺς
554 2990 704 3043 βαρήσῃ.
733 2990 810 3037 Τήν
842 3006 879 3027 τε
909 2989 1130 3041 ἐπαγγελίαν,

110 3051 216 3103 φησὶ,
242 3056 300 3089 τοῦ
319 3052 523 3102 Πνεύματος
539 3054 598 3088 τοῦ
623 3051 720 3102 ἁγίου
740 3051 870 3089 λαὸών.
889 3052 1002 3089 Τοῦτο
1023 3050 1128 3089 πάλιν

113 3112 214 3164 μέγα.
237 3106 350 3161 Οἶμαι
374 3112 409 3150 δὲ
429 3118 485 3151 νῦν
502 3113 711 3164 ἐπαγγελίαν
731 3112 833 3151 αὐτὸν
851 3112 963 3164 λέγειν
983 3112 1045 3158 τὴν
1061 3111 1130 3164 πρὸ

111 3177 170 3210 τοῦ
189 3177 324 3211 παθεῖν.
338 3172 435 3226 (Ὀρα
445 3203 455 3222 ,
476 3177 549 3216 πῶς
570 3175 674 3212 αὐτοῦ
692 3178 784 3212 ποιεῖ
798 3173 882 3211 αὐτὸ
898 3172 1018 3210 λοιπὸν
1038 3171 1129 3218 ὅλον,

114 3239 202 3292 μέγα
220 3239 455 3284 λανθανόντως
489 3240 570 3278 αὐτὸ
597 3239 832 3292 ἐργαζόμενος.
864 3241 907 3278 Εἰ
934 3238 1002 3292 γὰρ
1030 3239 1130 3281 αὐτὸς

157 3370 168 3384 ²
197 3366 218 3393 εἰ
236 3367 263 3394 ἐν
279 3369 360 3404 με’σῳ
376 3361 467 3394 deest
482 3364 515 3394 'm
537 3362 745 3405 quibusdam.

162 3412 176 3434 b
201 3412 293 3445 Unus
309 3413 422 3446 Codex
441 3419 622 3458 προφητεῖαι
642 3418 673 3448 03
690 3422 811 3456 γυμνήν,
827 3414 933 3446 miuus
951 3420 1049 3445 recte.

2106 214 2127 234 Γ.

2102 230 2161 274 09

1186 308 1413 355 Virtutibus,
1431 306 1559 356 inquit,
1577 308 1775 359 prodigiis,
1797 315 1830 344 et
1851 310 1982 359 signis,
2000 321 2084 359 quie
2101 310 2163 359 fe-

1183 371 1233 406 cit
1252 370 1357 406 Deus
1375 382 1444 420 per
1459 370 1581 419 ipsum
1600 370 1643 406 in
1661 370 1786 406 medio
1801 372 1935 406 vestri.
1954 369 2075 419 Itaque
2094 383 2163 407 non

1183 428 1288 478 clam,
1311 429 1338 466 si
1358 429 1394 466 in
1414 428 1541 466 medio.
1570 429 1691 467 Primo
1722 429 1768 466 ab
1787 428 1845 478 iis,
1870 443 1947 479 quae
1978 438 2060 467 nota
2079 429 2165 481 ipsis

1183 499 1295 540 erant,
1319 490 1478 538 orditur3
1496 498 1530 527 et
1548 499 1633 527 tunc
1659 488 1704 527 ad
1733 489 1868 527 occulta
1890 489 1998 527 venit.
2028 490 2166 528 Deinde

1184 565 1265 588 cum
1291 551 1354 600 ait,
1371 553 1448 589 Dei
1477 552 1655 598 consilio,
1681 550 1834 589 ostendit
1862 551 1956 603 ipsos
1986 551 2025 589 id
2052 552 2166 589 facere

1184 624 1251 648 non
1275 611 1453 662 potuisse,
1475 621 1508 649 et
1528 611 1621 649 illud
1639 626 1711 650 esse
1729 611 1914 664 quidpiam
1940 612 2115 664 sapienter
2134 622 2166 650 et

1183 685 1244 722 per
1259 672 1489 709 oeconomiam
1503 673 1650 723 factum,
1663 673 1838 724 siquidem
1852 688 1871 711 a
1887 675 1963 711 Deo
1982 674 2058 726 ipso
2077 684 2163 712 erat.

1184 732 1359 782 Quodque
1376 733 1565 770 molestum
1584 743 1670 781 erat,
1691 734 1760 771 cito
1781 735 2003 772 transcurrit.
2027 735 2168 786 Ubique

1183 793 1256 830 illis
1275 794 1434 830 studium
1452 803 1526 831 erat
1545 794 1738 842 ostendere,
1753 795 1870 847 ipsum
1885 806 2065 834 mortuum
2082 798 2168 834 fuis-

1184 867 1242 890 se:
1262 853 1359 890 Licet
1377 867 1442 891 τος
1461 855 1687 904 negaveritis,
1709 855 1838 905 inquit,
1853 856 1906 893 illi
1925 857 2167 894 testificabun-

1182 922 1252 950 tur.
1276 913 1348 959 Qui
1367 927 1451 951 vero
1469 914 1575 951 morti
1595 914 1734 965 negotia
1750 915 1900 963 facessit,
1924 916 2036 953 multo
2056 918 2169 967 magis

1184 974 1312 1027 poterit
1329 975 1373 1012 iis
1388 974 1450 1025 qui
1470 975 1738 1013 crucifixerunt.
1762 979 1805 1012 At
1823 975 1915 1013 nihil
1933 977 2048 1015 simile
2065 977 2166 1023 dicit,

1184 1050 1323 1088 nempe,
1347 1037 1488 1073 Poterat
1505 1050 1570 1074 vos
1591 1036 1636 1074 de
1655 1035 1773 1074 medio
1790 1036 1927 1084 tollere,
1945 1036 2006 1074 scd
2026 1037 2166 1088 simpli-

1185 1096 1271 1134 citer
1283 1097 1537 1135 subindicavit.
1552 1097 1700 1135 Interim
1718 1111 1802 1136 vero
1811 1112 1855 1135 ex
1865 1098 1972 1135 dictis
1987 1097 2170 1143 discimus,

1185 1158 1274 1208 quid
1295 1158 1339 1196 sit
1366 1158 1469 1206 illud,
1488 1167 1613 1195 tenere.
1628 1159 1721 1196 Nam
1747 1159 1809 1209 qui
1839 1173 1919 1196 cum
1947 1159 2067 1196 dolore
2101 1160 2167 1197 ali-

1187 1218 1275 1269 quid
1307 1227 1422 1266 tenet,
1450 1232 1519 1255 non
1546 1218 1639 1255 illud
1670 1219 1795 1256 retinet
1811 1234 1820 1266 ;
1842 1233 1953 1269 neque
1984 1219 2078 1270 agit,
2112 1220 2172 1257 sed

1187 1280 1334 1332 patitur,
1352 1288 1385 1317 et
1402 1279 1496 1317 illud
1525 1279 1675 1332 abjicere
1698 1280 1851 1318 festinat.
1879 1283 1927 1318 Ac
1947 1280 2096 1332 pulchre
2114 1281 2171 1318 di·-

1189 1342 1251 1391 cit,
1273 1342 1409 1378 David
1426 1344 1528 1378 enim
1545 1343 1640 1379 dicit
1660 1344 1701 1378 in
1720 1356 1806 1379 eum
1820 1358 1834 1386 ,·
1856 1356 1898 1379 ne
1916 1341 2055 1379 dictum
2084 1341 2174 1379 illud

1190 1405 1225 1442 in
1253 1403 1463 1455 prophetam
1495 1402 1687 1441 derivares.
1722 1402 1867 1453 Viden',
1899 1403 2078 1454 quomodo
2112 1403 2175 1441 de-

1190 1480 1290 1502 mum
1312 1464 1536 1517 prophetiam
1556 1464 1805 1516 interpretetur
1818 1494 1827 1509 ‚
1847 1473 1880 1501 et
1911 1463 2043 1501 nudam
2065 1479 2175 1516 expo-

1189 1535 1262 1575 nat,
1291 1525 1476 1564 ostendens
1507 1525 1685 1576 quomodo
1722 1525 1839 1563 sedeat
1871 1540 1976 1577 super
2008 1525 2175 1562 thronum

1190 1602 1293 1625 suum
1305 1588 1322 1625 Ξ)
1336 1601 1484 1638 regnum
1505 1587 1599 1624 enim
1618 1586 1801 1638 spirituale
1817 1586 1851 1623 in
1871 1586 1966 1623 caelis
1985 1596 2047 1623 est.
2062 1586 2173 1635 Vide,

1190 1648 1368 1700 quomodo
1385 1662 1466 1686 cum
1487 1647 1740 1685 resurrectione
1762 1661 1911 1699 regnum
1931 1646 2125 1684 declaravit
2142 1647 2176 1684 in

1189 1708 1404 1760 resurgendo
1420 1717 1615 1760 acceptum.
1633 1707 1799 1746 Ostendit
1816 1707 2056 1744 necessitatem
2071 1707 2177 1744 fuisse

1190 1770 1370 1822 prophetae
1385 1768 1527 1806 dicendi
1542 1767 1608 1806 :de
1625 1767 1688 1806 illo
1719 1782 1870 1819 namque
1888 1777 1960 1805 erat
1979 1768 2176 1820 prophetia.

1191 1831 1264 1868 Cur
1285 1844 1354 1868 non
1373 1830 1481 1876 dixit,
1503 1831 1556 1867 De
1578 1842 1685 1880 regno
1706 1829 1803 1881 ejus3
1825 1828 1900 1878 sed,
1923 1830 1986 1866 De
2006 1843 2177 1866 resurre-

1192 1894 1317 1929 ctione
1333 1893 1440 1943 ejus?
1460 1892 1633 1941 Magnum
1652 1890 1721 1927 hoc
1745 1899 1830 1927 erat.
1851 1889 2041 1936 Quomodo
2061 1899 2179 1927 autem

1147 1972 1171 2001 D
1192 1952 1227 1989 in
1256 1953 1382 1990 throno
1410 1952 1530 1990 sedit?
1548 1952 1589 1988 In
1614 1950 1755 1990 Judaeos
1775 1964 1937 2001 regnans.
1963 1950 2071 1998 Quod
2091 1951 2120 1988 si
2142 1951 2178 1988 in

1191 2014 1353 2061 Judaeos,
1370 2013 1482 2050 multo
1501 2012 1614 2063 magis
1636 2012 1673 2049 in
1697 2026 1755 2049 eos
1773 2011 1834 2062 qui
1857 2012 2113 2050 crucifixerunt
2128 2012 2177 2050 il—

1191 2075 1280 2112 lum.
1308 2076 1398 2112 Non
1416 2076 1517 2111 enim
1539 2087 1630 2111 caro
1655 2075 1752 2125 ejus,
1776 2073 1905 2123 inquit,
1926 2075 2026 2111 vidit
2046 2087 2176 2112 corru-

1188 2138 1370 2186 ptionem.
1387 2135 1464 2171 Hoc
1482 2134 1737 2171 resurrectione
1749 2163 1759 2181 ,
1782 2133 1913 2184 inquit,
1937 2134 2053 2171 minus
2076 2135 2178 2173 vide-

1192 2204 1267 2244 tur,
1295 2195 1357 2233 sed
1376 2193 1532 2246 idipsum
1551 2202 1613 2231 est,
1635 2194 1698 2230 52.
1719 2195 1838 2230 Hune
1858 2195 1992 2231 Jesum
2011 2198 2178 2232 suscita-

1195 2259 1247 2294 vit
1264 2257 1385 2293 Deus.
1403 2254 1513 2301 Vide,
1537 2253 1716 2304 quomodo
1736 2267 1805 2292 non
1823 2254 1923 2292 aliter
1939 2255 2041 2292 illum
2060 2256 2180 2307 appel-

1191 2318 1249 2356 let.
1268 2319 1387 2369 Cujus
1402 2330 1469 2354 nos
1484 2329 1614 2353 omnes
1631 2324 1742 2353 testes
1758 2329 1902 2353 suynus.
1919 2317 1982 2354 55.
2007 2318 2181 2355 Dextera

1192 2383 1311 2432 igitur
1328 2380 1404 2416 Dei
1425 2378 1635 2415 exaltatus.
1665 2377 1801 2413 Rursus
1823 2376 1868 2414 ad
1895 2379 2036 2415 Patrem
2059 2379 2180 2415 confu-

1193 2442 1258 2493 git,
1277 2439 1416 2479 etiamsi
1436 2439 1521 2477 satis
1550 2448 1624 2476 erat
1653 2437 1690 2475 id
1718 2437 1853 2476 dixisse
1885 2438 2007 2490 prius3
2028 2439 2089 2477 sed
2117 2440 2182 2477 scit

1194 2502 1318 2553 quanti
1331 2500 1500 2539 momenti
1513 2500 1557 2538 sit
1573 2499 1678 2537 illud.
1695 2499 1763 2536 Hic
1780 2513 1918 2550 quoque
1931 2501 2182 2538 assumtionem

1194 2562 1446 2610 subindicavit,
1468 2561 1656 2613 ipsumque
1672 2560 1708 2597 in
1727 2560 1823 2598 caelis
1840 2574 1933 2610 esse,
1949 2561 2011 2598 sed
2030 2561 2096 2599 hoc
2110 2576 2179 2599 non

1194 2625 1313 2677 palam
1329 2624 1428 2661 dicit.
1452 2624 1505 2660 Et
1520 2624 1785 2673 promissione,
1806 2621 1934 2672 inquit,
1953 2626 2082 2659 §cincti
2099 2623 2179 2673 Spi-

1193 2689 1293 2724 ritus
1321 2693 1494 2736 accepta.
1528 2681 1624 2721 Vide
1653 2681 1830 2733 quomodo
1859 2681 1961 2719 initio
1987 2682 2084 2720 dicat
2112 2697 2180 2720 non

1195 2747 1392 2795 Christum,
1424 2744 1485 2783 sed
1512 2746 1654 2782 Patrem
1683 2743 1787 2780 illum
1814 2743 1974 2781 misisse:
1994 2753 2182 2795 postquam

1194 2822 1279 2847 vero
1293 2808 1394 2859 signa
1408 2807 1484 2858 ejus
1498 2804 1723 2853 memoravit,
1743 2813 1776 2842 et
1790 2819 1869 2855 quae
1889 2803 2003 2843 Judaei
2022 2804 2058 2842 in
2077 2805 2182 2843 illum

1195 2869 1361 2918 fecerant,
1385 2882 1426 2905 ac
1454 2866 1499 2904 de
1518 2865 1770 2904 resurreetione
1800 2865 1968 2915 loquutus
1988 2865 2076 2913 fuit,
2099 2875 2182 2903 tunc

1198 2930 1348 2968 fidenter
1366 2928 1412 2967 de
1431 2928 1486 2965 his
1502 2940 1697 2965 sermonem
1715 2926 1834 2975 habet,
1851 2940 1972 2963 rursus
1986 2926 2065 2964 illos
2080 2935 2183 2965 testes

1198 3006 1261 3044 per
1282 3001 1472 3041 utrumque
1491 3003 1633 3027 sensum
1653 2987 1818 3040 producit
1838 3002 1899 3025 :ac
1918 2989 2182 3026 resurrectionis

1200 3053 1345 3105 quidem
1361 3053 1559 3102 frequenter
1580 3049 1752 3096 meminit,
1775 3049 1920 3086 illorum
1939 3063 2024 3087 vero
2043 3050 2184 3088 sceleris

1199 3114 1306 3153 semel
1335 3121 1489 3155 tantum,
1518 3125 1561 3149 ne
1580 3110 1665 3163 ipsis
1686 3110 1781 3148 oneri
1810 3119 1910 3147 esset.
1934 3112 1989 3148 Et
2009 3120 2179 3163 accepta,

1201 3175 1331 3226 inquit,
1346 3175 1511 3226 Spiritus
1536 3174 1663 3210 sancti
1684 3173 1946 3222 promissione.
1968 3172 2042 3209 Hoc
2062 3186 2184 3209 rursus

1202 3249 1373 3288 magnum
1390 3243 1454 3272 est.
1480 3234 1570 3270 Puto
1589 3240 1717 3280 autem,
1736 3231 1853 3284 ipsum
1870 3246 1962 3270 nunc
1981 3232 2183 3284 promissio-

1509 226 1569 255 VI.

1227 3369 1237 3382 k·
1263 3363 1309 3390 ἵνα
1334 3362 1378 3399 μὴ
1406 3357 1508 3391 αὖτοὺς
1532 3359 1663 3397 βαρήσῃ.
1680 3353 1756 3384 Haec
1782 3351 1902 3385 desunt
1929 3352 1959 3384 in
1991 3351 2188 3394 quibusdam

1185 3412 1260 3443 315⁵.
1277 3410 1332 3451 [In
1352 3409 1391 3440 D.
1408 3405 1501 3438 abest
1519 3405 1642 3446 adram]
