2466 3805
310 277 395 321 118
767 291 802 320 s.
841 288 1025 320 ιιοΑΝΝιε
1062 284 1303 316 cnanosT.

303 372 434 410 fluvius
466 380 609 423 paratus
639 379 699 407 est.
728 370 836 407 Multi
870 367 992 418 eadem
1023 379 1102 415 quae
1139 362 1276 400 Pharao

304 442 385 470 Simt
405 432 482 469 ausi
489 447 499 479 ;
519 430 579 468 sed
597 444 665 467 non
684 429 804 466 eadem
820 427 913 478 passi
933 434 1013 463 sunt
1027 437 1104 474 quae
1121 422 1273 470 Pharao,

303 504 415 540 neque
432 487 603 526 submersi
624 494 704 523 sunt
722 485 758 521 in
780 498 875 521 marc
893 482 1059 520 Rubrum
1075 495 1082 515 :
1098 487 1278 530 exspectat

302 551 396 587 enim
413 549 492 586 illos
517 547 662 598 pelagus
689 544 822 596 abyssi,
842 543 903 580 ubi
925 555 994 579 non
1019 540 1151 590 absque
1174 552 1277 576 sensu

302 622 415 661 poena,
431 621 494 645 nec
520 605 685 644 suffocari
710 604 810 653 licet;
828 603 890 641 sed
912 602 1081 639 diuturno
1101 598 1274 647 cruciatu,

302 668 518 719 sartaginum
556 665 680 703 ardore
713 674 747 703 et
786 663 1063 715 strangulatione
1102 659 1275 698 consumi.

301 729 409 766 Multi
439 727 561 765 eadem
592 740 669 777 quae
695 725 862 764 Israelitae
887 732 969 761 sunt
994 721 1092 770 ausi;
1126 720 1187 758 sed
1211 732 1278 757 non

299 789 515 826 devorarunt
532 787 612 825 illos
626 795 801 839 serpentes
824 800 831 821 :
854 793 971 822 manet
990 783 1085 821 enim
1102 781 1184 819 illos
1199 794 1279 818 ver-

300 849 368 886 mis
381 849 440 886 ille
454 848 674 886 immortalis.
687 846 796 885 Multi
812 860 850 884 ea
868 859 945 896 quae
966 843 1066 882 Giezi
1085 841 1163 880 ausi
1180 850 1275 890 sunt,

298 924 362 948 nec
377 919 458 948 sunt
475 910 573 962 lepra
592 909 747 962 percussi
770 924 777 944 :
798 916 913 945 manet
933 907 1026 944 enim
1040 905 1121 942 illos
1140 917 1204 956 pro
1224 904 1277 941 Ie-

298 985 374 1023 pra,
385 971 481 1021 quod
498 971 714 1009 dissecentur
729 978 763 1007 et
775 977 951 1021 ponantur
969 981 1050 1004 cum
1064 963 1275 1017 hypocritis.

297 1031 407 1069 Multi
419 1032 526 1069 ctiam
537 1032 702 1084 jurarunt
716 1044 757 1068 ac
769 1030 989 1081 pejerarunt3
1009 1027 1037 1064 si
1052 1036 1170 1064 autem
1186 1026 1276 1064 effu-

296 1101 438 1143 gerunt,
462 1106 506 1130 ne
524 1091 742 1130 confidamus
765 1106 773 1126 z
794 1098 911 1127 manet
930 1088 1025 1126 enim
1046 1088 1125 1125 illos
1144 1086 1276 1124 stridor

295 1156 468 1193 dentium.
487 1155 536 1192 Et
553 1154 713 1192 fortassis
740 1153 846 1191 etiam
864 1152 922 1189 hic
943 1152 1131 1203 patientur,
1151 1159 1184 1188 et
1205 1164 1274 1188 non

295 1215 479 1267 effugient,
497 1215 634 1252 etiamsi
656 1228 724 1252 non
744 1227 762 1251 e
777 1212 939 1263 vestigio,
959 1211 1021 1249 sed
1037 1211 1073 1248 in
1095 1211 1175 1248 aliis
1191 1225 1273 1262 pec-

293 1277 391 1326 catis,
405 1285 444 1314 ut
464 1275 608 1328 gravior
623 1275 667 1313 sit
679 1288 781 1327 poena
796 1273 900 1324 :quia
916 1281 949 1310 et
966 1286 1028 1310 nos
1047 1285 1140 1323 saepe
1157 1280 1273 1309 sumta

291 1338 472 1376 occasione
490 1351 509 1375 a
535 1336 748 1386 minoribus,
778 1335 885 1372 etiam
915 1347 978 1385 pro
999 1333 1138 1383 magnis
1159 1341 1272 1369 totum

290 1413 515 1437 evacuamus.
529 1399 652 1448 Itaque
676 1397 705 1435 si
723 1395 865 1447 quando
893 1394 1026 1433 videris
1052 1393 1118 1431 tibi
1135 1393 1272 1443 aliquid

288 1459 458 1508 accidere,
474 1472 608 1496 memor
629 1466 700 1495 esto
718 1457 816 1494 illius
835 1454 969 1508 peccati
983 1455 1050 1492 tui.
1073 1454 1149 1491 Hoc
1164 1454 1269 1491 etiam

289 1521 325 1557 in
350 1519 436 1557 filiis
462 1518 572 1558 Jacob
596 1517 736 1555 accidit.
757 1515 970 1555 Meministis
999 1515 1148 1552 fratrum
1173 1516 1270 1554 Jose-

286 1580 351 1633 phi
374 1595 382 1617 :
404 1579 638 1618 vendiderant
658 1579 822 1625 fratrem,
846 1575 1004 1614 occidere
1031 1584 1265 1624 tentaverant,

286 1641 358 1678 imo
375 1649 549 1692 quantum
563 1639 599 1677 in
618 1639 703 1691 ipsis
714 1647 787 1676 erat
806 1637 1006 1674 occiderant
1015 1651 1026 1686 3
1042 1635 1264 1687 deceperant,

285 1716 403 1740 senem
423 1698 835 1748 contristaverant3nil1il
853 1697 948 1750 passi
964 1706 1062 1734 erant
1082 1697 1179 1734 mali.
1196 1697 1267 1734 Ita-

285 1777 353 1813 que
364 1771 441 1815 post
454 1762 584 1800 multos
603 1774 712 1798 annos
722 1759 767 1797 de
783 1758 950 1796 extremis
966 1757 1157 1809 periclitati
1168 1767 1249 1795 sunt

1251 1787 1262 1807 ⁷
1279 1798 1325 1822 102

1344 285 1530 315 ARCHIEP
1539 306 1547 315 .
1587 287 1928 317 CONSTANTINOP
1937 308 1945 316 .

1352 364 1395 401 τὰ
1415 367 1474 402 τοῦ
1494 365 1631 418 Φαραὼ
1653 366 1864 416 ἐτόλμησαν·
1885 368 1960 404 ἀλλ’
1995 369 2057 404 οὐκ
2085 367 2210 404 ἔπαθον
2246 365 2289 402 τὰ
2308 368 2367 402 τοῦ

1353 423 1502 476 Φαραὼ,
1522 425 1598 463 οὐδὲ
1612 427 1930 473 κατεποντίσθησαν
1946 429 1991 470 εἷς
2011 427 2154 479 ἐρυθρὰν
2177 426 2365 463 θάλασσαν·

1352 483 1391 520 τὸ
1407 483 1473 535 γὰρ
1488 485 1636 537 πέλαγος
1653 486 1773 530 αὐτοὺς
1794 487 1886 537 με’νει
1902 488 1942 525 τὸ
1961 490 2022 533 τῆς
2038 487 2188 525 ἀὸύσσου
2204 516 2214 533 ,
2236 486 2315 523 ἔνθα
2331 487 2369 522 οὐ

1352 544 1440 594 μετὰ
1459 546 1684 593 ἀναισθησίας
1701 550 1722 592 ἠ
1739 546 1910 598 τιμωρία,
1938 547 2012 585 οὐδὲ
2033 549 2268 598 ἀποπνιγῆναι
2297 546 2365 591 ἔνι,

1352 604 1429 641 ἀλλ’
1445 605 1502 642 ἐπὶ
1517 607 1621 644 πλέον
1639 607 1888 658 κολαζομένους
1900 638 1909 655 ,
1929 607 2233 658 τηγανιζομένους,
2255 609 2368 656 ἀπαγ-

1351 665 1590 715 χονιζομένους
1616 666 1873 705 ἀναλίσκεσθαι.
1893 667 2026 704 Πολλοὶ
2044 667 2088 704 τὰ
2108 670 2175 704 τῶν
2195 667 2368 719 Ἰσραηλι-

1352 728 1420 762 τῶν
1443 725 1640 776 ἐτόλμησαν
1652 742 1659 750 ·
1678 727 1756 765 οἷλλ>
1771 729 1834 765 οὐκ
1851 728 1974 779 ἔφαγον
1996 726 2116 770 αὐτοὺς
2138 727 2229 778 ὄφεις
2242 742 2250 750 ·
2275 727 2368 776 μένει

1352 784 1418 837 γὰρ
1447 787 1568 830 αὐτοὺς
1585 790 1602 824 5
1626 787 1766 834 σκώληξ
1783 791 1801 825 5
1821 788 2060 834 ἀτελεύτητος.
2086 787 2219 826 Πολλοὶ
2245 788 2288 824 τὰ
2309 791 2368 825 τοῦ

1353 847 1382 883 Γ
1387 849 1455 891 ιεζῆ
1477 847 1690 898 ἐτόλμησαν·
1712 850 1787 886 ἀλλ’
1817 850 1879 886 οὐκ
1898 848 2161 900 ἐλεπρώθησαν·
2185 848 2280 898 μένει
2301 847 2369 900 γὰρ

1352 906 1472 950 αὐτοὺς
1486 908 1561 945 ἀντὶ
1575 912 1636 954 τῆς
1649 909 1779 960 λέπρας
1793 909 1832 947 τὸ
1847 911 2120 960 διχοτομηθῆναι
2130 939 2140 956 ,
2155 909 2214 947 καὶ
2228 911 2370 954 τεθῆναι

1353 966 1441 1016 μετὰ
1460 971 1527 1005 τῶν
1548 971 1754 1023 ὑποκριτῶν.
1774 970 1906 1008 Πολλοὶ
1923 970 1982 1007 καὶ
2001 969 2143 1019 ὤμοσαν
2161 969 2220 1006 καὶ
2242 968 2368 1019 ἐπιώρ-

1350 1043 1478 1074 κησαν·
1502 1031 1531 1067 εἷ
1559 1029 1593 1068 δὲ
1610 1031 1669 1068 καὶ
1686 1031 1855 1083 διέφυγον,
1877 1030 1927 1082 μὴ
1946 1032 2147 1082 θαρρῶμεν·
2181 1029 2275 1080 με’νει
2300 1028 2368 1082 γὰρ

1351 1088 1471 1132 αὐτοὺς
1489 1093 1507 1127 5
1527 1091 1680 1142 βρυγμὸς
1695 1095 1762 1131 τῶν
1779 1092 1937 1130 ὀδόντων.
1958 1092 2028 1130 Καὶ
2051 1092 2198 1128 ἐνταῦθα
2219 1089 2254 1127 δὲ
2273 1089 2367 1140 τάχα

1348 1149 1552 1198 πείσονται,
1572 1153 1629 1190 καὶ
1647 1155 1684 1190 οὐ
1705 1152 1904 1205 φεύξονται,
1928 1155 1955 1191 εἷ
1976 1153 2035 1190 καὶ
2057 1152 2104 1203 μὴ
2125 1151 2220 1204 παρὰ
2237 1150 2366 1197 πόδας,

1349 1212 1424 1248 ἀλλ’
1440 1213 1492 1263 ἐφ’
1514 1213 1641 1265 ἑτέροις
1666 1214 1927 1266 ἁμαρτήμασιν,
1948 1213 2003 1251 ἵνα
2018 1213 2078 1251 καὶ
2096 1211 2326 1264 χαλεπωτέρα
2344 1215 2366 1257 ἧ

1347 1272 1500 1324 τιμωρία
1515 1268 1557 1325 ᾗ
1579 1275 1653 1312 ἐπεὶ
1668 1275 1728 1311 καὶ
1750 1277 1851 1324 ἡμεῖς
1870 1274 2037 1316 πολλάκις
2056 1273 2214 1326 ἀφορμὰς
2235 1271 2366 1310 λαὲόν-

1346 1348 1402 1376 τες
1423 1334 1492 1371 ἀπὸ
1510 1338 1655 1387 μικρῶν,
1677 1335 1736 1372 καὶ
1755 1334 1841 1387 ὑπὲρ
1863 1335 2021 1386 μεγάλων
2041 1334 2080 1371 τὸ
2102 1340 2170 1371 πᾶν
2190 1337 2366 1383 κενοῧμεν.

1348 1391 1454 1431 ΗΩστε
1474 1395 1554 1433 ὅταν
1570 1395 1644 1446 ἴδῃς
1664 1396 1698 1433 τί
1718 1412 1772 1434 σοι
1792 1396 1943 1446 συμὸὰν,
1961 1393 2204 1445 ἀναμνήσθητί
2224 1409 2284 1430 σου
2304 1396 2366 1439 τῆς

1346 1453 1518 1507 ἁμαρτίας
1534 1455 1677 1503 ἐκείνης.
1693 1459 1807 1494 Τοῦτο
1825 1456 1891 1508 γὰρ
1908 1456 1964 1493 ἐπὶ
1977 1458 2045 1492 τῶν
2065 1457 2145 1492 υἱῶν
2162 1458 2221 1492 τοῦ
2237 1453 2367 1491 Ἰακὼὸ

1345 1515 1473 1565 γέγονε.
1491 1517 1737 1567 Μνημονεύετε
1751 1519 1819 1554 τῶν
1838 1518 1991 1568 ἀδελφῶν
2013 1519 2071 1553 τοῦ
2093 1514 2223 1566 Ἰωσήφ
2239 1530 2246 1538 ·
2271 1514 2364 1552 ἐπώ-

1344 1576 1453 1622 λησαν
1473 1577 1529 1614 τὸν
1553 1577 1710 1629 ἀδελφὸν,
1736 1577 1864 1628 σφάξαι
1891 1576 2134 1628 ἐπεχείρησαν,
2164 1577 2295 1625 μᾶλλον
2329 1574 2365 1611 δὲ

1343 1637 1400 1673 καὶ
1429 1637 1601 1690 ᾱέσφτιξαν
1625 1638 1703 1677 ὅσον
1725 1640 1763 1677 τὸ
1789 1641 1842 1676 ἐπ’
1866 1639 1996 1681 αὐτοῖς·
2017 1637 2216 1684 ἠπάτησαν,
2231 1635 2365 1683 ἐλύπη-

1341 1712 1404 1734 σαν
1423 1698 1481 1736 τὸν
1500 1700 1664 1752 γέροντα·
1694 1700 1789 1739 οὗῗὲν
1820 1700 1958 1738 ἔπαθον.
1986 1699 2088 1737 Μετὰ
2117 1698 2260 1736 πλείονα
2283 1703 2363 1750 γοῦν

1341 1758 1400 1805 ἔτη
1420 1760 1499 1810 περὶ
1520 1764 1589 1798 τῶν
1615 1761 1772 1813 ἐσχάτων
1802 1760 2054 1805 ἐκινδύνευσαν,
2081 1759 2140 1797 καὶ
2164 1761 2227 1804 τῆς
2247 1759 2362 1809 ἁμαρ-

284 1833 317 1861 et
336 1823 471 1875 peccati
495 1823 604 1874 hujus
629 1830 715 1858 tunc
744 1819 987 1858 recordantm.
1011 1818 1117 1865 Quod
1147 1828 1265 1856 autem
1289 1836 1315 1864 Α
1339 1819 1416 1863 τίας
1429 1820 1556 1867 ταύτης
1574 1822 1912 1872 ὑπομιμνήσκονται.
1933 1821 2007 1859 Καὶ
2025 1819 2079 1859 ὅτι
2104 1821 2141 1858 οὗ
2164 1818 2362 1871 στοχασμὸς

282 1897 351 1922 non
376 1885 576 1936 conjectura
598 1882 643 1919 sit
671 1880 766 1932 quod
789 1880 869 1917 dico
893 1895 901 1915 ε
926 1879 1010 1916 audi
1037 1880 1118 1917 illos
1144 1879 1265 1917 dicen-

87 1944 160 1970 ΟΜ
182 1942 230 1981 42.
283 1953 332 1982 tes
353 1960 360 1980 :
382 1945 516 1982 Etiam
539 1959 549 1978 :
571 1945 613 1980 in
639 1949 796 1994 peccato
826 1942 928 1977 enim
957 1953 1088 1977 sumus
1113 1940 1264 1992 infra-

83 1992 132 2010 21'
282 2016 377 2046 trem
398 2014 580 2044 nostrum.
599 2005 659 2043 Sic
679 2013 712 2041 et
731 2012 783 2051 tu,
799 2017 881 2040 cum
894 2001 960 2039 tibi
980 2000 1167 2053 quidpiam
1183 2016 1263 2039 con-

280 2067 410 2118 tigerit,
430 2066 511 2104 dic:
534 2065 669 2114 Etiam,
688 2064 725 2101 in
739 2072 883 2115 peccato
905 2076 1041 2111 sumus,
1059 2061 1141 2112 quia
1161 2062 1267 2100 Chri-

281 2137 374 2165 stum
398 2142 467 2165 non
486 2126 701 2173 audivimus,
721 2124 804 2174 quia
822 2122 1048 2175 juravimus,
1065 2123 1265 2174 juramenta

280 2189 475 2239 frequentia
493 2197 526 2225 et
542 2186 698 2240 perjuria
719 2187 884 2236 inzaput
905 2198 1025 2221 meum
1044 2184 1260 2222 inciderunt.

103 2244 269 2310 ⁰0⁰⁰f²³⁵i⁰
282 2251 406 2300 Itaque
423 2249 589 2286 confitere
606 2263 613 2283 :
630 2261 712 2284 nam
726 2255 758 2283 et
775 2245 828 2282 illi
845 2244 993 2282 confessi
1013 2244 1163 2281 salutem
1177 2258 1263 2282 con-

82 2293 271 2353 ssssgssfsmfe‘
284 2309 393 2347 secuti
412 2317 507 2347 sunt.
527 2307 627 2354 Quid
641 2306 748 2355 enim,
768 2305 881 2342 sinon
898 2313 1040 2355 repente
1060 2304 1148 2341 ultio
1164 2304 1264 2342 inva-

82 2365 111 2393 3.
124 2367 200 2404 Reg.
217 2374 267 2394 2¹·
282 2369 364 2407 dit?
381 2367 670 2420 quandoquidem
689 2365 812 2404 Achab
832 2372 977 2416 propter
997 2364 1173 2401 Nabuthae
1195 2378 1264 2402 non

87 2415 133 2446 ¹9⁸
283 2431 400 2469 statim
424 2439 504 2483 post
527 2437 711 2481 peccatum
738 2426 865 2478 plexus
894 2425 974 2463 fuit.
1001 2426 1074 2462 Cur
1103 2439 1187 2463 vero
1215 2426 1264 2463 sic

283 2506 337 2529 res
354 2491 499 2542 agitur?
521 2492 592 2528 Dat
619 2489 687 2526 tihi
707 2490 802 2525 Deus
828 2486 1077 2539 praescriptum
1109 2495 1261 2539 tempus,

283 2560 322 2588 ut
338 2551 511 2600 abluaris,
525 2550 553 2587 si
567 2562 764 2601 perseveres
769 2577 780 2596 ,
797 2560 939 2599 poenam
952 2546 1097 2583 demum
1112 2546 1261 2586 inducit.

282 2613 456 2661 Vidistis,
485 2611 572 2662 quid
606 2609 702 2662 passi
735 2609 805 2646 sint
842 2607 1051 2646 mendaces?
1086 2608 1259 2660 Cogitate,

278 2674 369 2724 quid
400 2672 539 2726 passuri
564 2672 633 2710 sint
658 2669 813 2723 perjuri,
841 2668 1010 2720 cogitate,
1034 2677 1066 2706 et
1092 2668 1261 2706 desistite.

282 2736 359 2773 Non
374 2743 489 2786 potest
503 2733 563 2784 qui
576 2733 676 2784 jurat
688 2744 756 2768 non
772 2730 944 2782 pejerare,
957 2729 1045 2766 velit
1064 2729 1152 2767 nolit
1168 2745 1175 2766 ε
1193 2744 1262 2767 non

282 2804 396 2847 potest
413 2795 578 2847 perjurus
606 2792 754 2830 salutem
780 2790 958 2840 consequi.
979 2790 1121 2828 Sufficit
1151 2805 1263 2828 unum

281 2856 493 2908 perjurium,
507 2863 546 2892 ut
561 2863 674 2891 totum
691 2851 863 2904 perficiat,
882 2860 914 2888 et
929 2860 1044 2888 totum
1058 2851 1159 2889 nobis
1178 2866 1261 2904 sup-

282 2916 432 2968 plicium
458 2914 614 2952 inducat.
636 2912 720 2950 Ideo
744 2911 845 2949 nobis
874 2910 974 2962 ipsis,
1000 2925 1129 2961 quaeso,
1150 2921 1261 2950 atten-

281 2977 425 3025 damus,
442 2985 482 3014 ut
500 2988 639 3027 poenam
656 2973 765 3024 hujus
781 2971 915 3024 peccati
933 2971 1138 3021 effugientes
1158 2973 1261 3010 misc-

281 3037 432 3076 ricordia
466 3036 534 3074 Dei
562 3035 763 3086 dignemur,
784 3033 892 3084 gratia
919 3041 952 3069 et
976 3032 1260 3072 miserationibus

282 3098 454 3150 unigeniti
473 3098 548 3150 ejus
569 3095 663 3145 Filii,
676 3094 820 3145 quicum
837 3093 933 3131 Patri
955 3102 987 3130 et
1005 3093 1155 3145 Spiritui
1173 3109 1259 3133 san-

282 3167 336 3196 cto
353 3159 482 3211 gloria,
501 3157 706 3209 imperium,
727 3155 854 3201 honor,
876 3167 969 3191 nunc
993 3163 1025 3191 et
1051 3168 1201 3207 semper,
1226 3167 1257 3194 et

280 3219 317 3256 in
332 3220 457 3257 saecula
477 3218 698 3256 saeculorum.
721 3216 842 3252 Amen.

414 3290 431 3305 x

321 3349 334 3362 ³
351 3338 457 3380 [B.C.
471 3328 568 3376 {2903
583 3333 813 3378 ἐξομολόγησαι(
833 3345 914 3366 unus
929 3335 1213 3378 ἐξομολογήσομαι).
1230 3342 1276 3370 ναὶ

276 3391 361 3435 γάρ]

677 3465 697 3473 .-

1340 1880 1380 1917 τὸ
1398 1881 1592 1932 εἰρημένον,
1612 1882 1714 1920 ἄκουε
1731 1884 1842 1920 αὐτῶν
1863 1882 1897 1919 τί
1919 1897 2002 1934 φασι
2017 1897 2024 1904 ·
2041 1880 2112 1919 Ναί
2127 1895 2134 1902 ·
2154 1882 2188 1917 ἐν
2206 1879 2363 1930 ἁμαρτίᾳ

1339 1941 1407 1993 γάρ
1429 1944 1532 1992 ἐσμεν
1546 1943 1625 1994 περὶ
1642 1947 1701 1981 τοῦ
1724 1945 1868 1996 ἀδελφοῦ
1887 1945 2000 1993 ἡμῶν.
2017 1941 2122 1980 Οὕτω
2151 1940 2192 1988 δὴ
2213 1940 2274 1978 καὶ
2302 1939 2360 1988 σὺ,

1339 2003 1420 2039 ὅταν
1439 2018 1473 2040 τι
1489 2003 1604 2054 cufi-J„
1617 2034 1626 2051 ,
1647 2003 1738 2051 εἰπὲ,
1756 2004 1830 2049 ναὶ,
1850 2007 1884 2042 ἐν
1905 2002 2060 2054 ἁμαρτίᾳ
2078 2001 2193 2052 ἐσμὲν,
2227 2001 2279 2039 ὅτι
2299 2001 2361 2039 οὐκ

1338 2062 1534 2114 ἠκούσαμεν
1556 2068 1614 2102 τοῦ
1642 2066 1812 2116 Χριστοῦ,
1841 2064 1895 2103 ὅτι
1923 2064 2130 2114 ὠμόσαμεν·
2155 2065 2190 2100 αἱ
2211 2064 2359 2113 πολυορ-

1339 2124 1431 2171 κίαι,
1450 2124 1509 2161 καὶ
1530 2128 1565 2163 αἱ
1591 2125 1764 2178 ἐπιορκίαι
1793 2125 1849 2163 ἐπὶ
1877 2125 1940 2172 τὴν
1960 2124 2114 2176 κεφαλήν
2133 2139 2197 2173 μου
2220 2117 2358 2169 ῧῆλθον.

1339 2186 1474 2222 Οὐκοῦν
1494 2185 1761 2236 ἐξομολόγησαι·
1790 2186 1848 2223 καὶ
1870 2185 1937 2237 γὰρ
1964 2188 2116 2224 κάκεῖνοι
2136 2183 2359 2235 ἐξωμολογή-

1339 2260 1461 2291 σαντο,
1489 2246 1548 2283 καὶ
1575 2245 1769 2293 ἐσώθησαν.
1805 2246 1852 2283 Τί
1879 2246 1964 2298 γὰρ,
1998 2249 2027 2284 εἰ
2055 2245 2103 2297 μὴ
2138 2247 2359 2298 παραχρῆμα

1339 2305 1469 2343 ἔπεισιν
1495 2310 1516 2352 ἦ
1542 2306 1716 2359 τιμωρία,
1743 2307 1820 2344 ἐπεὶ
1846 2307 1905 2344 καὶ
1930 2310 1947 2344 5
1967 2307 2101 2358 Ἀχαὰὸ
2123 2307 2180 2344 διὰ
2200 2311 2259 2343 τοῦ
2283 2308 2358 2343 Να-

1339 2366 1458 2404 ἕουθαὶ
1478 2369 1540 2404 οὐκ
1560 2367 1682 2410 εὐθέως
1709 2366 1805 2418 παρὰ
1827 2367 1889 2414 τὴν
1910 2367 2084 2418 ἁμαρτίαν
2112 2366 2235 2404 ἔπαθεν
2267 2367 2356 2419 ἅπερ

1339 2427 1458 2465 ἔπαθε.
1472 2427 1540 2465 Διὰ
1553 2427 1586 2465 τί
1600 2427 1635 2465 δὲ
1650 2432 1749 2466 τοῦτο
1759 2427 1912 2479 γίνεται,
1927 2427 2059 2465 Astomi
2071 2443 2125 2465 σοι
2139 2427 2355 2480 προθεσμίαν

1337 2492 1354 2526 5
1369 2489 1476 2535 Θεὸς,
1494 2488 1584 2526 ὥστε
1601 2488 1850 2540 ἀπονίψασθαι·
1868 2488 1949 2526 ὅταν
1966 2487 2001 2526 δὲ
2027 2488 2212 2539 ἐπιμένῃς,
2234 2487 2356 2538 ἐπάγει

1336 2550 1455 2588 λοιπον
1484 2549 1545 2597 τὴν
1567 2550 1749 2602 τιμωρίαν.
1775 2550 1915 2597 Εἴδετε,
1934 2549 1968 2587 τί
1990 2549 2114 2588 ἔπαθον
2135 2552 2165 2587 οἱ
2184 2548 2355 2601 Ιξαευδόμε-

1337 2626 1405 2659 νοι,
1420 2612 1551 2650 Οὐκοῦν
1569 2612 1772 2657 ἐννοήσατε,
1789 2612 1823 2649 τί
1840 2612 2018 2649 πείσονται
2033 2612 2092 2649 καὶ
2108 2614 2138 2649 οἳ
2156 2613 2356 2664 ἐπιορκοῦν-

1337 2687 1409 2709 ref·
1427 2673 1629 2719 ἐννοήσατε,
1651 2674 1709 2711 καὶ
1725 2674 1911 2720 ἀπόστητε.
1932 2674 2009 2711 Οὐκ
2027 2672 2119 2710 ἔστιν
2135 2672 2286 2722 ὀμνύντα
2302 2672 2351 2723 μὴ

1338 2734 1521 2786 ἐπιορκεῖν,
1544 2734 1602 2771 καὶ
1625 2734 1746 2772 ἑκόντα
1773 2734 1832 2772 καὶ
1859 2734 2006 2771 ἄκοντα·
2030 2735 2092 2771 οὐκ
2114 2733 2206 2770 ἔστιν
2228 2734 2350 2783 ἐπιορ-

1337 2798 1461 2833 κοῦντα
1477 2797 1641 2839 σωθῆναι.
1661 2796 1772 2846 Ἀρκεῖ
1796 2794 1859 2844 μία
1883 2793 2041 2846 ἐπιορκία
2056 2793 2094 2830 τὸ
2111 2800 2179 2830 πᾶν
2200 2793 2352 2845 ἐργασα-

1337 2859 1434 2903 σθαι,
1460 2855 1518 2893 καὶ
1542 2856 1729 2906 ὁλόκληρον
1753 2859 1836 2905 ἡμῖν
1862 2854 1923 2901 τὴν
1949 2853 2120 2904 τιμωρίαν
2150 2855 2349 2904 ἐπαγαγεῖν.

1336 2915 1402 2953 Διὰ
1425 2915 1465 2962 δὴ
1495 2920 1594 2953 τοῦτο
1613 2915 1852 2966 προσέχωμεν,
1873 2916 2086 2965 παρακαλῶ,
2116 2915 2267 2959 ἑαυτοῖς,
2295 2913 2350 2951 ἵνα

1334 2976 1397 3023 τὴν
1407 2979 1558 3014 ἐντεῦθεν
1573 2976 1712 3014 κόλασιν
1730 2975 1951 3027 διαφυγόντες
1964 3005 1972 3021 ,
1987 2977 2048 3020 τῆς
2063 2974 2159 3026 παρὰ
2178 2978 2237 3012 τοῦ
2256 2977 2348 3014 Θεοῦ

1334 3037 1592 3088 φιλανθρωπίας
1612 3036 1823 3085 ἀξιωθῶμεν,
1850 3035 1969 3087 χάριτι
1989 3035 2046 3072 καὶ
2076 3038 2267 3087 οἷκτιρμοῐς
2289 3040 2349 3073 τοῦ

1334 3102 1532 3150 μονογενοῦς
1560 3100 1662 3135 αὐτοῦ
1690 3098 1794 3143 rior»,
1831 3099 1904 3146 μεθ’
1926 3090 1963 3133 οἷ
1987 3099 2035 3148 τῷ
2056 3097 2171 3148 Πατρὶ
2197 3097 2270 3147 ἅμα
2297 3099 2348 3148 τῷ

1332 3160 1419 3212 ἁγίῳ
1438 3159 1616 3209 Πνεύματι
1634 3157 1732 3203 δόξα,
1754 3158 1897 3210 κράτος,
1917 3157 2021 3206 τιμὴ,
2043 3161 2100 3195 νῦν
2121 3157 2181 3195 καὶ
2197 3157 2270 3206 ἀεὶ,
2288 3157 2345 3195 καὶ

1282 3229 1305 3258 C
1332 3222 1377 3263 εἰς
1392 3219 1469 3261 τοὺς
1489 3222 1613 3262 αἰῶνας
1635 3221 1702 3256 τῶν
1718 3217 1866 3255 αἰώνων.
1886 3218 2005 3267 Ἀμήν.

1388 3339 1402 3361 Ῑ’
1419 3339 1479 3371 Alii
1497 3343 1681 3375 ἀναστάσεως
1698 3344 1821 3380 γέγονεν.
1840 3342 1889 3372 οὐκ
1905 3344 2025 3384 &Isim-a.
