2502 3810
323 250 418 312 624

322 348 433 399 plevit
452 347 629 395 Christus,
651 355 789 383 maneat
806 346 842 384 in
861 347 976 397 nobis,
1001 357 1034 385 et
1050 362 1119 386 non
1139 362 1295 386 corrum-

323 418 441 460 patur.
476 411 512 446 5.
549 409 622 457 Qui
646 411 745 444 enim
767 410 976 446 secundnm
1004 424 1159 448 carnem
1188 418 1291 455 sunt,

320 468 445 517 inquit,
476 482 559 519 quse
580 471 708 504 carnis
726 477 817 505 sunt
835 472 992 520 sapiunt
1010 485 1016 505 :
1037 474 1103 522 qni
1124 484 1217 508 vero
1236 484 1293 507 se-
1309 499 1356 522 565

319 529 486 564 cundum
507 530 695 578 spirilznn,
729 542 813 579 qnoe
830 538 919 566 sunt
935 532 1102 580 spiritus.
1125 532 1161 568 6.
1189 531 1293 567 Nam
1320 535 1346 563 A

318 601 450 625 sensns
469 590 611 637 carnis,
639 601 739 625 mors
761 597 817 627 est
826 605 842 634 ;
871 603 1002 627 sensus
1023 604 1116 627 vero
1137 594 1292 642 spiritns

317 650 362 683 ‘vi
366 656 405 684 ta
419 656 455 684 et
464 662 555 698 pax.
577 649 611 684 7.
634 649 827 698 Quoniam
840 663 972 687 sensus
988 654 1118 688 carnis
1129 653 1293 692 inimici-

318 709 374 743 tia
388 716 443 744 est
461 710 503 744 in
519 709 645 744 Deum
661 723 670 744 :
690 709 766 759 legi
780 712 881 746 enim
900 710 978 747 Dei
993 723 1071 746 non
1089 711 1290 755 subditum

320 781 444 818 neque
468 770 569 804 enim
595 776 730 819 potest.
755 772 800 806 At
822 783 865 806 ne
891 769 961 808 hoc
985 770 1130 820 quidem
1151 779 1202 808 est
1220 770 1292 807 cri-

319 827 465 864 minatio
486 828 611 865 carnis.
637 829 758 866 Donec
776 829 869 866 enim
889 844 992 867 suum
1015 830 1167 868 servarit
1193 829 1292 867 ordi-

317 895 418 936 nem,
450 888 542 924 nihil
573 888 719 925 absurdi
758 889 909 926 efficitur
930 905 937 926 :
969 905 1051 927 cum
1082 900 1200 928 autem
1238 890 1292 927 illi

317 948 435 985 omnia
445 948 694 999 permittimus,
705 962 745 986 ac
757 963 837 986 suos
849 951 1091 1000 trangrediens
1107 951 1288 996 terminos,

319 1018 437 1046 contra
466 1008 621 1045 animam
650 1009 802 1060 insurgit
810 1025 822 1059 3
860 1019 943 1047 tunc
973 1011 1091 1048 omnia
1113 1010 1229 1062 perdit
1261 1020 1295 1048 et

317 1072 525 1122 corrumpit,
543 1085 610 1108 non
623 1085 667 1109 ex
681 1081 806 1109 natura
819 1086 894 1121 sua,
911 1087 973 1110 sex
989 1087 1031 1110 ex
1045 1073 1295 1111 moderationis

318 1139 351 1168 et
369 1131 503 1168 ordinis
521 1131 728 1169 inversione.
757 1133 832 1182 Qui
860 1145 954 1170 vero
983 1134 1192 1171 secundum
1217 1136 1295 1185 spi-

317 1193 448 1237 ritum,
472 1205 555 1243 quie
576 1200 664 1230 sunt
678 1194 833 1242 spiritus
853 1209 861 1229 :
884 1207 974 1230 nam
992 1207 1124 1230 sensns
1149 1196 1291 1239 carnis,

318 1265 420 1288 mors
437 1260 502 1288 est.
527 1253 605 1288 Non
624 1251 731 1300 dixit,
756 1252 879 1290 Carnis
900 1261 1039 1299 natura,
1069 1267 1181 1303 neque
1200 1254 1296 1290 Sub-

318 1311 445 1348 stantia
474 1311 648 1362 corporis,
681 1311 741 1348 sed
755 1312 892 1350 Sensus
911 1328 921 1347 :
943 1313 1004 1362 qui
1029 1313 1159 1363 corrigi
1182 1321 1296 1364 potest

316 1380 349 1408 ct
367 1372 457 1408 tolli.
477 1372 553 1408 Hoc
567 1386 673 1423 porro
692 1372 790 1420 dicit,
807 1387 875 1410 non
891 1372 985 1422 quod
1002 1373 1096 1410 carni
1112 1373 1296 1424 propriam

792 269 829 298 S.

281 1470 287 1472 ‚
317 1431 566 1481 cogitationem
584 1433 718 1469 tribuat
738 1448 745 1468 z
763 1433 854 1469 absit
862 1448 871 1481 3
891 1432 951 1469 sed
975 1433 1179 1470 crassiorem
1198 1447 1296 1470 men—

119 1762 203 1790 Bom.
216 1761 299 1802 827.

315 1493 361 1530 tis
383 1493 555 1545 impetum
575 1494 750 1544 indicans,
783 1504 816 1532 et
836 1509 855 1531 a
882 1495 994 1546 pejori
1021 1495 1121 1531 illam
1149 1509 1290 1540 vocans,

315 1562 356 1590 ut
386 1554 492 1591 etiam
520 1569 611 1606 saepe
637 1569 776 1592 carnem
801 1564 915 1592 totum
932 1555 1113 1591 hominem
1138 1555 1295 1593 animam

314 1614 501 1651 habentem
530 1628 656 1652 Vocare
685 1615 781 1651 solet.
809 1615 947 1651 Sensus
967 1623 1095 1651 autem
1122 1617 1290 1665 spiritus.

317 1674 454 1711 Rursus
481 1674 540 1710 hic
566 1674 788 1724 spiritualem
807 1683 959 1711 mentem
977 1674 1080 1721 dicit,
1105 1683 1145 1711 ut
1168 1675 1258 1712 infra
1282 1691 1289 1711 :

320 1735 393 1784 Qui
423 1742 551 1770 autem
579 1742 775 1770 scrutatur
811 1735 944 1783 corda,
983 1737 1090 1772 novit
1120 1736 1215 1784 quid
1245 1738 1296 1772 sit

313 1807 445 1831 sensus
467 1796 644 1844 spiritus5
685 1787 907 1843 ostenditque
936 1795 1046 1830 multa
1086 1793 1169 1831 hinc
1200 1795 1293 1832 bona

313 1853 398 1891 oriri
412 1854 447 1891 in
462 1853 627 1905 praesenti
641 1862 674 1890 et
689 1853 724 1890 in
738 1854 869 1891 futuro.
890 1854 1012 1893 Multo
1026 1868 1178 1905 namque
1191 1855 1294 1906 plura

310 1914 403 1951 bona
421 1914 522 1951 affert
540 1928 660 1951 sensus
680 1914 889 1965 spiritualis,
924 1929 1029 1965 quam
1048 1915 1197 1953 carnalis
1218 1930 1294 1954 sen-

311 1991 369 2014 sus
400 1976 493 2014 mala
522 1976 646 2013 inferat
671 1992 678 2012 :
701 1991 780 2026 quae
808 1976 883 2028 ipse
913 1978 1128 2028 significavit
1155 1978 1289 2030 dicens,

313 2038 401 2073 Vlla
432 2045 468 2073 et
492 2050 596 2087 pax:
623 2036 773 2072 alterum
804 2036 948 2086 quidem
982 2037 1027 2074 ad
1055 2038 1292 2076 differentiam

310 2096 459 2147 prioris,
480 2110 562 2133 nam
588 2097 742 2140 Sensus,
770 2097 897 2146 inquit,
918 2101 1046 2135 carnis
1082 2112 1182 2136 mors
1205 2110 1260 2137 esc
1274 2116 1290 2144 ;

311 2157 459 2194 alterum
478 2171 563 2195 vero
580 2158 627 2194 ad
652 2157 888 2195 differentiam
909 2160 1084 2209 sequentIS
1103 2176 1110 2196 :
1133 2175 1215 2198 cum
1233 2161 1291 2198 di-

311 2218 419 2254 xisset
440 2218 544 2264 enim,
566 2221 670 2263 Pax,
699 2218 887 2269 subjunxit
906 2235 914 2255 ε
937 2222 1129 2269 Quoniam
1156 2235 1290 2260 sensus

311 2280 439 2314 carnis
478 2281 684 2315 inimicitia
713 2287 770 2315 est
801 2282 843 2315 in
873 2280 1000 2315 Deum
1029 2295 1039 2316 .·
1069 2280 1166 2330 quod
1199 2290 1289 2318 certe

310 2346 421 2374 morte
435 2337 589 2375 deterius
605 2347 666 2375 est.
687 2337 826 2375 Deinde
842 2338 904 2375 ubi
922 2339 1088 2387 ostendit,
1109 2341 1288 2390 quomodo

310 2406 343 2434 et
371 2412 466 2435 mors
493 2407 527 2435 et
550 2397 735 2435 inimicitia
764 2398 965 2449 sinttLegi
984 2402 1082 2435 enim
1108 2401 1185 2436 Dei
1210 2414 1289 2437 non

309 2460 482 2510 subjecta
502 2466 578 2504 est,
594 2458 726 2508 inquit3
747 2455 868 2510 neque
883 2462 981 2496 enim
995 2468 1129 2509 potest.
1150 2462 1288 2499 Verum

309 2533 352 2556 ne
369 2519 521 2556 turberis
540 2533 620 2556 cum
639 2519 755 2567 audis,
775 2553 790 2557 -
805 2521 909 2571 'eque
927 2523 1029 2557 enim
1044 2529 1168 2571 potest
1184 2538 1194 2557 .·
1213 2522 1286 2560 haec

309 2580 400 2616 enim
413 2579 605 2616 difficultas
621 2579 759 2616 facilem
773 2579 879 2617 habet
895 2580 1116 2618 solutionem.
1135 2582 1286 2620 Sensum

307 2639 402 2676 enim
443 2640 556 2677 carnis
590 2639 650 2676 hic
679 2639 767 2676 dicit
805 2649 980 2677 terrenam
1018 2641 1281 2693 cogitationem,

307 2714 458 2736 crassam
475 2709 507 2737 et
520 2699 565 2736 ad
578 2699 759 2737 saecularia
775 2700 938 2750 malaque
954 2715 1059 2753 opera
1072 2702 1283 2740 inhiantem:

304 2759 396 2796 hanc
423 2759 511 2798 dicit
533 2759 782 2811 cogitationem
809 2773 878 2797 non
903 2774 1005 2812 posse
1035 2761 1163 2813 subjici
1191 2764 1279 2800 Deo.

305 2821 426 2871 Ecqua
454 2821 598 2857 demum
623 2820 746 2858 salutis
773 2835 863 2872 spes,
894 2821 921 2858 si
944 2836 1014 2859 non
1038 2823 1151 2874 possit
1170 2824 1286 2861 malus

307 2882 383 2919 fieri
396 2882 538 2919 bonus?
555 2883 633 2919 Non
648 2882 714 2919 hoc
729 2881 816 2919 dicit
834 2897 841 2917 :
858 2896 939 2919 nam
963 2883 1140 2932 quomodo
1153 2884 1285 2923 Paulus

307 2942 389 2979 talis
412 2943 524 2979 factus
551 2942 628 2979 est?
660 2942 837 2991 quomodo
864 2942 979 2980 latro?
1006 2945 1181 2993 quomodo
1199 2947 1284 2983 Ma-

307 3002 449 3039 nasses.O
486 3001 664 3052 quomodo
698 3002 894 3039 Ninivitae?
929 3003 1107 3052 quomodo
1145 3005 1280 3055 David,

306 3073 493 3114 postquam
507 3063 625 3114 lapsus
641 3072 705 3109 est,
726 3076 799 3100 sese
815 3062 950 3100 erexit?
967 3063 1143 3112 quomodo
1158 3066 1283 3105 Petrus

307 3132 385 3174 post
417 3124 636 3174 negationem
665 3123 712 3161 ad
743 3137 779 3160 se
810 3138 970 3161 reversus
1000 3125 1079 3162 est?
1108 3127 1284 3176 quomodo

304 3184 368 3233 qui
399 3184 591 3221 fornicatus
617 3192 704 3233 erat,
737 3183 773 3220 in
792 3183 926 3222 Christi
949 3198 1091 3236 gregem
1124 3197 1283 3239 receptus

306 3244 382 3280 est?
404 3243 579 3293 quomodo
599 3243 752 3293 Galatae,
777 3243 837 3294 qui
857 3258 900 3282 ex
926 3245 1038 3296 gratia
1061 3245 1278 3298 exciderant,
1307 3260 1330 3290 Ε
1348 3251 1351 3255 ’

306 3303 350 3339 ad
368 3304 552 3353 pristinam
571 3305 704 3342 rediere
724 3305 970 3343 nobilitatem?
994 3308 1071 3345 Non
1092 3322 1173 3360 crgo
1193 3309 1281 3348 dicit

1322 1803 1344 1832 C

1348 2349 1459 2384 χνημα
1489 2336 1550 2379 τῆς
1585 2335 1711 2385 σαρκὸς
1741 2335 1848 2387 ἔχθρα
1884 2336 1931 2376 εἷς
1963 2334 2074 2372 Θεόν·

865 268 970 298 JOAN
979 268 1047 299 MS
1083 267 1303 298 CHRYSOST
1311 287 1320 298 .
1358 267 1545 299 ARCHIEP
1555 289 1564 298 .
1602 269 1934 302 (ΣΟΝΞΤᾹΝΤΙΝΟΡ
1943 249 1977 302 .ι

1373 349 1502 387 ἐκείνου
1528 350 1703 401 δικαίωμα
1723 351 1836 400 μένειν
1867 353 1900 388 ἓν
1926 354 2009 402 ἡμῖν
2036 352 2119 403 ὅπερ
2147 352 2344 404 ἐπλήρωσεν
2364 355 2382 392 ὃ

1372 409 1544 460 Χριστὸς,
1561 410 1621 447 καὶ
1642 410 1689 460 μὴ
1711 412 1953 462 διαφθαρῆναι.
1971 413 2018 450 Οἱ
2046 411 2114 464 γὰρ
2147 412 2238 449 κατὰ
2268 412 2382 463 σάρκα

1371 469 1475 514 ὄντες,
1498 469 1603 520 φησὶ,
1631 469 1677 507 τὰ
1704 473 1765 515 τῆς
1792 469 1918 522 σαρκὸς
1942 475 2121 523 φρονοῦσιν
2139 486 2146 494 ·
2167 474 2198 508 οἱ
2226 471 2261 509 δὲ
2291 470 2382 508 κατὰ

1370 533 1518 578 πνεῦμα,
1532 529 1576 567 τὰ
1589 534 1648 567 τοῦ
1668 529 1874 579 πνεύματος.
1896 530 1947 567 Τὸ
1970 530 2036 583 γὰρ
2050 530 2210 583 φρόνημα
2225 533 2287 576 τῆς
2301 545 2382 582 σαρ-

1369 588 1427 631 κὸς
1446 589 1606 636 θάνατος,
1627 589 1666 626 τὸ
1686 589 1721 628 δὲ
1743 589 1904 641 φρόνημα
1928 595 1987 627 τοῦ
2012 590 2206 640 πνεύματος
2234 590 2302 637 ζωὴ
2323 590 2382 628 καὶ

1369 649 1500 699 εἰρήνη.
1520 650 1618 688 Διότι
1631 650 1670 688 τὸ
1684 651 1843 702 φρόνημα
1866 653 1927 695 τῆς
1943 651 2068 701 σαρκὸς
2083 651 2190 702 ἔχθρα
2210 653 2256 694 εἷς
2270 650 2359 689 Θεόν
2374 666 2382 674 ·

1368 712 1418 761 τῷ
1444 709 1509 760 γὰρ
1535 710 1629 762 νόμῳ
1656 716 1714 748 τοῦ
1733 712 1825 748 Θεοῦ
1851 711 1916 761 οὐχ
1941 711 2200 748 ὑποτάσσεται·
2220 710 2382 763 οὐδὲγὰρ

1370 769 1526 806 δύναται.
1549 769 1638 807 Ἀλλ’
1659 769 1735 807 οὐδὲ
1755 774 1855 807 τοῦτο
1871 768 2014 816 διαὸολὴ
2041 773 2103 815 τῆς
2125 769 2262 820 σαρκός.
2286 769 2383 812 “Eme

1371 828 1432 879 μὲν
1450 829 1517 881 γὰρ
1536 829 1576 866 ἂν
1602 829 1664 876 τὴν
1688 829 1815 867 οἰκείαν
1838 829 1991 881 φυλάττῃ
2010 829 2121 876 τάξιν,
2141 829 2234 867 οὐδὲν
2255 829 2382 867 ἄτοπον

1369 890 1502 940 γίνεται
1518 906 1524 913 ·
1542 890 1623 928 ὅταν
1641 890 1675 928 δὲ
1696 892 1780 940 αὐτῇ
1808 890 1924 928 πάντα
1948 889 2188 942 ἐπιτρέπωμεν
2201 920 2211 937 ,
2230 889 2288 926 καὶ
2306 888 2384 932 τοὺς

1370 951 1512 992 οἰκείους
1531 951 1710 1002 ὑπερέᾶσα
1730 951 1827 1002 ὅρους
1855 950 2143 994 κατεξανίσταται
2169 954 2231 997 τῆς
2251 952 2383 1001 ψυχῆς,

1369 1010 1447 1047 τότε
1473 1010 1588 1047 πάντα
1617 1010 1786 1048 ἀπόλλυσι
1809 1010 1868 1048 καὶ
1894 1010 2102 1062 διαφθείρει,
2122 1012 2159 1047 οὐ
2192 1009 2289 1062 παρὰ
2320 1009 2383 1055 τὴν

1371 1071 1498 1108 οἰκείαν
1526 1070 1647 1122 φύσιν,
1676 1070 1765 1108 ἀλλὰ
1788 1070 1884 1123 παρὰ
1908 1071 1970 1117 τὴν
1999 1071 2164 1122 ἀμετρίαν
2180 1070 2240 1108 καὶ
2257 1070 2318 1117 τὴν
2345 1072 2384 1108 ἐκ

1370 1131 1499 1177 ταύτης
1515 1131 1671 1174 ἀταξίαν.
1691 1133 1737 1168 Οἱ
1759 1129 1794 1168 δὲ
1813 1130 1902 1168 κατὰ
1916 1135 2072 1181 πνεῦμα,
2091 1131 2135 1169 τὰ
2154 1135 2212 1168 τοῦ
2231 1130 2384 1180 πνεύμα-

1371 1208 1426 1234 τος
1451 1207 1459 1215 ·
1489 1192 1528 1229 τὸ
1563 1191 1630 1244 γὰρ
1663 1192 1823 1244 φρόνημα
1857 1195 1920 1237 τῆς
1951 1191 2076 1242 σαρκὸς
2115 1192 2270 1235 θάνατος.
2308 1193 2384 1228 Οὐκ

1373 1246 1487 1299 εἶπεν,
1527 1255 1548 1298 ἡ
1586 1252 1652 1303 γὰρ
1688 1255 1750 1297 τῆς
1792 1252 1917 1303 σαρκὸς
1953 1252 2069 1302 φύσις,
2106 1251 2183 1290 οὐδὲ
2224 1255 2246 1298 ἡ
2286 1250 2384 1289 οὐσία

1370 1317 1429 1351 τοῦ
1447 1312 1626 1363 σώματος,
1646 1312 1753 1357 ἀλλὰ,
1772 1313 1824 1349 Τὸ
1844 1312 2002 1363 φρόνημα
2021 1328 2028 1335 ·
2048 1312 2066 1349 ὃ
2086 1314 2311 1364 &optimo-*qni
2329 1311 2384 1349 δύ·

1370 1375 1458 1409 ναιτ’
1496 1372 1535 1409 ἂν
1578 1372 1637 1409 καὶ
1668 1374 1901 1421 ἀναιρεθῆναι.
1930 1374 2044 1409 Τοῦτο
2078 1373 2113 1409 δὲ
2151 1372 2243 1422 λέγει
2273 1374 2309 1408 οὐ
2339 1374 2382 1422 τῇ

1372 1433 1474 1483 σαρκὶ
1489 1432 1652 1482 λογισμὸν
1674 1431 1782 1474 διδοὺς
1809 1431 1913 1478 ἴδιον,
1929 1431 2060 1481 ἄπαγε,
2080 1431 2169 1468 ἀλλὰ
2188 1431 2249 1478 τὴν
2271 1447 2385 1482 παχυ-

1369 1492 1471 1542 τέραν
1491 1495 1553 1537 τῆς
1574 1491 1723 1533 διανοίας
1742 1490 1851 1542 ὁρμὴν
1871 1491 2143 1541 ἐνδεικνύμενος,
2162 1492 2220 1530 καὶ
2240 1492 2309 1530 ἀπὸ
2325 1496 2384 1528 τοῦ

1369 1551 1521 1604 χείρονος
1536 1551 1643 1597 αὐτὴν
1659 1552 1790 1596 καλῶν,
1811 1550 1928 1602 ὥσπερ
1944 1546 1998 1589 οῦν
2014 1553 2073 1589 καὶ
2092 1552 2205 1604 σάρκα
2218 1552 2386 1594 πολλάκις

1370 1611 1556 1662 ὁλόκληρον
1573 1612 1752 1663 ἄνθρωπον
1774 1611 1832 1649 καὶ
1849 1611 1964 1664 ψυχὴν
1991 1612 2115 1664 ἔχοντα
2138 1613 2234 1651 εἴωθε
2253 1615 2382 1651 καλεῖν.

1371 1671 1422 1708 Τὸ
1439 1670 1474 1709 δὲ
1492 1671 1651 1724 φρόνημα
1672 1676 1730 1710 τοῦ
1749 1671 1956 1722 πνεύματος.
1985 1674 2099 1711 Πάλιν
2129 1674 2303 1710 κάνταῦθα
2322 1671 2385 1719 τὴν

1369 1732 1608 1781 πνευματικὴν
1635 1732 1784 1770 διάνοιαν
1803 1732 1912 1783 λέγει,
1933 1733 2050 1786 ὥσπερ
2078 1727 2135 1770 οῦν
2164 1734 2223 1771 καὶ
2253 1732 2382 1784 προϊών

1370 1807 1499 1842 φησιν,
1519 1792 1563 1831 Ὁ
1583 1792 1618 1830 δὲ
1648 1795 1793 1843 ἐρευνῶν
1815 1792 1877 1835 τὰς
1898 1793 2041 1846 καρδίας
2068 1788 2137 1831 οἶδε
2167 1794 2201 1831 τί
2227 1794 2266 1832 τὸ
2298 1794 2384 1846 φρό-

1369 1868 1465 1903 νημα
1485 1856 1544 1890 τοῦ
1564 1853 1758 1904 πνεύματος
1775 1869 1782 1876 ·
1803 1852 1862 1890 καὶ
1883 1852 2033 1891 δείκνυσι
2051 1854 2164 1892 πολλὰ
2184 1854 2227 1892 τὰ
2245 1857 2284 1892 ἐκ
2300 1854 2384 1892 ταύ-

1368 1929 1430 1959 της
1450 1913 1562 1963 ἀγαθὰ
1590 1913 1649 1951 καὶ
1676 1916 1710 1951 ἐν
1739 1916 1788 1966 τῷ
1812 1912 1957 1964 παρόντι
1984 1913 2043 1951 καὶ
2068 1917 2101 1952 ἐν
2128 1917 2178 1966 τῷ
2209 1915 2380 1963 μέλλοντι.

1369 1974 1450 2010 Τῶν
1470 1972 1537 2025 γὰρ
1557 1977 1671 2010 κακῶν
1686 2004 1695 2021 ,
1715 1967 1762 2010 ὧν
1787 1973 1826 2011 τὸ
1851 1972 2011 2024 φρόνημα
2036 1974 2167 2024 εἰσάγει
2194 1975 2232 2012 τὸ
2262 1990 2383 2026 σαρκι-

1368 2034 1447 2079 κον,
1468 2035 1585 2084 πολλῷ
1608 2033 1746 2072 πλείονα
1766 2033 1878 2085 ἀγαθὰ
1899 2034 2045 2086 παρέχει
2065 2035 2103 2072 τὸ
2128 2035 2381 2085 πνευματικόν·

1369 2094 1456 2145 ἅπερ
1479 2094 1649 2140 ἐδήλωσεν
1671 2093 1776 2131 εἰπὼν
1789 2124 1798 2141 ,
1814 2093 1897 2140 Ζωὴ
1917 2094 1977 2132 καὶ
1996 2095 2113 2147 εἰρήνη
2129 2110 2137 2118 ·
2157 2095 2196 2132 τὸ
2216 2096 2277 2145 μὲν
2296 2096 2382 2147 πρὸς

1369 2154 1630 2200 ἀντιδιαστολὴν
1650 2159 1708 2192 τοῦ
1728 2154 1895 2208 προτέρου
1911 2171 1918 2177 ·
1938 2155 1991 2192 Τὸ
2007 2157 2073 2206 γὰρ
2093 2155 2265 2207 φρόνημα,
2285 2156 2382 2207 φησὶ,

1366 2218 1427 2260 τῆς
1453 2216 1577 2266 σαρκὸς
1605 2215 1749 2258 Θάνατος
1767 2231 1775 2238 ·
1797 2215 1836 2253 τὸ
1864 2215 1899 2252 δὲ
1920 2215 2005 2266 πρὸς
2034 2216 2294 2263 ἀντιδιαστολὴν
2321 2222 2381 2255 τοῦ

1367 2273 1588 2319 ἑξῆς-εἰπὼν
1615 2274 1704 2327 γὰρ,
1737 2275 1890 2326 Εἰρήνη,
1919 2275 2092 2326 ἐπήγαγε,
2119 2275 2216 2313 Διότι
2241 2276 2280 2313 τὸ
2298 2275 2380 2328 φρό-

2096 2335 2113 2372 ὃ
2140 2339 2199 2372 τοῦ
2233 2337 2379 2374 θανάτου

1364 2394 1479 2445 χεῖρόν
1517 2397 1620 2432 ἐστιν.
1650 2395 1740 2432 Εἰτα
1778 2394 1927 2441 δεικνὺς,
1955 2398 2029 2437 πῶς
2057 2395 2116 2432 καὶ
2143 2396 2286 2440 θάνατος
2319 2397 2378 2434 καὶ

1364 2454 1470 2506 ἔχθρα
1487 2470 1494 2477 ·
1516 2456 1579 2506 Τῷ
1609 2454 1676 2507 γὰρ
1707 2453 1802 2505 νόμῳ
1830 2459 1889 2492 τοῦ
1915 2457 2010 2493 Θεοῦ
2036 2458 2099 2507 οὐχ
2128 2457 2378 2504 ὑποτάσσεται,

1364 2513 1467 2566 φησίν
1497 2530 1504 2537 ·
1541 2514 1616 2552 οὐδὲ
1658 2513 1725 2567 γὰρ
1767 2514 1919 2552 δύναται.
1961 2516 2064 2553 Ἀλλὰ
2099 2515 2146 2566 μὴ
2185 2516 2376 2568 Θορυὸηθῇς

1362 2574 1515 2620 (inodora,
1536 2575 1627 2613 Οὐδὲ
1647 2574 1713 2627 γὰρ
1734 2574 1875 2612 δύναται
1890 2591 1897 2598 ·
1918 2575 1977 2613 καὶ
1994 2575 2062 2628 γὰρ
2083 2576 2221 2614 εὔκολον
2244 2581 2265 2624 ἡ
2287 2579 2377 2615 ἀπο·-

1364 2634 1419 2686 ρία
1442 2634 1526 2682 αὕτη
1558 2635 1620 2681 τὴν
1639 2635 1736 2674 λύσιν
1760 2635 1844 2686 ἔχει.
1865 2635 2040 2688 Φρόνημα
2071 2636 2138 2688 γὰρ
2170 2637 2296 2689 σαρκὸς
2325 2641 2378 2677 ἐν·

1360 2696 1470 2733 ταῦθά
1490 2711 1573 2747 φησι
1593 2696 1650 2734 τὸν
1666 2695 1778 2747 γεώδη
1797 2696 1980 2746 λογισμὸν,
1999 2697 2056 2734 τὸν
2075 2696 2203 2749 παχὺν,
2218 2698 2276 2736 τὸν
2290 2699 2376 2750 πρὸς

1360 2755 1403 2793 τὰ
1433 2756 1580 2806 βιωτικὰ
1608 2756 1666 2793 καὶ
1693 2755 1754 2798 τὰς
1785 2756 1939 2808 πονηρὰς
1969 2756 2111 2808 πράξεις
2142 2759 2374 2809 ἐπτοημένον·

1359 2817 1476 2855 τοῦ-,όν
1506 2832 1608 2867 φησιν
1638 2816 1802 2854 ἀδύνατον
1828 2811 1913 2854 εἶναι
1942 2819 2156 2868 ὑποταγῆναι
2179 2821 2272 2870 Θεῷ.
2304 2820 2374 2857 Καὶ

1359 2876 1442 2915 ποία
1461 2876 1578 2913 λοιπὸν
1600 2876 1697 2918 ἐλπὶς
1716 2877 1906 2928 σωτηρίας,
1926 2879 1955 2914 εἰ
1975 2877 2140 2915 ἀδύνατον
2167 2880 2273 2917 κακὸν
2292 2880 2375 2917 ὄντα

1359 2937 1516 2988 γενέσθαι
1535 2936 1660 2982 καλόν,
1677 2937 1729 2973 Οὐ
1749 2936 1851 2974 τοῦτό
1875 2952 1976 2988 φησιν
1993 2952 2001 2959 ·
2019 2937 2093 2975 ἐπεὶ
2114 2941 2186 2981 πῶς
2200 2942 2217 2976 ὁ
2236 2941 2375 2982 Παῦλος

1362 2997 1495 3048 ἐγένετο
1518 2999 1689 3042 τοιοῦτος,
1710 2999 1784 3038 πῶς
1799 3000 1816 3033 ὃ
1840 2996 1987 3047 λῃστής,
2016 3000 2090 3040 πῶς
2114 3002 2131 3035 ὃ
2162 3001 2375 3048 Μανασσῆς,

1359 3061 1431 3100 πῶς
1450 3059 1481 3094 οἱ
1507 3057 1701 3103 Νινευῖται,
1724 3059 1796 3098 πῶς
1813 3059 1830 3093 ὃ
1857 3056 1966 3094 Δαυὶδ
1993 3056 2129 3104 πεσὼν,
2156 3059 2274 3097 ἑαυτὸν
2296 3063 2374 3098 ἀνε-

1357 3118 1529 3164 κτήσατο,
1549 3119 1622 3159 πῶς
1650 3119 1667 3154 ὃ
1697 3116 1830 3168 Πέτρος
1857 3117 2114 3169 ἀρνησάμενος,
2140 3120 2260 3157 ἑαυτὸν
2289 3121 2371 3159 ἀνέ-

1356 3183 1460 3230 λαὸε,
1479 3186 1553 3226 πῶς
1579 3185 1596 3220 ὁ
1617 3181 1858 3233 πεπορνευκὼς
1871 3212 1880 3230 ,
1904 3186 1951 3226 εἰς
1965 3184 2029 3230 τὴν
2056 3185 2181 3235 ἀγέλην
2201 3186 2369 3237 κατελέγη

1355 3253 1414 3288 τοῦ
1434 3251 1607 3302 Χριστοῦ,
1623 3251 1696 3291 πῶς
1718 3250 1748 3285 οἳ
1776 3248 1934 3286 Γαλάται
1953 3251 2015 3294 τῆς
2039 3250 2182 3302 χάριτος
2208 3251 2372 3290 ἐκπεσόν-

1356 3327 1432 3355 τες,
1464 3310 1547 3360 πρὸς
1575 3309 1638 3355 τὴν
1672 3307 1841 3359 προτέραν
1875 3310 2066 3355 ἐπανῆλθον
2099 3311 2285 3361 εὐγένειαν,
2316 3314 2368 3350 Οὐ
