2502 3810
86 1798 174 1826 Psal.
202 1795 269 1825 118.

85 1848 137 1876 91.

85 1882 147 1907 Jer.
163 1879 213 1907 25.
240 1888 268 1917 9.

86 1982 269 2022 Rom.6.17.

88 2222 185 2248 Jos.1.
202 2227 231 2246 2.

92 3127 181 3154 Μαι.
208 3127 274 3162 102.

96 3166 141 3195 15.

292 233 385 293 406

292 341 418 366 nomen
437 341 540 365 suum
562 325 739 378 apposuit,
765 337 878 373 neque
898 323 952 360 illi
975 322 1037 373 qui
1057 336 1111 360 res
1129 330 1208 373 post
1225 322 1269 359 il-

288 387 363 423 lum
380 394 491 437 gestas
508 384 724 435 scripserunt
747 397 754 417 :
775 382 837 419 sed
855 395 968 432 neque
984 380 1189 428 Matthaeus,
1210 394 1270 418 ne-

289 461 356 496 que
377 449 540 493 Joannes,
562 457 631 481 non
657 445 814 492 Marcus,
837 457 906 480 non
933 444 1058 481 Lucas.
1077 444 1124 479 At
1143 441 1269 480 beatus

287 506 419 542 Paulus
441 504 604 542 omnihus
626 503 783 555 epistolis
803 503 876 541 suis
898 517 1025 541 nomen
1046 517 1149 541 suum
1173 516 1267 554 prae—

287 565 407 603 mittit.
429 566 549 612 Quare
567 564 584 601 ἷ)
606 563 700 610 Quia
721 563 775 601 illi
798 564 1031 615 praesentibus
1048 563 1265 614 scribebant,

287 635 319 663 et
337 625 462 662 inutile
480 625 604 663 fuisset
624 639 659 663 se
675 634 862 677 praesentes
881 624 1059 663 declarare
1078 641 1090 675 5
1109 625 1167 663 hic
1182 639 1268 663 vero

285 687 540 738 proculliteras
554 685 718 724 mittebat
732 686 890 738 epistolae
905 687 1018 724 forma
1034 702 1041 723 z
1055 695 1269 738 quapropter

286 747 479 785 necessaria
498 757 572 785 erat
589 747 742 785 nominis
760 747 911 785 additio.
935 748 975 786 Si
993 757 1111 786 autem
1124 749 1163 801 ,in
1179 748 1268 801 Epi-

287 809 374 846 stola
391 807 436 846 ad
449 808 616 846 Hebraeos
632 808 671 845 id
683 822 752 846 non
766 809 886 859 faciat,
902 809 1095 860 prudenter
1107 818 1140 847 et
1155 809 1268 848 consi-

285 869 334 907 lio
352 869 447 908 facit.
466 869 558 915 Quia
578 870 673 907 euim
687 884 832 922 perosus
852 879 925 907 erat
946 870 1033 922 ipsis
1051 886 1058 906 :
1076 885 1119 908 ne
1134 885 1153 908 a
1167 870 1268 923 prin-
1290 872 1315 902 D

287 929 392 982 cipio,
406 929 527 968 audito
541 930 694 978 nomine,
709 930 863 968 sermoni
879 930 1019 968 aditum
1033 931 1268 980 occluderent,

286 992 347 1029 illo
367 1005 568 1043 suppresso,
584 992 636 1029 uti
649 1006 684 1029 se
701 991 877 1040 audirent,
897 1001 971 1029 arte
985 993 1143 1044 pellexit.
1161 993 1199 1031 Si
1210 1006 1270 1030 ve-

285 1066 324 1089 ro
346 1051 525 1103 prophetae
555 1060 588 1088 et
616 1051 781 1089 Salomon
806 1051 949 1089 nomina
972 1067 1034 1090 sua
1058 1067 1264 1104 apposuere,

287 1113 390 1150 vobis
412 1112 672 1162 exquirendum
692 1113 866 1163 relinquo,
891 1127 954 1150 cur
975 1113 1036 1151 alii
1054 1128 1181 1151 nomen
1201 1129 1266 1166 ap—

284 1173 486 1224 posuerint,
509 1173 571 1210 alii
602 1188 701 1211 secus
725 1190 732 1210 :
754 1188 867 1224 neque
894 1174 989 1212 enim
1016 1189 1105 1227 opus
1135 1184 1199 1225 est,
1229 1185 1270 1214 ut

284 1235 404 1271 omnia
423 1249 442 1271 a
461 1249 516 1271 me
534 1234 697 1272 ediscatis
714 1251 724 1284 3
744 1235 806 1272 sed
825 1235 1060 1273 laborandum
1079 1244 1112 1272 et
1127 1237 1270 1287 perqui-

284 1294 433 1331 rendum
443 1295 545 1332 vobis
560 1304 623 1341 est,
640 1304 679 1332 ut
692 1310 735 1332 ne
746 1295 921 1347 segniores
930 1295 1099 1334 evadatis.
1118 1298 1268 1335 Paulus

284 1369 415 1392 servus
436 1356 531 1393 ιῙεςιι
555 1357 711 1393 Christi.
736 1357 809 1394 Cur
828 1370 954 1394 nomen
975 1357 1050 1408 ejus
1066 1357 1271 1396 immutavit

286 1417 393 1465 Deus,
406 1425 438 1452 et
452 1415 602 1453 Saulum
615 1417 758 1454 vocavit
773 1416 952 1454 Paulum?
967 1418 998 1454 N
1002 1431 1019 1454 e
1032 1417 1098 1454 hac
1114 1418 1220 1455 etiam
1232 1418 1270 1455 in

286 1485 384 1528 parte
405 1476 570 1528 apostolis
590 1476 735 1514 inferior
748 1477 938 1514 haberetur
954 1493 964 1525 ;
981 1477 1040 1515 sed
1058 1487 1098 1514 ut
1113 1477 1271 1530 idipsum

284 1539 527 1589 praerogativae
557 1537 703 1575 haberet
714 1568 724 1586 ,
749 1537 844 1588 quod
872 1537 1130 1590 discipulorum
1162 1553 1269 1591 cory-

284 1598 423 1649 phaeus,
447 1599 601 1649 hincque
624 1599 756 1636 arctius
777 1599 881 1636 coetui
893 1600 1112 1649 jungeretur.
1139 1598 1272 1636 Christi

284 1673 367 1696 vero
384 1673 524 1697 servum
544 1674 578 1696 se
597 1673 667 1696 non
687 1660 761 1695 sine
780 1673 885 1697 causa
905 1659 1001 1696 dixit
1022 1674 1029 1694 τ
1051 1658 1157 1696 multi
1173 1673 1272 1697 nam-

285 1734 351 1769 que
369 1729 450 1756 sunt
469 1720 650 1757 servitutis
666 1719 762 1756 modi
780 1735 787 1755 ε
805 1719 896 1757 alius
916 1719 1112 1757 secundum
1127 1720 1272 1758 creatio-

287 1793 381 1829 nem,
401 1779 445 1816 de
464 1794 533 1830 quo
558 1779 646 1817 dicit
665 1795 672 1815 :
695 1781 836 1817 Omnia
853 1782 1025 1818 serviunt
1045 1783 1114 1817 tibi
1128 1797 1144 1824 ,-
1166 1780 1270 1818 item-

285 1858 365 1894 que,
385 1843 531 1881 Servus
547 1857 650 1881 meus
665 1844 1026 1881 ,Nabuchodonosor
1037 1859 1048 1893 5
1067 1857 1154 1895 opus
1172 1857 1271 1881 nam-

285 1919 353 1958 que
372 1904 493 1956 opifici
513 1919 653 1943 servum
674 1913 737 1941 est.
760 1904 862 1941 Alius
882 1903 1007 1942 modus
1022 1913 1073 1942 est
1091 1919 1111 1941 a
1127 1903 1212 1955 fide,
1227 1904 1272 1942 de

286 1979 355 2017 qua
375 1965 424 2002 ait
447 1980 454 2001 ε
480 1966 620 2003 Gratia
640 1973 768 2002 autem
790 1966 890 2014 Deo,
915 1968 1009 2016 quia
1034 1968 1134 2002 servi
1153 1968 1270 2003 eratis

1282 2012 1329 2037 [130

749 246 787 275 S.
824 243 1008 274 JOANNIS
1044 242 1282 272 CHRYSOST.
1320 241 1525 273 ARCfflEP.
1565 244 1918 277 CONSTANTINOP-

1339 323 1378 361 τὸ
1394 323 1502 374 ὄνομα
1528 324 1567 361 τὸ
1595 327 1718 362 ἑαυτοῦ
1734 325 1896 375 τέθεικεν,
1915 326 1989 366 οὐδὲ
2005 329 2036 365 οἱ
2062 330 2137 378 μετ’
2166 329 2292 365 ἐκεῖνον
2314 328 2359 367 τὰ

1340 386 1417 432 μετ’
1452 386 1581 422 ἐκεῖνον
1610 385 1808 433 συνθέντες,
1838 389 1915 425 ἀλλ’
1947 389 2023 426 οὐδὲ
2050 390 2248 436 Ματθαῖος,
2280 388 2357 426 οὐδὲ

1338 443 1504 492 Ἰωάννης
1517 475 1527 493 ,
1570 448 1608 484 οὗ
1626 445 1772 498 Μάρκος
1785 476 1796 494 ,
1836 449 1874 484 οὗ
1900 451 2039 493 Λουκᾶς
2056 464 2064 472 ·
2081 453 2099 488 ὁ
2118 449 2152 488 δὲ
2187 450 2357 502 μακάριος

1339 506 1480 550 Παῦλος
1506 511 1685 559 πανταχοῦ
1720 510 1789 545 τῶν
1828 510 2017 548 ἐπιστολῶν
2038 512 2142 549 αὐτοῦ
2178 512 2218 550 τὸ
2250 512 2359 562 ὄνομα

1342 570 1445 606 αὑτοῦ
1460 568 1681 620 ςπροτίθησι.
1695 568 1743 607 Τί
1770 568 1916 616 δήποτε;
1932 570 2019 609 εΌτι
2037 574 2161 610 ἐκεῖνοι
2196 572 2258 622 μὲν
2286 588 2358 610 πα·-

1343 633 1455 680 ροῦσιν
1486 629 1646 682 ἔγραφον,
1683 630 1742 667 καὶ
1784 631 1944 682 περιττὸν
1973 626 2014 678 ἦν
2049 633 2190 677 ἑαυτοὺς
2232 635 2356 681 δηλοῦν

1341 689 1515 741 παρόντας
1527 705 1534 712 ·
1552 684 1648 733 οὗτος
1667 690 1703 727 δὲ
1723 689 1779 728 διὰ
1796 694 1930 744 μακροῦ
1941 691 1986 730 τὰ
2000 692 2195 744 γράμματα
2216 693 2359 744 διεπέμ-

1340 764 1446 797 πετο,
1474 750 1534 788 καὶ
1561 753 1594 789 ἐν
1616 752 1803 796 ἐπιστολῆς
1824 751 2003 803 σχήματι·
2024 752 2076 790 διὸ
2099 753 2159 790 καὶ
2186 753 2359 805 ἀναγκαία

1339 803 1381 856 ἦν
1410 813 1431 856 ἡ
1469 814 1527 849 τοῦ
1559 811 1727 862 ὀνόματος
1755 811 1952 862 προσθήκη.
1988 814 2033 851 Εἰ
2064 813 2098 851 δὲ
2130 815 2165 851 ἐν
2200 817 2243 865 τῇ
2273 815 2359 866 πρὸς

1340 872 1525 924 Ἑὸραίους
1552 875 1717 924 ἐπιστολῇ
1738 875 1775 911 οὗ
1794 880 1885 912 ποιεῖ
1904 878 2004 913 τοῦτο
2019 904 2029 921 ,
2059 875 2119 913 καὶ
2142 878 2244 913 τοῦτο
2267 875 2360 913 κατὰ

1340 931 1404 978 τὴν
1429 935 1529 972 αὐτοῦ
1546 933 1694 972 σύνεσιν.
1715 934 1860 982 Ἐπειδὴ
1880 934 1948 988 γὰρ
1965 936 2128 986 ἀπεχθῶς
2160 929 2251 987 εἶχον
2272 936 2360 987 πρὸς

1340 992 1442 1031 αὐτὸν
1446 1025 1457 1041 ,
1472 993 1529 1032 ἵνα
1549 994 1598 1045 μὴ
1612 998 1650 1033 ἐκ
1664 995 1855 1047 προοιμίων
1873 996 2080 1040 ἀκούσαντες
2097 1001 2157 1035 τοῦ
2172 995 2359 1046 ὀνόματος,

1340 1055 1575 1093 ἀποκλείσωσι
1591 1059 1640 1108 τῷ
1658 1057 1751 1108 λόγῳ
1766 1056 1828 1103 τὴν
1845 1056 1988 1104 εἴσοδον,
2009 1058 2195 1109 ἐσοφίσατο
2217 1057 2274 1096 διὰ
2300 1059 2359 1095 τοῦ

1340 1115 1468 1168 κρύψαι
1496 1117 1535 1155 τὸ
1555 1117 1664 1168 ὄνομα
1682 1117 1743 1164 τὴν
1773 1117 1939 1170 ἀκρόασιν
1967 1117 2030 1165 τὴν
2063 1118 2215 1156 ἐκείνων.
2245 1120 2291 1156 Εἰ
2325 1116 2361 1155 δὲ

1341 1175 1357 1196 ‘¹
1367 1179 1543 1229 προφῆται
1560 1177 1603 1214 τὰ
1615 1178 1769 1228 ὀνόματα
1785 1178 1827 1215 τὰ
1842 1181 1973 1216 ἑαυτῶν
1988 1178 2161 1217 τεθείκασι
2176 1179 2236 1216 καὶ
2250 1179 2360 1216 Σολο-

1344 1237 1431 1289 μὼν,
1448 1243 1548 1277 τοῦτο
1560 1242 1641 1290 ὑμῖν
1661 1240 1917 1289 καταλιμπάνω
1930 1239 2051 1278 λοιπὸν
2069 1241 2257 1287 ἐπιζητεῖν,
2272 1238 2363 1282 τίνος

1343 1299 1455 1336 ἕνεκεν
1474 1301 1517 1337 ὀἱ
1553 1299 1615 1350 μὲν
1645 1299 1778 1347 ἔθεσαν,
1810 1303 1841 1338 οἱ
1871 1300 1907 1338 δὲ
1944 1301 2006 1337 οὐκ
2038 1300 2177 1339 ἔθεσαν·
2198 1299 2361 1350 οὐδὲγὰρ

1342 1360 1480 1398 ἅπαντα
1498 1363 1580 1412 παρ’
1595 1363 1678 1411 ἐμοῦ
1692 1360 1760 1413 χρὴ
1783 1360 1966 1411 μανθάνειν
1988 1363 2078 1411 ὑμᾶς
2089 1390 2099 1407 ,
2117 1359 2206 1398 ἀλλὰ
2221 1361 2280 1398 καὶ
2297 1361 2362 1397 αὒ-

1343 1421 1420 1465 τοὺς
1439 1428 1553 1460 πονεῖν
1569 1422 1627 1460 καὶ
1645 1424 1830 1468 ἐπιζητεῖν,
1851 1421 1906 1459 ἵνα
1927 1421 1974 1472 μὴ
1991 1422 2194 1475 νωθρότεροι
2207 1421 2361 1472 γίνησθε.

1343 1484 1483 1525 Παῦλος
1497 1483 1614 1526 δοῦλος
1630 1482 1745 1529 Ἰησοῦ
1761 1484 1924 1534 Χριστοῦ.
1939 1482 2041 1525 Τίνος
2059 1482 2171 1520 ἕνεκεν
2193 1481 2362 1532 μετέθηκε

1344 1543 1383 1580 τὸ
1400 1543 1510 1593 ὄνομα
1529 1544 1633 1581 αὐτοῦ
1663 1546 1680 1580 ὁ
1706 1543 1815 1589 Θεὸς,
1849 1544 1908 1580 καὶ
1935 1545 2071 1581 Σαῦλον
2104 1543 2186 1581 ὄντα
2221 1545 2362 1581 Παῦλον

1346 1603 1508 1640 ἐκάλεσεν
1523 1619 1533 1650 3
1551 1602 1630 1640 Ἵνα
1660 1602 1749 1652 μηδὲ
1767 1602 1876 1653 ταύτῃ
1895 1606 1964 1640 τῶν
1997 1603 2198 1641 ἀποστόλων
2219 1604 2361 1641 ἔλαττον

1345 1663 1410 1715 ἔχη
1422 1694 1431 1711 ,
1448 1665 1524 1701 ἀλλ’
1543 1663 1627 1714 ὅπερ
1647 1663 1747 1715 ἔσχεν
1765 1662 1936 1715 ἐξαίρετον
1957 1666 1974 1701 ὃ
1993 1665 2177 1716 κορυφαῖος
2203 1667 2271 1701 τῶν
2290 1680 2363 1715 μα-

1346 1728 1470 1772 θητῶν,
1491 1727 1591 1762 τοῦτο
1612 1724 1671 1762 καὶ
1692 1724 1791 1767 αὐτὸς
1819 1724 2013 1772 κτήσηται,
2039 1725 2098 1762 καὶ
2126 1724 2282 1768 πλείονος
2308 1727 2363 1763 οἷ-

1343 1784 1513 1827 κειώσεως
1533 1784 1692 1823 ὑπόθεσιν
1711 1784 1815 1837 λάὲῃ.
1831 1787 1959 1824 Δοῦλον
1978 1785 2012 1822 δὲ
2027 1786 2148 1824 ἑαυτὸν
2168 1788 2231 1837 οὐχ
2246 1786 2364 1829 ἁπλῶς

1344 1840 1421 1884 εἶπε
1445 1850 1504 1883 τοῦ
1524 1846 1677 1897 Χριστοῦ
1690 1861 1697 1868 ·
1722 1845 1781 1882 καὶ
1800 1845 1868 1899 γὰρ
1898 1846 2020 1884 πολλοὶ
2043 1846 2196 1889 δουλείας
2217 1846 2362 1898 τρόποι·

1345 1901 1392 1951 εἷς
1412 1906 1473 1957 μὲν
1496 1909 1512 1944 ὃ
1532 1906 1622 1944 κατὰ
1650 1905 1711 1952 τὴν
1736 1905 1976 1958 δημιουργίαν,
2011 1908 2087 1944 καθ’
2115 1906 2151 1944 ὅν
2171 1922 2288 1958 φησιν,
2309 1906 2363 1945 ὅτι

1344 1969 1401 2008 Τὰ
1421 1968 1608 2019 σύμπαντα
1624 1969 1729 2006 δοῦλα
1747 1968 1808 2016 σὰ,
1827 1968 1886 2006 καὶ
1906 1970 1983 2006 καθ’
1996 1967 2032 2006 ὅν
2053 1984 2169 2020 φησιν,
2186 1968 2230 2007 ‘O
2245 1968 2364 2011 δοῦλός

283 2035 456 2078 peccato,
474 2027 652 2063 obedistis
667 2035 795 2063 autem
810 2041 856 2063 ex
869 2027 993 2073 corde,
1008 2029 1049 2063 in
1063 2041 1180 2078 quam
1194 2035 1271 2064 tra·
1295 2049 1321 2078 Α
1345 2046 1410 2082 μου
1441 2029 1747 2083 Χαδουχοδονόσορ
1762 2045 1770 2052 ·
1791 2029 1830 2067 τὸ
1852 2029 1919 2081 γὰρ
1947 2029 2045 2082 ἔργον
2072 2034 2132 2068 τοῦ
2157 2029 2365 2076 ποιήσαντος

286 2089 358 2124 diti
377 2090 466 2125 estis
485 2088 669 2125 doctrinae
682 2088 875 2140 formam,
896 2096 932 2124 et
956 2088 1111 2125 liberati
1130 2101 1156 2124 a
1177 2101 1270 2139 pec—

288 2157 390 2197 cato,
411 2151 510 2186 servi
523 2149 631 2201 facti
649 2151 738 2185 estis
757 2150 930 2199 justitiae.
955 2148 1056 2186 Alius
1075 2163 1095 2186 a
1111 2149 1194 2186 vitae
1214 2149 1271 2186 in-

289 2208 425 2257 stituto,
452 2208 495 2244 de
514 2222 583 2257 quo
605 2207 655 2244 ait
675 2223 682 2243 :
704 2209 864 2256 Jonses
886 2222 1018 2246 servus
1039 2223 1143 2246 meus
1166 2223 1271 2247 mor-

290 2277 376 2305 tuus
396 2277 451 2306 est
469 2283 478 2303 .·
501 2282 715 2318 quamquam
729 2277 760 2305 et
775 2267 894 2306 Judaei
910 2283 1029 2306 omnes
1045 2269 1139 2307 servi
1153 2279 1271 2317 erant3

288 2327 349 2365 sed
370 2330 512 2379 Moyses
527 2328 562 2364 iu
577 2327 701 2379 primis
717 2341 761 2364 cx
775 2327 857 2364 vitae
875 2328 1036 2366 instituto
1048 2329 1269 2380 splendebat.

289 2388 468 2435 Quoniam
489 2388 600 2439 igitur
619 2388 753 2425 Paulus
773 2388 938 2425 omnibus
958 2388 1139 2426 servitutis
1158 2389 1274 2427 modis

289 2463 411 2488 servus
432 2458 518 2495 erat,
546 2448 732 2500 dignitatis
758 2448 922 2486 maximce
945 2449 1022 2487 loco
1049 2451 1150 2501 ponit
1169 2450 1272 2498 illud,

290 2512 427 2549 Servus
456 2512 551 2549 Jeszc
579 2512 724 2548 Christi
747 2526 754 2546 ε
776 2519 810 2547 et
830 2510 1103 2562 dispensationis
1130 2512 1273 2550 nomina

289 2570 461 2621 obtendit,
484 2571 529 2608 ab
551 2571 779 2608 inferioribus
800 2571 846 2608 ad
869 2572 1050 2623 superiora
1070 2572 1271 2610 ascendens.

289 2635 424 2671 Nomen
445 2633 576 2684 quippe
595 2634 679 2671 Jesu
698 2633 810 2670 serens
829 2633 975 2683 angelus
993 2634 1091 2671 venit
1107 2633 1151 2671 de
1168 2634 1274 2683 eaelis,

290 2693 429 2743 quando
445 2693 504 2730 ille
525 2701 627 2729 natus
647 2701 698 2729 est
717 2692 761 2730 de
777 2692 929 2743 Virgine
946 2708 956 2742 5
976 2694 1138 2731 Christus
1159 2703 1275 2732 autem

289 2756 334 2792 ab
361 2755 524 2792 unctione
549 2753 692 2802 dicitur,
717 2753 813 2804 quod
841 2754 945 2792 etiam
974 2755 1088 2793 carnis
1112 2765 1199 2793 erat.
1227 2755 1275 2792 Et

290 2830 374 2866 quo,
394 2816 546 2866 inquies,
568 2815 644 2853 oleo
664 2825 791 2853 unctus
815 2817 895 2853 est?
920 2817 1008 2854 Oleo
1032 2817 1178 2867 quidem
1202 2813 1274 2856 non

289 2886 417 2914 unctus
431 2886 495 2926 est,
514 2876 576 2914 sed
591 2876 728 2928 Spiritu
748 2892 755 2913 :
773 2877 859 2914 solet
877 2886 993 2915 autem
1010 2878 1192 2930 Scriptura
1207 2879 1275 2917 hu-

287 2938 446 2989 jusmodi
467 2947 590 2975 unctos
615 2951 741 2976 vocare
759 2938 920 2976 christos.
941 2940 981 2977 In
996 2939 1158 2977 unctione
1170 2940 1275 2993 quip-

291 3013 347 3050 pe,
371 2998 467 3049 quod
485 2998 721 3051 praecipuum,
742 2999 897 3051 Spiritus
914 3008 965 3036 est
979 3015 989 3048 5
1010 2999 1089 3037 ideo
1108 3009 1141 3037 et
1157 3001 1274 3038 oleum

290 3061 494 3098 assumitur.
518 3060 566 3097 Et
583 3059 730 3097 ubinam
747 3060 897 3098 christos
918 3069 1021 3098 vocat
1037 3074 1108 3107 eos,
1123 3061 1185 3112 qui
1204 3075 1273 3099 non

290 3130 370 3160 sunt
389 3121 465 3159 oleo
481 3121 577 3158 uncti
595 3121 611 3157 9
631 3120 706 3158 Ubi
726 3120 826 3171 dicit,
843 3121 974 3158 Nolite
990 3130 1146 3173 tangere
1165 3124 1271 3160 chri—

332 3274 343 3286 s
370 3264 442 3295 Duo
457 3263 532 3295 MSS.
550 3267 655 3300 τίθησι.
672 3263 720 3304 [τὸ
737 3267 830 3305 ὄνομα.
847 3268 942 3301 τίθησι
956 3264 1011 3305 Α.]

333 3314 348 3337 ‘¹
375 3315 546 3359 [προρῆταὶ
562 3328 634 3351 τινες
651 3315 686 3345 Α.
708 3321 741 3345 et.
758 3325 861 3357 marg.
879 3313 999 3356 Savil.]

333 3375 345 3388 ἢ
372 3370 401 3397 ἐκ
419 3370 552 3409 καθαρᾶς
571 3368 707 3409 καρῖίας,
725 3363 824 3397 iidem
841 3366 958 3407 [marg.
976 3365 1075 3399 Savil.
1100 3367 1297 3409 ctA.].qu.1·

1345 2093 1462 2131 δοῦλον
1474 2108 1481 2116 ·
1502 2091 1615 2144 ἔτερος
1634 2091 1670 2129 δὲ
1687 2094 1704 2129 ὅ
1720 2091 1871 2137 ἀποτῆς
1888 2090 2056 2138 πίστεως,
2077 2091 2159 2143 περὶ
2178 2086 2219 2137 ἧς
2237 2107 2342 2144 φησιν
2356 2106 2364 2114 ·

1344 2154 1455 2206 Χάρις
1474 2152 1510 2190 δὲ
1528 2155 1578 2205 τῷ
1593 2154 1692 2204 Θεῷ,
1708 2151 1760 2189 ὅτι
1777 2152 1890 2189 δοῦλοι
1905 2146 1968 2198 ἦτε
1985 2155 2046 2198 τῆς
2067 2151 2260 2205 ἁμαρτίας,
2273 2155 2365 2199 ὑπη-

1345 2213 1490 2251 κούσατε
1511 2212 1546 2251 ’δὲ
1566 2218 1579 2233 ³
1592 2215 1630 2250 ἐκ
1646 2212 1790 2263 καρδίας
1803 2241 1812 2259 ,
1831 2215 1878 2255 εἷς
1901 2212 1936 2250 ὃν
1957 2211 2170 2263 παρεδόθητε
2189 2213 2296 2250 τύπον
2313 2214 2365 2250 δι-

1347 2275 1476 2324 δαχῆς,
1498 2272 1557 2310 καὶ
1583 2272 1866 2323 ἐλευθερωθέντες
1883 2273 1952 2310 ἀπὸ
1976 2275 2038 2317 τῆς
2055 2272 2248 2325 ἁμαρτίας,
2267 2273 2365 2310 ἐδου-

1345 2334 1478 2380 λώθητε
1495 2337 1537 2384 τῇ
1567 2332 1789 2383 δικαιοσύνη·
1813 2332 1926 2383 ἕτερος
1945 2335 1962 2370 ὁ
1986 2333 2055 2370 ἀπὸ
2084 2337 2146 2379 τῆς
2173 2333 2364 2379 πολιτείας,

1346 2396 1422 2432 καθ’
1442 2393 1477 2431 ὅν
1497 2408 1599 2444 φησι·
1629 2394 1782 2438 Μωῦσῆς
1798 2395 1815 2429 ὁ
1833 2392 1990 2444 θεράπων
2025 2408 2089 2442 μου
2114 2393 2339 2439 τετελεύτηκε
2355 2408 2362 2415 ·

1346 2455 1459 2492 καίτοι
1487 2453 1546 2491 καὶ
1578 2453 1739 2490 Ἰουδαῖοι
1767 2453 1895 2495 πάντες
1932 2453 2136 2505 θεράποντες
2162 2448 2263 2501 ἦσαν,
2288 2455 2364 2491 ἀλλ’

1345 2514 1525 2565 ἐξαιρέτως
1544 2517 1561 2552 ὃ
1584 2515 1737 2558 Μωῦσῆς
1758 2513 1916 2563 πολιτεία
1936 2513 2153 2564 διαλάμπων.
2177 2513 2279 2552 Ἐπεὶ
2307 2508 2364 2551 οῦν

1345 2575 1437 2613 κατὰ
1457 2574 1589 2617 πάντας
1607 2573 1684 2617 τοὺς
1702 2573 1848 2625 τρόπους
1864 2572 1880 2593 ¹³
1892 2577 1954 2620 τῆς
1978 2574 2132 2618 δουλείας
2149 2576 2267 2618 δοῦλος
2285 2569 2327 2621 ἦν
2347 2577 2365 2612 ὁ

1345 2638 1485 2679 Παῦλος
1496 2666 1505 2683 ,
1522 2635 1598 2673 ἀντὶ
1612 2635 1774 2685 μεγίστου
1792 2634 1984 2684 ἀξιώματος
1999 2639 2100 2672 τοῦτο
2110 2635 2226 2682 τίθησι
2240 2635 2364 2686 λέγων,

1347 2698 1476 2740 Δοῦλος
1504 2695 1619 2741 Ἰησοῦ
1641 2697 1813 2746 Χριστοῦ·
1833 2696 1892 2733 καὶ
1911 2695 1955 2733 τὰ
1980 2699 2042 2741 τῆς
2061 2696 2256 2746 οἰκονομίας
2285 2697 2365 2734 ὀνό-

1349 2773 1443 2807 ματα
1478 2756 1733 2808 προδάλλεται,
1766 2755 1919 2793 κάτωθεν
1951 2756 2145 2793 ἅναὸαίνων
2178 2756 2261 2794 ἅνω.
2296 2755 2366 2793 Καὶ

1346 2817 1414 2870 γὰρ
1433 2817 1471 2855 τὸ
1499 2817 1633 2863 Ἰησοῦς
1652 2817 1760 2867 ὄνομα
1788 2817 1900 2868 φέρων
1921 2820 1938 2853 ὃ
1957 2817 2100 2867 ἅγγελος
2117 2811 2218 2863 ἦλθεν
2239 2818 2279 2854 ἐκ
2296 2819 2365 2854 τῶν

1346 2880 1511 2930 οὐρανῶν,
1530 2877 1588 2915 ὅτε
1607 2877 1758 2915 ἐτίκτετο
1777 2880 1816 2915 ἐκ
1834 2881 1896 2923 τῆς
1920 2876 2119 2928 Παρθένου·
2141 2877 2198 2915 καὶ
2217 2877 2368 2930 Χριστὸς

1347 2939 1382 2978 δὲ
1404 2940 1473 2978 ἀπὸ
1492 2943 1551 2976 τοῦ
1572 2941 1759 2990 χρισθῆναι
1774 2938 1938 2989 λέγεται,
1958 2938 2047 2975 ὃκαὶ
2064 2938 2148 2975 αὐτὸ
2164 2941 2226 2984 τῆς
2240 2938 2367 2991 σαρκὸς

1347 2995 1402 3048 ἦν.
1418 2999 1488 3039 Καὶ
1502 2999 1591 3051 ποίῳ
1605 3028 1613 3040 ‚
1631 2999 1746 3050 φησὶν,
1766 2998 1870 3049 ἐλαίῳ
1886 2998 2050 3050 ἐχρίσθη,
2072 2999 2204 3052 Ἐλαίῳ
2224 2998 2284 3050 μὲν
2305 3000 2368 3038 οὔκ

1349 3061 1491 3115 ἐχρίσθη
1509 3091 1518 3107 ,
1545 3059 1727 3109 Πνεύματι
1761 3059 1813 3097 δέ·
1849 3053 1918 3097 οἶδε
1939 3059 1974 3098 δὲ
2009 3059 2068 3097 καὶ
2094 3059 2173 3104 τοὺς
2197 3060 2368 3104 τοιούτους

1348 3122 1510 3175 χριστοὺς
1528 3125 1549 3167 ἦ
1580 3120 1702 3173 Γραφὴ
1723 3121 1852 3158 καλεῖν.
1875 3120 1926 3158 Tb
1957 3120 2023 3174 γὰρ
2054 3121 2312 3174 προηγούμενον
2333 3123 2366 3159 ἐν

1365 3263 1462 3297 lectio
1478 3264 1511 3296 iu
1540 3262 1650 3295 multis
1672 3261 1756 3294 Novi
1773 3263 1980 3294 Testamenti
2004 3262 2233 3304 Manuscriptis
2250 3262 2364 3296 fertur.

1406 3317 1422 3340 b
1449 3315 1554 3347 Iidem
1573 3315 1693 3358 [marg.
1710 3313 1808 3347 Savil.
1825 3321 1856 3345 et
1881 3314 1934 3356 A.]
1954 3322 2004 3352 τῆς
2031 3318 2201 3357 θαυμαστῆς
2223 3317 2363 3352 δουλείας-
