2466 3805
612 262 654 289 IN
696 260 810 290 ACTA
847 260 1173 290 APOSTOLORUM
1208 260 1363 290 110MlL.

421 516 600 554 ΟΜΙΛῙΑ
627 515 694 560 κς’.

49 636 138 673 Κατ’
160 637 287 673 ἐκεῖνον
309 635 345 674 δὲ
365 636 421 673 τὸν
440 637 558 689 καιρὸν
588 637 754 676 ἐπέέαλεν
781 636 942 690 ςΗριι’)δης
968 641 985 676 ὃ
1006 640 1068 689 βα-

105 695 218 739 σιλεὺς
253 696 314 740 τὰς
345 703 464 750 χεῖρας
495 698 653 736 κακῶσαί
683 714 778 740 τινας
807 702 875 736 τῶν
910 699 979 737 ἀπὸ
1007 702 1070 745 τῆς

104 756 328 802 Ἔκκλησίας.
374 758 500 796 Ἀνεῖλε
540 757 574 796 δὲ
618 757 784 796 Ἰάκωὸον
824 758 880 795 τὸν
925 758 1068 809 ἀδελφὸν

105 816 265 856 Ἰωάννου
285 818 454 870 μαχαίρᾳ.
475 818 544 856 Καὶ
562 818 654 866 ἰδὼν,
677 817 730 855 ὅτι
751 818 893 871 ἀρεστόν
911 820 982 856 ἐστι
999 823 1070 860 τοῖς

105 879 293 927 Ἰουδαίοις,
308 881 494 932 προσέθετο
515 880 696 918 συλλαὸεῖν
712 879 770 917 καὶ
785 879 930 931 Πέτρον.
950 873 1067 916 ὟΗσαν

105 939 140 977 δὲ
162 943 197 979 αἱ
218 941 349 992 ἡμέραι
366 945 434 979 τῶν
455 941 604 990 ἀζύμων.

105 1064 209 1100 Ποῖον
240 1065 366 1101 ἐκεῖνον
394 1061 488 1112 λέγει
518 1061 659 1113 καιρόν,
679 1061 828 1104 Πάντως
852 1061 909 1098 τὸν
935 1061 1066 1112 ἐφεξῆς.

49 1121 139 1160 Ἀλλ’
170 1125 314 1160 ἐνταῦθα
342 1123 403 1172 μὲν
423 1121 548 1168 οὕτως,
569 1123 723 1173 ἀλλαχοῦ
746 1120 782 1159 δὲ
802 1121 937 1174 ἑτέρως.
952 1120 1067 1160 ζΌταν

47 1183 113 1233 γὰρ
130 1186 147 1220 ὁ
174 1184 350 1226 Ματθαῖος
366 1182 470 1233 λέγῃ·
495 1183 554 1220 Ἑν
575 1188 649 1225 ταῖς
670 1182 817 1234 ἡμέραις
833 1182 978 1225 ἐκείναις
1000 1198 1067 1220 πα-

48 1242 222 1293 ραγίνεται
242 1242 404 1288 Ἰωάννης
423 1242 625 1294 κηρύσσων,
642 1246 679 1280 οὐ
694 1242 756 1286 τὰς
783 1242 904 1294 ἐερεξῆς
933 1243 1067 1295 ἡμέρας

47 1303 160 1349 δηλῶν
187 1303 292 1354 λέγει,
320 1305 395 1341 ἀλλ’
427 1303 576 1350 ἐκείνας,
610 1305 643 1340 ἐν
677 1297 728 1346 αἷς
759 1303 883 1354 ἔμελλε
911 1303 1066 1354 γίνεσθαι

47 1364 136 1416 ἅπερ
149 1365 329 1414 διηγεῖται.
348 1363 452 1409 ’ΈΟος
467 1363 533 1415 γὰρ
549 1368 591 1415 τῇ
610 1366 731 1416 Γραφῇ
747 1363 858 1416 τούτῳ
875 1367 1067 1416 κεχρῆσθαι

47 1427 97 1477 τῷ
115 1424 250 1477 τρόπῳ,
278 1423 336 1462 καὶ
359 1427 442 1463 ποτὲ
467 1424 529 1474 μὲν
555 1424 599 1462 τὰ
627 1423 703 1470 ἑξῆς
725 1424 960 1474 συμὸαίνοντα
982 1427 1067 1463 ἀκο-

47 1485 175 1528 λούθως
202 1484 389 1532 ἐκτιθέναι,
419 1486 502 1523 ποτὲ
537 1484 572 1523 δὲ
610 1484 654 1522 τὰ
684 1484 825 1536 ὕστερον
862 1485 1066 1536 συμὸαίνειν

49 1545 220 1596 μέλλοντα
248 1549 294 1589 ὡς
321 1546 440 1598 ἐφεξῆς
467 1546 711 1596 ἀπαγγέλλειν.
744 1547 870 1589 Καλῶς
898 1546 934 1584 δὲ
961 1547 1066 1599 λέγει,

47 1607 99 1645 ὅτι
125 1606 285 1658 (Ηρώδης
301 1610 318 1645 ὃ
343 1607 523 1658 βασιλεύς·
547 1601 644 1649 οῦτος
662 1606 729 1659 γὰρ
750 1609 812 1644 οὐκ.
835 1601 877 1653 ἦν
893 1610 910 1644 ὁ
930 1608 986 1645 ἐπὶ
1007 1612 1067 1646 τοῦ

48 1667 211 1719 Χριστοῦ.
234 1667 322 1705 Ἰδοὺ
343 1668 535 1719 πειρασμὸς
564 1667 690 1719 ἕτερος.
720 1666 791 1704 Καὶ
818 1666 904 1718 ὅρα,
926 1667 1010 1722 ὅπερ
1032 1668 1066 1712 ἐξ

48 1728 158 1778 ἀρχῆς
186 1722 299 1772 εἷπον,
320 1731 394 1771 πῶς
419 1727 463 1765 τὰ
482 1728 675 1779 πράγματα
702 1728 887 1773 πλέκεται,
917 1731 990 1772 πῶς
1022 1730 1066 1767 δι’

47 1787 196 1830 ἀνέσεως
215 1789 273 1825 καὶ
292 1788 438 1840 θλίψεως
458 1789 572 1826 πάντα
594 1787 784 1840 ὑφαίνεται.
814 1790 891 1826 Οὐκ
911 1789 961 1827 ἔτι
980 1790 1066 1827 Ἰου-

46 1847 134 1884 δαῖοι
148 1876 156 1891 ,
175 1849 250 1885 οὐδὲ
271 1849 310 1886 τὸ
333 1849 527 1899 συνέδριον“
551 1847 680 1886 ἀλλ’ὒὸ
702 1848 863 1900 βασιλεὺς
883 1849 1064 1888 ἐπιέάλλει

43 1907 105 1951 τὰς
124 1914 244 1961 χεῖρας
264 1912 310 1953 εἷς
334 1910 373 1947 τὸ
400 1913 573 1947 κακῶσαι.
601 1909 739 1954 Μείζων
756 1914 776 1956 ἡ
795 1910 940 1957 ἐξουσία,
960 1913 1066 1962 χαλε-

44 1968 198 2023 πώτερος
218 1973 235 2007 ὁ
253 1969 422 2020 πόλεμος,
448 1971 517 2022 ὅσῳ
542 1971 601 2008 καὶ
620 1970 705 2022 πρὸς
723 1971 827 2023 χάριν
847 1970 977 2023 ἐγίνετο
995 1978 1065 2015 τοῖς

44 2028 234 2073 Ἰουδαίοις.
256 2033 382 2068 Ἀνεῖλε
399 2030 434 2069 δὲ
456 2031 621 2069 Ἰάκωδον
649 2032 705 2069 τὸν
739 2032 882 2083 ἀδελφὸν
904 2032 1065 2070 Ἰωάννου

44 2091 214 2142 μαχαίρᾳ.
240 2090 374 2135 Ἁπλῶς
399 2092 458 2129 καὶ
487 2093 534 2135 ὡς
562 2091 692 2143 ἔτυχεν.
721 2094 765 2130 Εἰ
793 2092 830 2129 δέ
853 2109 905 2135 τις
925 2093 1064 2141 ζητοίη,

43 2152 100 2190 διὰ
125 2153 157 2190 τί
177 2153 416 2204 συνεχώρησεν
436 2157 453 2191 ὃ
473 2153 577 2200 Θεός,
595 2156 756 2206 ἐροῦμεν,
774 2154 827 2191 ὅτι
846 2153 934 2206 ὑπὲρ
951 2156 1063 2192 αὐτῶν

41 2213 192 2251 τούτων·
213 2216 350 2265 πρῶτον
371 2213 450 2262 μὲν,
477 2213 605 2252 πείθων
633 2213 764 2260 αὐτοὺς,
793 2214 846 2252 ὅτι
874 2214 933 2252 καὶ
959 2217 1063 2252 ἀναι-

43 2273 201 2326 ρούμενοι
227 2279 425 2326 κρατοῦσιν,
444 2274 530 2328 ὅπερ
554 2274 612 2312 καὶ
638 2275 695 2313 ἐπὶ
722 2275 902 2327 Στεφάνου
925 2275 1063 2327 γέγονε·

40 2336 196 2389 δεύτερον
217 2335 274 2382 δὲ,
292 2334 401 2378 διδοὺς
417 2338 531 2378 αὐτοῖς
552 2335 641 2385 μετὰ
665 2336 704 2374 τὸ
732 2338 914 2386 ἓμπλῆσαι
930 2337 989 2375 τὸν
1007 2341 1063 2375 θυ-

1401 261 1526 290 xxvi.

1427 516 1638 555 HOMILIA
1660 516 1803 557 XXVI.

1141 638 1178 674 1.
1197 638 1275 674 Illo
1287 646 1416 675 antem
1436 647 1602 690 tempore
1630 642 1734 677 misit
1753 641 1924 678 Herodes
1950 654 2018 678 rex
2039 656 2122 680 ma-
2136 647 2209 675 CAP·
2223 655 2282 675 Χυ-

1193 713 1279 745 nus,
1304 708 1344 736 ιιι
1372 700 1563 752 affligeret
1580 702 1768 751 quosdam
1799 703 1846 738 de
1868 703 2058 740 Ecclesia.
2081 706 2119 741 Q.

1195 760 1344 796 Occidit
1374 769 1505 796 autem
1535 761 1725 797 Jacohum
1749 763 1925 812 fratrem
1956 764 2124 802 Joannis

1189 819 1334 868 gladio.
1356 820 1393 855 5.
1419 820 1560 856 Videns
1587 828 1718 856 autem
1753 825 1844 871 quia
1862 824 2032 872 placeret
2052 826 2123 862 Ju-

1189 878 1296 923 doeis,
1317 881 1493 929 apposnit
1507 887 1548 915 ut
1564 881 1863 930 apprehenderet
1882 890 1918 919 et
1944 885 2119 921 Petrum.

1191 938 1319 974 Erant
1339 946 1469 974 antem
1487 939 1568 975 dies
1584 938 1626 975 A
1629 953 1842 987 zymorum.

1087 1066 1112 1094 D
1193 1060 1227 1096 1.
1244 1058 1448 1105 Quodillud
1463 1060 1551 1098 dicit
1562 1062 1725 1114 tempus?
1736 1062 1842 1109 Quod
1855 1077 1940 1101 mox
1957 1065 2126 1115 sequeba-

1137 1127 1196 1156 tur
1215 1120 1346 1170 utique.
1362 1121 1434 1159 Sed
1453 1122 1511 1159 hic
1530 1122 1676 1172 quidem
1695 1123 1763 1161 hoc
1788 1133 1905 1176 pacto,
1925 1125 2013 1163 alibi
2040 1140 2124 1165 vero

1137 1195 1248 1219 secus.
1265 1182 1355 1219 Cum
1380 1183 1473 1220 enim
1492 1183 1684 1222 Matthaeus
1700 1184 1803 1233 dicit,
1826 1188 1875 1223 In
1895 1188 2028 1225 diebus
2045 1189 2126 1226 illis
2141 1196 2324 1227 Manb.3.1.

1137 1245 1247 1279 venit
1261 1244 1292 1280 J
1291 1257 1436 1281 oannes
1449 1246 1688 1295 proedicans;
1707 1260 1776 1283 non
1793 1257 1973 1297 sequentes
1989 1249 2065 1286 dies
2079 1250 2127 1287 si-

1137 1303 1302 1354 gnificat,
1321 1303 1382 1341 sed
1401 1304 1494 1351 illos,
1517 1305 1553 1342 in
1573 1306 1703 1356 quibus
1717 1307 1794 1343 fieri
1811 1308 1959 1359 contigit
1974 1309 2010 1346 id
2030 1310 2127 1360 quod

1137 1363 1316 1401 narrabat.
1338 1364 1413 1401 Hoc
1431 1365 1562 1416 quippe
1583 1380 1680 1404 more
1694 1366 1808 1403 utitur
1826 1368 2010 1420 Scriptura
2028 1385 2035 1405 :
2055 1370 2124 1407 ali-

1137 1424 1279 1474 quando
1299 1439 1375 1475 quae
1405 1426 1620 1476 subsequuta
1646 1436 1728 1464 sunt
1754 1438 1902 1477 narrat3
1931 1429 2125 1480 aliquando

1137 1492 1255 1521 autem
1274 1499 1352 1535 quae
1376 1495 1496 1537 postea
1526 1486 1762 1537 contigerunt,
1783 1502 1824 1525 ac
1843 1489 1872 1526 si
1893 1503 1979 1526 mox
1998 1505 2124 1541 seque-

1136 1555 1276 1597 rentur,
1295 1557 1460 1585 recenset.
1482 1547 1576 1586 Bene
1595 1558 1713 1586 autem
1728 1548 1828 1598 dicit,
1848 1552 2020 1590 Herodes
2030 1567 2098 1590 rer
2113 1570 2123 1590 :

1137 1605 1196 1643 hic
1211 1605 1305 1643 enim
1321 1620 1391 1643 non
1407 1616 1481 1644 erat
1497 1607 1538 1655 is,
1559 1608 1621 1658 qui
1639 1622 1720 1645 cum
1734 1609 1877 1647 Christo
1895 1621 2123 1650 memoratur.

1137 1665 1229 1702 Ecce
1248 1665 1318 1703 alia
1336 1667 1495 1704 tentatio.
1513 1667 1560 1705 Et
1580 1667 1673 1717 vide,
1697 1669 1790 1719 quod
1807 1669 1907 1708 initio
1929 1671 2092 1710 dicebam
2114 1703 2124 1721 ,

1135 1726 1312 1775 quomodo
1332 1741 1386 1764 res
1404 1737 1601 1777 nectantur7
1630 1729 1808 1779 quomodo
1828 1745 1889 1782 per
1909 1732 2062 1782 quietem
2092 1742 2126 1770 et

1133 1800 1198 1837 per
1213 1800 1388 1824 aerumnas
1404 1788 1522 1825 omnia
1545 1798 1791 1828 contexantur.
1808 1792 1889 1828 Non
1899 1792 1976 1843 jam
1995 1792 2123 1842 Judaei,

1134 1861 1203 1885 non
1219 1848 1426 1896 concilium3
1446 1849 1507 1887 sed
1518 1864 1581 1887 rex
1600 1850 1760 1889 immittit
1774 1866 1910 1901 manus,
1924 1862 1963 1890 ut
1975 1854 2124 1905 affligat.

1133 1910 1253 1961 Major
1273 1919 1438 1962 potestas,
1465 1911 1610 1962 gravius
1628 1912 1779 1956 bellum,
1798 1914 1954 1951 maxime
1968 1915 2049 1965 quia
2079 1914 2124 1952 ad

1134 1969 1285 2020 gratiam
1326 1970 1545 2009 Judaeorum.
1586 1974 1736 2010 Occidit
1772 1983 1900 2012 autem
1933 1976 2123 2013 Jacohum

1131 2030 1298 2080 fratrem
1317 2032 1485 2069 Joannis
1510 2033 1659 2083 gladio,
1691 2033 1775 2072 Sine
1801 2048 1906 2072 causa
1926 2044 1960 2072 et
1978 2044 2018 2073 ut
2040 2050 2123 2074 casu

1134 2090 1298 2141 contigit.
1324 2091 1362 2129 Si
1387 2091 1467 2141 quis
1493 2107 1577 2130 vero
1604 2103 1750 2144 quaerat,
1773 2108 1836 2131 cur
1854 2095 1893 2132 id
1923 2096 2123 2147 permiserit

1132 2152 1242 2199 Deus,
1263 2153 1558 2204 respondebimus
1578 2169 1641 2206 pro
1658 2155 1731 2193 illis
1764 2156 1850 2208 ipsis
1871 2172 1878 2193 ε
1897 2158 2012 2208 primo
2042 2159 2122 2209 qui-

1132 2211 1226 2260 dem,
1251 2222 1288 2250 ut
1308 2214 1532 2265 persuaderet
1551 2216 1637 2268 ipsis
1658 2246 1668 2264 ,
1691 2231 1727 2254 se
1742 2218 1799 2255 vel
1827 2218 1961 2256 occisos
1980 2234 2119 2271 praeva-

1130 2272 1215 2321 lere‚
1237 2283 1276 2311 ut
1294 2284 1326 2311 et
1344 2275 1378 2312 in
1396 2276 1577 2327 Stephano
1593 2277 1742 2329 contigit.
1755 2294 1765 2327 3
1787 2280 1954 2328 secundo,
1971 2290 2010 2318 ut
2022 2281 2123 2319 daret

1131 2335 1151 2372 J
1156 2333 1268 2372 udaeis
1286 2335 1417 2384 locum,
1436 2346 1623 2387 postquam
1639 2339 1796 2376 furorem
1813 2354 1916 2377 suum
1927 2342 2123 2380 exsatiave-

40 2397 101 2448 μὸν
124 2398 316 2448 ἀνενεγκεῖν
342 2396 410 2434 ἀπὸ
426 2400 488 2443 τῆς
515 2396 640 2447 μανίας
658 2412 665 2420 ·
686 2397 745 2435 καὶ
769 2397 897 2449 τρίτον,
918 2398 1116 2443 δεικνὺς,203
1130 2405 1208 2433 rant
1229 2426 1237 2443 ,
1256 2397 1486 2449 resipiscendi
1509 2399 1715 2449 abinsania5
1730 2401 1847 2451 tertio,
1870 2411 1909 2439 ut
1926 2403 2123 2441 ostenderet

1009 2459 1036 2473 (NK

1006 2474 1060 2508 οε,

36 2457 88 2495 ὅτι
117 2457 208 2496 κατὰ
228 2456 451 2509 συγχώρησιν
477 2458 581 2496 αὐτοῦ
606 2458 724 2510 γέγονε
742 2463 854 2496 τοῦτο.
876 2458 973 2496 Ἰδὼν

34 2517 87 2557 ὅτι
107 2517 250 2569 ἀρεστόν
271 2521 346 2556 ἐστι
364 2523 435 2561 τοῖς
451 2517 647 2566 Ἰουδαίοις,
664 2519 851 2570 προσέθετο
876 2520 1060 2559 συλλαὸεῖν

35 2578 93 2617 καὶ
112 2578 261 2631 Πέτρον.
279 2578 331 2616 Ὢ
348 2581 409 2624 τ’ῆς
427 2579 445 2597 *
460 2578 602 2630 μιαρίας
624 2583 685 2626 τῆς
707 2582 850 2626 πολλῆς.
877 2580 989 2633 εΥπὲρ
1010 2581 1062 2619 τί-

38 2655 103 2677 νων
121 2642 232 2682 αὐτοῖς
256 2640 455 2692 ἐχαρίζετο,
475 2640 596 2691 φόνους
610 2643 717 2678 ποιῶν
739 2641 858 2685 ἁπλῶς
877 2641 936 2679 καὶ
964 2644 1058 2694 εἷκῇ;

38 2694 107 2739 τΗν
135 2701 171 2739 δὲ
203 2701 319 2752 ἡμέρα
347 2704 414 2738 τῶν
447 2700 599 2750 ἀζύμων.
629 2701 743 2739 Πάλιν
773 2703 959 2755 ἡπεριττὴ
991 2706 1060 2741 τῶν

40 2761 213 2800 Ἰουδαίων
244 2761 489 2813 ἀκριὸολογία·
507 2763 636 2799 ἀνελεῖν
661 2761 723 2812 μὲν
739 2764 801 2800 οὐκ
828 2762 997 2812 ἐκώλυον,
1025 2766 1058 2802 ἐν

42 2820 76 2859 δὲ
104 2825 214 2875 καιρῷ
237 2822 378 2874 τοιούτῳ
397 2826 540 2861 τοιαῦτα
560 2821 742 2873 ἔπραττον.
759 2822 828 2860 ὃΟν
856 2824 915 2861 καὶ
931 2824 1060 2869 πιάσας

42 2881 134 2920 ἔθετο
159 2884 204 2926 εἷς
241 2883 422 2935 φυλακὴν,
457 2883 632 2936 παραδοὺς
663 2883 830 2936 τέσσαρσι
866 2886 1059 2938 τετραδίοις

40 2945 273 2993 στρατιωτῶν.
290 2945 359 2982 Καὶ
377 2948 436 2983 τοῦ
461 2948 569 2995 θυμοῦ
595 2948 696 2983 τοῦτο
722 2940 763 2992 ἦν
790 2946 926 2985 καὶτοῦ
951 2947 1057 2991 δέους.

41 3002 184 3049 Ἀνεῖλε,
212 3003 312 3053 φησὶ,
342 3004 510 3043 Ἰάκωὸον
538 3004 595 3042 τὸν
624 3006 769 3057 ἀδελφὸν
797 3006 958 3045 Ἰωάννου
990 3024 1056 3058 μα-

39 3064 160 3116 χαίρᾳ.
185 3058 281 3106 Εἶδες
309 3067 419 3103 αὐτῶν
448 3067 509 3113 τὴν
536 3067 715 3120 ἀνδρείαν;
745 3066 824 3106 Ἵνα
842 3068 909 3122 γὰρ
937 3070 1057 3120 μηδεὶς

38 3125 135 3176 λέγῃ,
159 3123 212 3162 ὅτι
242 3124 298 3162 διὰ
325 3130 425 3164 τοῦτο
445 3127 630 3171 ἀκινδύνως
649 3128 708 3166 καὶ
741 3130 849 3172 ἀδεῶς
878 3133 1054 3168 κατατολ-

40 3188 131 3237 μῶσι
147 3188 205 3222 τοῦ
225 3184 383 3232 Θανάτου,
399 3186 458 3223 ἅτε
473 3186 721 3240 ἐξαρπάζοντος
738 3189 858 3232 αὐτοὺς
873 3194 932 3227 τοῦ
949 3192 1053 3239 Θεοῦ,

39 3246 94 3285 διὰ
112 3251 210 3284 τοῦτο
226 3247 445 3297 ἀναιρεθῆναι
465 3254 657 3301 συγχωρεῖ,
676 3249 734 3286 καὶ
752 3249 830 3293 τοὺς
852 3251 1054 3302 κορυφαίους

41 3307 215 3358 μάλιστα,
243 3305 368 3343 πείθων
395 3306 514 3351 αὐτοὺς
541 3307 616 3352 τοὺς
641 3312 881 3362 ἀναιροῦντας,
902 3309 954 3348 ὅτι
978 3312 1054 3350 οὐδὲ

88 3423 102 3445 b
121 3419 265 3461 Quidam
292 3424 306 3453 ὸ
325 3424 470 3463 βασιλεὺς,
488 3428 597 3464 μείζων
610 3428 627 3460 ἡ
645 3427 771 3462 ἐξουσία.

1081 2456 1104 2483 Α
1130 2470 1174 2493 ex
1188 2456 1420 2508 permissione
1433 2472 1496 2495 sua
1512 2459 1551 2496 id
1568 2460 1701 2497 factum
1715 2475 1798 2499 esse.
1836 2463 1978 2501 Videns
1992 2473 2122 2501 antem

1133 2521 1226 2569 qnia
1237 2519 1407 2569 placeret
1425 2520 1587 2567 Judoeis,
1608 2525 1785 2573 apposuit
1802 2532 1844 2560 ut
1866 2527 2123 2575 apprehende·

1128 2589 1185 2617 ret
1210 2589 1247 2618 et
1278 2582 1450 2617 Petrum.
1473 2582 1504 2617 O
1527 2582 1793 2632 perversitatem
1820 2583 1995 2634 ingentem
2014 2584 2022 2624 ἶ
2041 2586 2120 2631 Qua

1127 2640 1164 2677 in
1184 2654 1221 2678 re
1240 2640 1511 2691 gratificabatur
1537 2641 1623 2692 ipsis
1636 2672 1646 2691 ,
1673 2643 1783 2680 caedes
1804 2645 1913 2693 gratis
1935 2654 1968 2682 et
1992 2654 2121 2684 temere

1127 2701 1358 2753 perpetrans?
1389 2703 1492 2739 Erat
1520 2710 1647 2739 autem
1668 2704 1748 2740 dies
1768 2704 2026 2752 Azymorum.
2045 2707 2117 2744 Ite-

1126 2776 1208 2799 rum
1219 2762 1395 2813 superssua
1415 2763 1435 2800 J
1441 2761 1623 2800 udaeorum
1645 2764 1823 2802 accuratio
1843 2780 1850 2800 :
1869 2765 2027 2804 occidere
2048 2781 2117 2804 non

1125 2823 1383 2874 prohibebant,
1418 2823 1478 2860 sed
1520 2823 1581 2860 tali
1618 2833 1772 2876 tempore
1804 2825 1888 2863 talia
1914 2828 2113 2877 patrabant.

1125 2885 1164 2921 4.
1182 2885 1302 2934 Quem
1310 2897 1394 2921 cuin
1405 2885 1730 2935 apprehendisset,
1745 2889 1850 2924 misit
1861 2889 1901 2923 in
1909 2901 2113 2937 carcerem,

1128 2947 1286 2983 tradens
1307 2954 1476 2997 quatuor
1501 2949 1819 2998 quaternionibus
1836 2949 2014 2987 militum.
2034 2949 2116 2987 Haec

1125 3021 1170 3045 ex
1186 3007 1305 3044 furore
1317 3016 1351 3044 et
1364 3015 1459 3043 metu
1476 3007 1578 3045 facta.
1597 3009 1760 3054 Occidit,
1780 3008 1909 3058 inquit,
1924 3010 2115 3048 Jacobum

1122 3069 1287 3118 fratrem
1306 3068 1475 3105 Ioannis
1505 3068 1648 3119 gladio.
1677 3068 1847 3107 Vidistin⁷
1876 3069 2022 3107 illorum
2041 3072 2114 3109 for-

1125 3126 1317 3164 titudinem
1332 3128 1349 3164 ἷ)
1368 3128 1421 3164 Ne
1439 3127 1518 3177 quis
1536 3127 1628 3164 enim
1649 3127 1802 3176 diceret,
1826 3128 1905 3166 ideo
1930 3130 2024 3182 ipsos
2038 3133 2114 3170 sine

1081 3203 1101 3231 ιι
1125 3188 1283 3240 periculo
1296 3197 1329 3225 et
1350 3197 1446 3225 metu
1470 3198 1618 3225 mortem
1632 3188 1730 3226 adire
1747 3219 1758 3235 ,
1794 3190 1877 3239 quia
1900 3192 1996 3230 Deus
2014 3207 2114 3232 erue-

1126 3251 1187 3289 bat
1207 3251 1312 3303 ipsos⁷
1332 3251 1412 3288 ideo
1427 3251 1586 3303 permisit
1605 3261 1644 3288 ut
1660 3252 1920 3304 occiderentur,
1942 3256 2114 3295 maxime-

1127 3326 1194 3362 que
1226 3311 1432 3363 coryphaei,
1464 3320 1502 3348 ιιι
1537 3311 1725 3348 homicidis
1762 3313 1983 3364 ostenderet,
2013 3317 2111 3369 ipsos

1140 3428 1156 3445 '⁶
1174 3429 1319 3474 [μιαρίας
1333 3427 1367 3458 Β.
1384 3427 1422 3460 C.
1439 3427 1477 3459 D.
1495 3432 1602 3469 μανία,-
1621 3425 1709 3460 Editi
1723 3435 1753 3460 et
1767 3429 1823 3470 A.]
