2466 3805
82 2122 172 2147 Deul.
196 2119 264 2158 (5.7.

279 258 365 304 168
724 275 761 302 s.
799 270 986 302 somnis
1022 267 1265 298 cnarsos'r.
1312 266 1518 295 ΑιιοιιιΕΡ.
1557 267 1916 297 οοΝεΤΑΝΤΙΝοΡ.

273 368 382 406 gnum
411 362 505 401 erat3
536 351 701 389 inducere
730 349 940 400 Philippum
954 377 966 394 ,
1004 347 1080 398 ejus
1108 346 1249 396 signum
1320 349 1380 407 τοῦ
1405 351 1548 396 σημεῖον
1567 341 1608 392 ἦν
1621 362 1628 369 ·
1648 348 1687 385 τὸ
1703 349 1844 398 ἀγαγεῖν
1863 347 2058 396 Φίλιππον,
2074 350 2176 386 αὐτοῦ
2196 353 2339 397 σημεῖον

274 423 372 462 erat3
393 413 544 450 Paulum
563 409 708 457 adduci,
728 409 802 459 ejus
823 408 966 458 signum
981 415 1074 455 erat3
1093 405 1249 457 seipsum
1320 409 1380 451 ἠν·
1399 407 1438 444 τὸ
1456 408 1596 445 Παῦλον
1613 408 1918 461 προσαγαγέσθαι,
1940 411 2043 446 αὐτοῦ
2063 414 2204 457 σημεῖον
2220 403 2261 452 ἦν
2276 424 2283 431 ·
2302 407 2342 445 τὸ

274 474 452 525 Stephano
471 470 673 518 ostendere,
693 469 766 519 ejus
795 467 938 518 signum
965 475 1050 504 erat.
1071 465 1119 503 Et
1137 464 1251 503 consi·
1275 477 1298 505 D
1322 465 1427 510 δεῖξαι
1445 468 1613 521 Στεφάνῳ
1636 468 1772 515 ἑαυτὸν,
1793 471 1896 506 αὐτοῦ
1917 473 2084 518 εισημεῖον
2103 464 2157 515 ἦν.
2175 468 2245 506 Καὶ
2261 468 2340 506 σκό-

275 534 358 571 dera
373 562 382 578 ‚
405 529 581 581 quomodo
600 529 732 566 Paulus
761 528 966 577 honoretur,
986 525 1164 577 quomodo
1191 539 1252 563 eu·
1322 542 1397 574 πει,
1424 530 1498 570 πῶς
1524 528 1586 578 μὲν
1608 535 1755 578 τιμᾶται
1771 529 1910 571 Παῦλος
1926 557 1936 574 ,
1962 531 2036 572 πῶς
2065 528 2100 566 δὲ
2125 532 2142 566 ὅ
2170 530 2342 580 εὐνοῦχος.

275 593 423 631 nuchus.
446 591 514 627 Hic
532 589 694 627 Christus
715 597 873 641 apparet,
891 589 981 626 forte
1001 587 1047 625 ob
1065 586 1251 636 duritiem,
1322 587 1499 625 Ἐνταῦθα
1523 588 1614 626 καὶὸ
1630 587 1781 640 Χριστὸς
1800 588 1957 639 φαίνεται
1971 588 2075 636 ,ἴσως
2097 588 2154 626 διὰ
2171 589 2210 627 τὸ
2235 591 2344 635 σκλη-

276 655 356 704 quia
383 653 453 690 alio
481 651 588 690 modo
618 665 686 689 non
715 665 904 703 persuasus
931 660 1032 689 esset.
1053 651 1094 688 In
1114 649 1172 687 his
1191 663 1254 687 nos
1328 648 1397 701 ρον,
1424 648 1484 686 καὶ
1508 648 1561 687 ὅτι
1588 652 1648 688 οὒκ
1666 651 1705 687 ἂν
1736 650 1849 692 ἄλλως
1870 649 2024 696 ἐπείσθη.
2047 649 2191 693 Τούτοις
2207 652 2344 702 ἐνστρε-

276 728 416 764 quoque
436 713 616 751 miraculis
632 721 834 761 versantes,
853 726 916 750 nos
934 711 1062 762 dignos
1081 711 1255 748 exhibea-
1326 708 1469 761 φάμενοι
1501 710 1561 748 καὶ
1593 713 1693 761 ἡμεῖς
1725 716 1796 752 τοῖς
1829 709 2014 758 θαύμασιν,
2053 709 2164 753 ἀξίους
2208 709 2345 753 ἑαυτοὺς

278 788 366 811 mus.
397 773 505 811 Multi
533 786 647 821 nunc,
670 772 776 810 etiam
804 772 841 809 in
867 771 1048 809 ecclesiam
1078 769 1227 822 ingressi
1246 799 1256 818 ,
1325 771 1660 822 παρασκευάσωμεν.
1677 771 1807 809 Πολλοὶ
1824 774 1882 808 νῦν
1904 770 1979 808 οὐδὲ
2007 772 2055 814 εἷς
2076 771 2262 817 ἐκκλησίαν
2279 774 2347 810 εἰσ-

278 836 442 886 ignorant
483 848 561 885 quae
600 833 769 872 dicuntur
796 850 804 870 ε
837 834 1020 871 eunuchus
1063 842 1181 870 autem
1224 841 1258 870 et
1330 831 1458 881 ιόντες,
1487 834 1549 871 οὐκ
1575 833 1672 870 ἴσασι
1698 831 1741 868 τὰ
1763 831 1952 883 λεγόμενα·
1974 834 1991 869 ὃ
2016 831 2051 869 δὲ
2079 834 2259 883 εὐνοῦχος,
2289 832 2348 869 καὶ

278 896 315 932 in
346 896 440 945 foro,
465 905 499 933 et
526 895 560 932 in
592 909 698 932 curru
728 903 860 942 vectus,
888 894 1031 932 lectioni
1055 893 1258 945 Scriptura·
1327 896 1382 931 ἐπ’
1401 896 1546 947 ἀγορᾶς,
1567 894 1626 932 καὶ
1644 894 1701 931 ἐπὶ
1721 893 1897 945 ὀχήματος
1910 892 2112 944 φερόμενος,
2133 896 2176 944 τῇ
2196 893 2348 944 ἀναγνώ-

278 970 360 993 rum
378 955 589 993 attendebat.
619 954 691 993 Sed
717 969 782 993 vos
806 969 874 992 non
905 955 991 993 item
1014 970 1021 991 :
1044 968 1145 992 nemo
1164 954 1258 991 enim
1329 971 1381 993 σει
1409 958 1476 993 τῶν
1497 957 1646 1007 Γραφῶν
1672 960 1868 1006 προσεῖχεν.
1891 953 1981 991 Ἀλλ’
2012 955 2075 1006 οὐχ
2099 955 2214 1004 ὑμεῖς·
2242 954 2349 997 οὐδεὶς

278 1026 437 1055 vestrum
462 1017 594 1054 librum
621 1030 695 1068 prae
716 1015 881 1054 manibus
908 1016 1027 1064 habet,
1056 1014 1118 1053 sed
1141 1015 1257 1053 omnia
1328 1016 1397 1069 γὰρ
1429 1018 1525 1066 ὑμῶν
1558 1016 1690 1067 βιέλίον
1723 1015 1796 1067 ἔχει
1829 1014 1918 1065 μετὰ
1948 1019 2086 1067 χεῖρας,
2117 1014 2206 1052 ἀλλὰ
2233 1014 2348 1052 πάντα

279 1078 399 1130 potius
418 1092 525 1128 quam
543 1077 688 1115 librum.
710 1077 783 1114 Cur
801 1085 918 1114 autem
944 1090 1013 1113 non
1034 1075 1128 1114 vidit
1155 1075 1259 1112 illum
1331 1078 1461 1126 μᾶλλον
1483 1075 1504 1122 ἢ
1521 1077 1559 1114 τὸ
1581 1076 1725 1127 βιὲλίον.
1744 1074 1812 1113 Διὰ
1831 1075 1914 1113 τίδὲ
1931 1077 1979 1126 μὴ
1996 1075 2063 1128 πρὸ
2079 1077 2146 1113 τῶν
2159 1074 2350 1126 Ἱεροσολύ-

280 1150 359 1178 ante
379 1140 650 1191 Jerosolymam,
668 1138 730 1176 sed
747 1139 893 1190 postea?
914 1140 993 1176 Non
1013 1137 1195 1190 oportebat
1213 1137 1259 1174 il-
1282 1142 1305 1172 E
1332 1149 1405 1187 μων
1433 1139 1497 1188 ὁρᾷ
1525 1137 1638 1184 αὐτὸν,
1674 1136 1762 1175 ἀλλὰ
1793 1135 1880 1186 μετὰ
1905 1139 2029 1182 ταῦτα,
2055 1138 2132 1173 Οὐκ
2150 1136 2219 1173 ἔδει
2248 1136 2348 1173 αὐτὸν

280 1202 357 1239 lum
378 1201 498 1239 videre
519 1201 640 1252 pulsos
660 1200 851 1252 apostolos,
878 1213 918 1237 eo
946 1198 1041 1249 quod
1062 1198 1178 1236 adhuc
1207 1198 1261 1235 in-
1331 1200 1414 1236 ἰδεῖν
1445 1198 1691 1248 ἐλαυνομένους
1722 1197 1800 1240 τοὺς
1827 1197 2040 1241 ἀποστόλους
2061 1197 2118 1235 διὰ
2146 1197 2185 1235 τὸ
2213 1196 2350 1239 ἀσθενὲς

281 1263 406 1300 firmus
440 1271 526 1299 esset
550 1277 557 1298 :
588 1275 701 1312 neque
726 1261 763 1298 id
783 1270 884 1298 antea
911 1260 960 1297 ita
979 1260 1082 1298 facile
1103 1268 1177 1297 erat
1191 1289 1201 1309 ,
1223 1268 1261 1296 ut
1329 1258 1345 1280 ¹³

281 1338 363 1361 cum
396 1323 568 1375 propheta
598 1323 701 1360 illum
733 1322 900 1361 erudivit.
934 1322 993 1359 Sic
1029 1331 1062 1360 et
1094 1335 1202 1371 nunc,
1232 1321 1261 1358 si
1331 1320 1441 1372 φήτης
1462 1321 1561 1358 αὐτὸν
1591 1319 1804 1371 κατήχησεν.
1827 1318 1930 1356 Οὕτω
1951 1318 2009 1356 καὶ
2031 1322 2105 1366 νῦν,
2125 1318 2155 1355 εἴ
2180 1334 2231 1361 τις
2254 1319 2349 1367 ὑμῶν

280 1384 360 1434 quis
380 1393 537 1421 vestrum
556 1383 634 1421 mlt
651 1382 829 1420 attendere
847 1382 1029 1434 prophetis
1045 1412 1056 1433 ,
1074 1396 1144 1420 non
1173 1395 1262 1434 opus
1331 1381 1442 1419 ἐθέλοι
1468 1381 1652 1434 προσέχειν
1681 1387 1751 1423 τοῖς
1778 1380 1992 1433 προφήταις,
2027 1382 2064 1418 οὗ
2098 1379 2259 1425 δεήσεται
2284 1394 2350 1424 ση-

281 1444 426 1482 habebit
454 1443 576 1495 signis.
596 1443 644 1480 Et
665 1443 694 1480 si
719 1443 830 1482 vultis
850 1442 1155 1493 videamus,·quid
1185 1442 1262 1494 ipsa
1332 1442 1438 1493 μείων
1452 1458 1459 1465 ·
1480 1442 1539 1480 καὶ
1566 1445 1595 1480 εἰ
1617 1441 1779 1492 βούλεσθε
1798 1471 1808 1489 ,
1827 1440 1934 1487 αὐτὴν
1959 1440 2021 1487 τὴν
2039 1440 2253 1493 προφητείαν
2273 1439 2352 1476 ἴδω-

279 1505 465 1557 prophetia
483 1504 603 1542 dicat:
623 1504 727 1543 Sicut
753 1507 834 1541 ovis
861 1505 914 1541 ad
941 1506 1168 1542 occisionem
1193 1504 1262 1540 du·
1332 1520 1393 1554 μεν
1411 1503 1444 1540 τί
1462 1519 1578 1555 φησιν.
1598 1502 1660 1546 Ὡς
1678 1502 1853 1553 πρόέατον
1876 1501 1932 1539 ἐπὶ
1953 1501 2088 1553 σφαγὴν
2109 1501 2221 1553 ἤχθη,
2241 1501 2300 1538 καὶ
2317 1502 2351 1538 ἐν

280 1574 362 1603 ctus
382 1574 438 1603 est
451 1595 463 1612 ,
490 1574 526 1603 et
548 1568 589 1602 in
613 1565 834 1602 humilitate
865 1566 946 1616 ejus
967 1566 1160 1616 judicium
1181 1565 1262 1616 ejus
1329 1569 1372 1616 τῇ
1388 1563 1597 1602 ταπεινώσει
1617 1566 1719 1602 αὐτοῦ
1739 1566 1759 1608 ἧ
1781 1563 1892 1612 κρίσις
1918 1565 2019 1600 αὐτοῦ
2045 1563 2148 1614 ἤρθη.
2169 1564 2350 1600 Ἐντεῦθεν

280 1627 473 1663 sublatum
491 1634 558 1664 est.
580 1625 671 1663 Hinc
698 1624 839 1673 didicit,
859 1624 955 1674 quod
984 1624 1179 1662 crucifixus
1199 1624 1262 1674 sit,
1330 1625 1469 1675 ἔμαθεν,
1497 1625 1549 1662 ὅτι
1578 1623 1800 1677 ἐσταυρώθη,
1826 1623 1879 1660 ὅτι
1901 1623 2036 1674 αἴρεται
2057 1622 2126 1660 ἀπὸ
2151 1626 2213 1669 τῆς
2236 1625 2299 1674 γῆς
2328 1625 2350 1668 ἡ

281 1687 376 1738 quod
397 1687 542 1725 tollatur
567 1686 610 1724 de
629 1696 723 1723 terra
743 1685 817 1724 vita
843 1686 919 1736 ejus
934 1715 943 1733 ,
964 1685 1060 1735 quod
1080 1694 1264 1737 peccatum
1330 1684 1400 1731 ζωὴ
1429 1687 1554 1731 αὐτοῦ,
1580 1684 1633 1722 ὅτι
1662 1683 1835 1735 ἁμαρτίαν
1857 1687 1917 1722 οὐκ
1947 1684 2121 1730 ἐποίησεν,
2147 1682 2200 1721 ὅτι
2228 1683 2353 1735 ἴσχυσε

280 1762 349 1786 non
370 1748 510 1796 fecerit,
527 1746 622 1797 quod
640 1746 796 1798 potuerit
813 1754 847 1782 et
873 1745 961 1783 alios
981 1759 1120 1783 servare
1138 1776 1147 1793 ‚
1167 1745 1262 1795 quod
1274 1778 1320 1803 159
1331 1745 1390 1783 καὶ
1408 1744 1543 1796 ἐτέρους
1563 1747 1698 1793 σῶσαι,
1719 1744 1773 1783 ὅτι
1795 1748 1816 1791 ἦ
1835 1743 1936 1796 γενεὰ
1960 1745 2063 1781 αὐτοῦ
2084 1743 2352 1794 ἀνεκδιήγητος,

279 1807 456 1858 generatio
475 1807 550 1858 cjus
570 1806 615 1843 sit
633 1804 892 1853 inenarrabilis,
910 1805 1006 1855 quod
1024 1814 1130 1856 petrae
1147 1805 1262 1842 scissae
1285 1817 1308 1843 A
1332 1806 1385 1843 ὅτι
1409 1805 1536 1857 πέτραι
1555 1805 1764 1857 ἐῤῥάγησαν,
1782 1804 1835 1842 ὅτι
1853 1805 1892 1843 τὸ
1910 1804 2169 1854 καταπέτασμα
2186 1804 2329 1855 ἐσχίσθη
2342 1833 2352 1852 ,

279 1869 363 1917 sint⁷
382 1868 477 1919 quod
492 1868 611 1907 velum
636 1866 786 1904 scissum
801 1865 860 1915 sit,
884 1865 981 1915 quod
1000 1866 1131 1903 mortui
1148 1879 1193 1903 ex
1211 1879 1265 1903 se-
1332 1868 1384 1904 ὅτι
1412 1866 1525 1919 νεκροὶ
1552 1868 1591 1904 ἐκ
1618 1869 1686 1903 τῶν
1709 1865 1886 1916 μνημείων
1917 1864 2132 1918 ἠγέρθησαν·
2156 1866 2287 1916 μᾶλλον
2318 1863 2354 1902 δὲ

279 1930 414 1982 pulcris
438 1929 695 1968 resurrexerint
713 1944 720 1964 τ
742 1927 813 1965 imo
852 1927 928 1965 haec
961 1927 1080 1965 omnia
1110 1927 1205 1965 dixit
1233 1927 1265 1965 ei
1333 1931 1443 1964 ταῦτα
1462 1926 1577 1965 πάντα
1594 1920 1687 1965 εἶπεν
1706 1929 1799 1978 αὐτῷ
1816 1930 1833 1964 ὃ
1849 1925 2050 1972 Φίλιππος,
2071 1925 2172 1976 μόνον
2193 1925 2353 1964 ὑπόθεσιν

279 1991 482 2043 Philippus,
510 2004 554 2028 ex
578 1988 752 2042 propheta
779 1997 896 2025 sumta
917 1987 1112 2025 occasione.
1132 1989 1264 2039 Magna
1333 1988 1450 2026 λαὸὼν
1468 1988 1610 2026 ἀπὸτοῦ
1629 1987 1819 2040 προφήτου.
1835 1987 1939 2037 Μέγα
1955 1987 2059 2030 ὅντως
2078 1991 2100 2033 ἡ
2116 1990 2184 2025 τῶν
2207 1988 2355 2039 Γραφῶν

281 2066 335 2090 res
352 2052 508 2104 profecto
526 2061 579 2090 est
591 2050 860 2102 Scripturarum
884 2048 1000 2086 lectio.
1018 2049 1073 2086 Ita
1092 2048 1265 2101 impleba-
1336 2049 1538 2100 ἀνάγνωσις.
1576 2047 1698 2092 Οὕτως
1729 2049 1839 2087 ἐκεῖνο
1869 2049 2061 2099 ἐπληροῦτο
2094 2048 2133 2085 τὸ
2166 2047 2263 2099 παρὰ
2299 2051 2359 2085 τοῦ

281 2122 340 2150 tur
360 2111 451 2150 illud
470 2126 489 2148 a
505 2114 632 2163 Moyse
650 2110 788 2147 dictum
803 2124 810 2145 :
830 2109 986 2155 Sedens,
1005 2112 1047 2146 in
1069 2109 1166 2147 lecto
1202 2123 1265 2147 cu-
1335 2109 1513 2153 Μωῦσέως
1528 2109 1708 2160 εἰρημένον
1723 2125 1730 2133 ·
1748 2109 1984 2159 Καθεζόμενος
1998 2139 2008 2156 ,
2023 2108 2083 2146 καὶ
2098 2108 2359 2158 κοιταζόμενος,

284 2175 393 2218 bans,
416 2184 635 2222 exsurgens,
661 2178 697 2207 et
723 2169 946 2214 ambulans,
966 2169 1169 2205 recordare
1183 2170 1267 2206 Do-
1293 2168 1296 2171 ’
1334 2170 1393 2207 καὶ
1415 2171 1693 2220 διανιστάμενος,
1714 2171 1773 2208 καὶ
1801 2173 2016 2222 περιπατῶν,
2048 2168 2206 2220 μέμνησο
2230 2168 2359 2221 Κυρίου

282 2235 378 2270 mini
391 2233 467 2269 Dei
487 2234 554 2269 tui.
571 2230 731 2268 Maxime
749 2242 902 2278 namque
924 2228 990 2266 viae
1021 2242 1102 2265 cum
1123 2228 1267 2266 desertae
1334 2234 1393 2266 τοῦ
1409 2232 1501 2268 Θεοῦ
1522 2246 1594 2267 σου.
1616 2231 1782 2268 Μάλιστα
1798 2230 1865 2281 γὰρ
1882 2233 1916 2267 αἱ
1933 2229 2022 2276 ὁδοὶ,
2038 2229 2119 2267 ὅταν
2134 2223 2357 2281 ἔρημοιῶσι,

283 2301 363 2329 sunt
377 2321 388 2341 ,
408 2290 682 2342 cogitationibus
702 2287 831 2326 nostris
855 2287 942 2324 dant
969 2287 1102 2334 locum,
1130 2288 1269 2326 nemine
1335 2290 1394 2327 καὶ
1423 2290 1507 2342 πρὸς
1532 2289 1592 2333 τὰς
1611 2294 1625 2310 ²¹
1639 2290 1768 2332 ἐννοίας
1794 2293 1878 2339 ἡμῖν
1902 2290 2022 2340 καιρὸν
2043 2290 2208 2337 διδόασιν,
2229 2290 2361 2333 οὐδενὸς

282 2351 524 2403 perturbante.
545 2349 594 2387 Et
622 2348 682 2385 hic
715 2348 751 2385 in
773 2347 831 2384 via
859 2346 985 2392 credit,
1015 2356 1049 2385 et
1070 2348 1203 2386 Paulus
1230 2348 1265 2386 in
1335 2351 1429 2393 ὄντος
1448 2356 1507 2389 τοῦ
1524 2352 1831 2402 παρενοχλοῦντος.
1851 2350 1922 2388 Καὶ
1936 2344 2032 2392 οὗτος
2049 2351 2084 2386 ἐν
2097 2351 2164 2402 ὁδῷ
2181 2350 2357 2397 πιστεύει,

283 2412 365 2460 via3
395 2410 456 2449 sed
485 2411 580 2448 hunc
607 2422 709 2447 nemo
733 2407 843 2445 trahit
863 2407 931 2445 nisi
952 2408 1126 2446 Christus.
1149 2410 1268 2461 Majus
1336 2411 1395 2448 καὶ
1414 2413 1553 2453 Παῦλος
1573 2414 1606 2449 ἐν
1629 2411 1696 2462 ὁδῷ
1709 2427 1716 2434 ·
1740 2410 1830 2447 ἀλλὰ
1849 2415 1968 2448 τοῦτον
1988 2411 2095 2452 οὐδεὶς
2113 2409 2225 2457 ἕλκει,
2247 2412 2322 2448 ἀλλ’
2341 2414 2359 2448 ὃ

283 2474 351 2511 hoc
379 2482 476 2521 erat,
508 2486 614 2522 quam
641 2469 738 2521 quod
764 2469 915 2521 apostoli
941 2469 1122 2507 facerent:
1154 2471 1270 2522 majus
1337 2471 1497 2522 Χριστός.
1519 2473 1645 2515 Μεῖζον
1673 2470 1695 2516 ἢ
1729 2470 1821 2508 κατὰ
1843 2469 1920 2514 τοὺς
1941 2469 2152 2513 ἀποστόλους
2172 2474 2273 2508 τοῦτο
2291 2465 2333 2516 ἦν
2350 2486 2357 2493 ·

284 2548 367 2571 vero
389 2532 500 2583 quod,
531 2545 612 2568 cum
644 2529 795 2582 apostoli
814 2528 1046 2580 jerosolymis
1067 2538 1178 2567 essent
1192 2559 1203 2580 ,
1237 2539 1269 2568 et
1336 2532 1375 2569 τὸ
1398 2532 1433 2570 δὲ
1454 2535 1581 2582 μεῖζον,
1600 2531 1735 2569 ὅτιτῶν
1755 2531 1957 2569 ἀποστόλων
1978 2531 2083 2568 ὄντων
2106 2533 2139 2568 ἐν
2161 2530 2359 2584 Ἱεροσολύ-

284 2607 328 2631 ex
351 2593 407 2630 his
426 2591 547 2629 nullus
576 2599 667 2628 esset
697 2588 884 2637 Damasci,
904 2588 1035 2625 isthinc
1061 2588 1168 2627 rediit
1188 2604 1266 2627 cre—
1291 2604 1312 2633 Β
1339 2608 1413 2641 μοις
1429 2622 1438 2637 ,
1478 2592 1537 2629 καὶ
1565 2591 1698 2634 οὐδενὸς
1732 2592 1827 2635 ὄντος
1857 2593 1896 2628 ἐκ
1923 2590 2053 2628 τούτων
2084 2594 2118 2629 ἐν
2152 2594 2360 2643 Δαμασκῷ,

283 2654 368 2691 dens
387 2669 394 2689 ε
417 2661 450 2690 et
468 2651 530 2703 qui
550 2649 718 2689 Damasci
737 2658 835 2687 crant
848 2678 859 2697 ,
881 2648 1038 2686 sciebant
1056 2649 1182 2701 ipsum
1199 2664 1268 2688 non
1338 2652 1481 2703 ἐπανῄει
1502 2655 1627 2690 ἐκεῖθεν
1647 2652 1816 2695 πεισθείς·
1839 2651 1898 2688 καὶ
1914 2653 1944 2688 οἱ
1966 2653 2000 2689 ἐν
2019 2654 2202 2704 Δαμασκῷ
2219 2651 2360 2701 ᾔδεσαν,

284 2714 516 2766 Jerosolymis
543 2713 682 2751 Venisse
714 2724 946 2764 persuasum3
975 2710 1140 2761 epistolas
1175 2712 1269 2750 enim
1338 2713 1389 2750 (ζ’-,ι
1408 2714 1470 2751 οὐκ
1491 2714 1560 2752 ἀπὸ
1579 2713 1828 2765 Ἱεροσολύμων
1847 2707 1932 2759 ἦλθε
1951 2712 2180 2761 πεπεισμένος
2193 2728 2200 2735 ·
2221 2713 2360 2751 ἐπιστο-

283 2775 429 2821 ferebat,
449 2783 488 2810 ut
507 2772 687 2811 credentes
712 2771 850 2822 ligaret.
876 2770 977 2808 Sicut
999 2769 1158 2808 medicus
1177 2772 1269 2823 opti·
1338 2773 1401 2817 λὲς
1415 2773 1482 2825 γὰρ
1503 2773 1634 2825 ἔφερεν,
1652 2772 1744 2811 ὥστε
1758 2774 1861 2819 δῆσαι
1888 2772 1966 2816 τοὺς
1981 2771 2218 2814 πιστεύοντας.
2239 2772 2361 2810 Καθά-

285 2850 376 2884 mus,
386 2835 463 2886 jam
478 2833 618 2884 vigente
631 2831 742 2879 febre,
760 2844 864 2882 opem
880 2829 935 2866 illi
950 2830 1070 2867 attulit
1085 2830 1267 2869 Christus:
1338 2849 1404 2885 περ
1428 2835 1545 2886 ἰατρὸς
1564 2835 1721 2886 ἄριστος,
1750 2834 1962 2883 ἀκμάζοντος
1977 2833 2028 2870 ἔτι
2046 2836 2106 2869 τοῦ
2126 2835 2274 2885 πυρετοῦ
2289 2861 2299 2879 ,
2322 2832 2364 2870 τὸ

284 2895 468 2948 oportebat
498 2894 592 2931 enim
613 2906 695 2930 eum
718 2892 754 2928 in
774 2891 850 2942 ipso
868 2890 986 2927 furore
1005 2891 1267 2942 comprehendi.
1341 2895 1503 2945 βοήθημα
1525 2897 1618 2946 αὗτῷ
1645 2894 1818 2944 ἐπήγαγεν
1839 2897 1857 2931 ὃ
1875 2892 2038 2944 Χριστός·
2069 2892 2137 2930 ἔδει
2163 2893 2231 2943 γὰρ
2259 2892 2361 2930 αὐτὸν

286 2960 317 2996 T
322 2972 389 2994 unc
415 2956 571 2994 maxime
589 2952 738 3002 decidjt‚
759 2966 800 2989 ac
820 2951 976 3002 seipsum
1004 2951 1266 3004 condemnavit,
1341 2954 1469 3003 μεταξὺ
1496 2954 1701 3005 μαινόμενον
1726 2957 1997 3005 κατασχεθῆναι.
2018 2952 2109 2990 Τότε
2131 2953 2283 3003 μάλιστα
2304 2969 2363 2991 κα-

284 3028 322 3055 ut
341 3017 402 3068 qui
422 3016 544 3068 gravia
566 3021 779 3052 attentasset.
798 3011 870 3049 Sed
887 3025 1031 3049 rursum
1046 3026 1159 3064 opcrae
1177 3028 1269 3064 prae-
1339 3014 1483 3062 τέπεσε,
1512 3015 1571 3052 καὶ
1597 3015 1753 3065 κατέγνω
1787 3016 1927 3060 ἑαυτοῦ,
1961 3015 2007 3054 ὡς
2036 3013 2129 3050 δεινὰ
2153 3015 2361 3063 τολμῶντος.

282 3080 372 3117 tium
385 3077 488 3115 fuerit
505 3088 698 3115 sermonem
713 3086 900 3110 resumere.
917 3072 1003 3121 Cur,
1022 3086 1151 3121 quaeso,
1167 3073 1268 3110 Scri—
1341 3075 1445 3113 Ἀλλὰ
1458 3076 1563 3114 πάλιν
1579 3075 1684 3113 καλὸν
1707 3075 1792 3126 πρὸς
1810 3077 1900 3125 ὑμᾶς
1919 3074 1975 3112 τὸν
1992 3073 2091 3124 λόγον
2116 3075 2361 3112 ἐπαναλαέεῖν.

283 3139 420 3191 pturae‘?
439 3136 544 3184 Quod
564 3135 609 3174 ad
628 3148 691 3173 vos
710 3141 858 3185 spectat,
878 3131 994 3169 onmia
1015 3132 1153 3169 sublata
1173 3142 1266 3171 sunt.
1340 3136 1443 3179 Τίνος
1464 3135 1591 3184 ἕνεκεν,
1609 3135 1685 3173 εἰπέ
1705 3150 1781 3185 μοι,
1802 3137 1837 3172 αἱ
1856 3131 2016 3186 Γραφαί,
2037 3133 2089 3171 Τὸ
2109 3134 2177 3186 γὰρ
2197 3134 2360 3186 ὑμέτερον

283 3202 354 3237 Cin*
376 3199 544 3237 ecclesia.D
568 3197 692 3234 Libros
721 3193 888 3232 suffodito
909 3209 916 3229 :
938 3194 1027 3230 forte
1046 3207 1114 3231 non
1132 3194 1200 3231 tale
1210 3195 1266 3246 ju·
1343 3196 1464 3247 μέρος,
1495 3197 1610 3235 πάντα
1648 3195 1833 3247 ἀνῄρηται.
1867 3194 1969 3238 Τίνος
1995 3194 2108 3233 ἕνεκεν
2141 3194 2358 3242 ὓέκκλησία,

1353 1259 1420 1297 ἔτι·
1446 1260 1521 1298 οὐδὲ
1544 1259 1712 1312 πρότερον
1731 1258 1838 1302 οὕτως
1859 1253 1900 1304 ἦν
1921 1257 2072 1306 εὔκολον,
2090 1261 2135 1301 ὡς
2154 1258 2210 1296 ὅτε
2230 1262 2247 1296 ὁ
2264 1273 2352 1310 προ-

324 3332 336 3346 n
354 3322 445 3353 Unus
458 3320 542 3353 Cod.
562 3328 680 3363 σημεῖον
697 3324 741 3357 ἦν,
758 3324 813 3364 ὅρα
828 3327 888 3356 πῶς
901 3322 957 3360 μὲν
973 3327 1110 3361 τιμᾶται.
1391 3331 1402 3344 ³
1420 3320 1533 3353 Morel.
1550 3326 1657 3359 ἐννοίας
1670 3326 1752 3363 ἡμῶν
1769 3326 1881 3365 καιρόν.

327 3376 341 3399 b
358 3374 450 3407 Unus
466 3372 549 3405 Cod.
568 3378 610 3406 ε”τι
627 3384 631 3389 ·
653 3375 700 3405 οὐκ
715 3375 748 3408 ἦν
765 3374 891 3408 εὔκολος.
913 3374 926 3405 ὲ
944 3376 1000 3415 γὰρ
1019 3378 1180 3416 προφήτης.
1391 3374 1407 3397 1,
1423 3377 1581 3414 ἐκκλησίας
1598 3376 1682 3412 δῆσον
1698 3378 1737 3406 τὸ.
1752 3376 1865 3415 βιέλὶα,
1884 3372 1928 3403 sic
1947 3382 2040 3407 uuus,
