2466 3805
659 249 704 278 ΙΝ
744 250 854 278 ACTA
893 246 1215 278 AI'OSTOLORUM
1226 266 1235 275 .

83 332 122 370 τὸ
142 331 259 384 θηρίον
275 334 444 384 τιμῶμεν,
459 333 518 371 καὶ
539 333 615 376 τοὺς
637 335 862 386 μαινομένους
886 338 965 386 γοῦν
994 336 1102 384 τιμῶ·

84 409 158 442 μεν,
177 393 258 431 ὅταν
288 393 521 443 ἐκκλίνωμεν,
546 397 719 446 Οὐδαμῶς
737 411 744 418 ·
767 395 890 445 ἀτιμία
909 393 1008 432 τοῦτό
1028 396 1102 431 ἐστι

82 453 140 490 καὶ
170 453 289 505 ῧὲρις·
312 455 442 504 μᾶλλον
472 454 507 492 δὲ
540 457 602 493 οὐκ
633 456 756 506 ἀτιμία
787 456 844 494 καὶ
876 455 993 506 ὕὸρις,
1024 455 1100 491 ἀλλ’

81 513 176 556 ἔλεος
203 513 262 551 καὶ
283 514 536 566 φιλανθρωπία.
554 517 633 567 Οὐχ
652 519 732 568 ὁρᾷς
750 515 828 559 τοὺς
856 515 1000 559 ναύτας,
1019 514 1101 552 ὅταν

1274 247 1430 277 nomn„
1468 247 1593 277 XXXI·
2064 248 2147 293 271

1171 346 1261 370 mus.
1278 333 1332 370 Ne
1351 341 1453 385 putes
1478 333 1548 371 hoc
1565 333 1736 370 honorem
1754 343 1827 368 esse
1843 343 1851 366 :
1868 328 2026 379 alioquin
2045 330 2158 367 feram

1171 393 1401 442 honoramus,
1418 404 1451 432 et
1480 395 1632 432 furentes
1648 392 1801 445 proinde
1819 391 2057 437 honoramus,
2075 405 2157 428 cum

1169 453 1411 492 declinamus?
1428 455 1578 492 Minime
1595 470 1602 490 :
1618 452 1813 503 ignominia
1828 452 1896 489 hoc
1911 460 1962 488 est
1978 460 2012 488 et
2030 461 2155 488 contu-

1170 516 1299 564 melia;
1321 516 1393 553 imo
1410 530 1479 553 non
1500 515 1694 566 ignominia
1709 523 1742 551 et
1762 513 1988 559 contumelia,
2007 512 2067 549 sed
2087 514 2156 550 mi-

82 574 226 626 σφοδρὸν
242 574 418 626 ἐμπνεύσῃ
436 575 475 613 τὸ
487 580 642 626 πνεῦμα,
657 580 906 627 καθαιροῦντας
920 575 964 613 τὰ
982 574 1076 612 ἱστία
1089 600 1156 626 ‚245
1170 575 1361 613 sericordia
1372 585 1404 613 et
1413 576 1624 626 benignitas.
1641 576 1718 612 Non
1734 573 1835 612 vides
1854 581 1992 620 nautas,
2011 573 2155 623 quando

80 633 170 672 ὥστε
190 634 238 685 μὴ
255 637 450 675 καταδῦσαι
465 636 504 674 τὸ
523 637 670 688 σκάφος
684 636 762 680 τοὺς
779 636 905 678 ἵππους
919 635 1000 673 ὅταν
1016 650 1099 672 συν-
1120 636 1146 664 Α
1170 637 1394 674 vehementer
1414 638 1476 674 ssat
1493 646 1632 685 ventus,
1649 635 1833 673 demittere
1846 634 1939 681 mla,
1956 648 1999 671 ne
2011 634 2132 672 demer
2136 658 2155 663 -

81 696 266 747 αρπάσωσι
287 698 343 735 τὸν
365 697 823 748 ἐπιὸάτην,γσυνενδιδο’ντα,
840 697 900 734 καὶ
924 699 961 733 οὐ
976 695 1100 733 καθέλ-

80 772 201 805 κοντα,
218 756 274 795 ἵνα
295 757 342 807 μὴ
361 757 562 807 αὐτομάτως
579 759 712 808 κενώσῃ
732 757 795 803 τὴν
812 756 954 806 δύναμιν
964 771 975 802 ;

130 880 244 915 Τοῦτο
265 878 323 915 καὶ
349 877 389 914 σὺ
410 877 565 924 ποίησον.
586 880 664 929 Πῦρ
691 878 784 915 ε’στιν
815 880 832 914 ὁ
860 876 982 926 θυμὸς,
1014 875 1098 927 φλόξ

77 940 171 977 ἔστιν
197 938 289 982 ὀξεῖα
315 938 458 989 δεομένη
478 937 580 985 ὕλης·
604 938 652 988 μὴ
673 938 860 991 παράσχῃς
887 936 949 983 τὴν
967 935 1096 988 τροφὴν

75 1000 126 1049 τῷ
145 997 249 1050 πυρὶ,
277 997 336 1035 καὶ
356 997 492 1049 ταχέως
517 997 661 1039 ἔσὲεσας
693 995 732 1033 τὸ
762 995 881 1033 κακόν.
916 997 992 1033 Οὐκ
1023 995 1097 1046 ἔχει

76 1060 153 1096 καθ’
174 1058 299 1105 ἑαυτὴν
315 1058 413 1111 ἷσλὺν
432 1063 453 1105 ἡ
477 1058 581 1110 ὀργὴ,
597 1057 636 1095 ἂν
657 1057 705 1107 μὴ
722 1056 836 1107 ἕτερος
852 1059 869 1094 ὁ
885 1055 1020 1107 τρέφων
1037 1058 1096 1093 αὐ-

75 1118 138 1165 τὴν
155 1114 188 1170 ᾗ.
211 1120 369 1170 Οὐδεμία
389 1119 442 1158 σοί
466 1121 558 1157 ἐστιν
579 1118 760 1169 ἀπολογία.
780 1117 933 1160 Ἐκεῖνος
951 1117 1098 1168 κατέχε-

75 1195 134 1217 ται
167 1183 210 1232 τῇ
252 1179 380 1233 μανίᾳ,
409 1180 468 1218 καὶ
488 1183 548 1218 οὐκ
566 1173 636 1217 οἶδε
670 1179 704 1216 τί
729 1184 838 1216 ποιεῖ·
868 1178 908 1216 σὺ
928 1181 1094 1229 ἃθεωρῶν

76 1239 191 1285 αὐτὸν,
210 1241 291 1278 ὅταν
311 1245 382 1283 τοῖς
407 1242 521 1284 αὐτοῖς
537 1239 728 1292 περιπέσῃς
741 1270 750 1287 ,
764 1239 823 1277 καὶ
842 1237 929 1289 μηδὲ
949 1238 982 1282 ἐξ
1003 1237 1095 1276 ἐκεί-

74 1315 132 1338 νου
148 1305 396 1354 σωφρονισθῃς,
415 1301 498 1338 ποία
519 1317 558 1338 συ
561 1300 722 1353 γγνώυ.η
715 1331 724 1347 ,
738 1301 829 1338 Εἶεν
847 1299 1030 1352 συμποσίω
1045 1315 1097 1342 τις

73 1378 112 1412 γε
115 1377 254 1412 ,ιομενος
264 1363 340 1400 τινα
354 1365 389 1401 ἐν
403 1362 611 1435 προθύροις
600 1363 662 1400 teo:
678 1361 846 1412 μεθύοντα
863 1361 921 1399 καὶ
937 1364 1096 1412 ἀσχημο-

74 1426 219 1468 νοῦντα,
252 1426 326 1459 εἶτα
359 1437 417 1459 και
451 1422 552 1465 αὐτὸς
581 1427 651 1463 τοῖς
685 1420 814 1471 ὁμοίοις
844 1419 1038 1473 περιπέσῃ,
1059 1422 1097 1457 οὐ

73 1483 192 1519 πολλω
210 1484 341 1532 μαλλον
372 1484 447 1532 μετ
473 1483 603 1519 ἐκεῖνον
631 1481 766 1530 μεθύων
794 1480 882 1531 ἀσύγ
884 1495 1034 1532 γνωστος
1056 1480 1098 1518 ἂν

74 1542 149 1588 εἴη·
142 1573 151 1590 ,
171 1543 276 1581 Οὕτω
304 1543 363 1581 καὶ
382 1547 545 1582 ἐνταῦθα·
569 1542 616 1594 μὴ
634 1542 831 1593 νομίζωμεν
860 1558 946 1579 ειναι
966 1543 1091 1580 ἀπολο-

73 1603 150 1654 γίαν
179 1604 218 1642 τὸ
250 1604 376 1656 λέγειν,
414 1604 466 1642 ὅτι
494 1606 555 1641 οὐκ
590 1602 657 1654 ἐγω
686 1603 862 1654 κατ’ἧρξα·
885 1619 986 1641 τουτο
1016 1604 1093 1640 καθ’

72 1666 172 1714 ἡμῶν
193 1667 298 1712 ἐστιν,
314 1665 366 1703 ὅτι
382 1664 470 1715 μηδὲ
484 1667 611 1702 ἐκεῖνον
628 1664 754 1707 ἰδόντες
773 1663 1073 1716 ἐσωφρονίσθημεν
1087 1678 1095 1686 ·

73 1724 192 1778 ὥσπερ
213 1725 252 1763 ἂν
274 1726 364 1763 εἴποι
382 1743 453 1773 τις,
475 1727 537 1763 οὐκ
557 1724 625 1775 ἐγὼ
657 1724 823 1776 ἐφόνευσα
853 1728 1002 1777 πρῶτος.
1028 1723 1096 1761 Διὰ

74 1784 141 1837 γὰρ
155 1791 254 1824 τοῦτο
272 1787 448 1831 κολάσεως
465 1781 496 1824 εἷ
522 1786 614 1830 ἄξιος
629 1816 638 1834 ,
656 1785 708 1823 ὅτι
737 1785 825 1836 μηδὲ
854 1788 900 1828 εἷς
919 1786 958 1823 τὸ
976 1785 1095 1837 παρά-

75 1847 200 1898 δειγμα
231 1846 311 1884 ἰδὼν
344 1847 489 1899 ἐπέσχες
519 1846 656 1885 σαυτόν.
679 1847 725 1884 Εἰ
754 1846 838 1889 ἴδοις
869 1847 1019 1896 ἓμοῧντα
1037 1845 1094 1883 τὸν

76 1906 301 1957 μεθύοντα,
283 1908 537 1959 οιασπώμενον,
555 1906 860 1959 διαρρηγνύμενον,
876 1906 953 1949 τους
974 1908 1097 1957 ὀφθαλ-

74 1966 160 2018 μοὺς
178 1968 304 2021 ἔχοντα
324 1969 587 2019 διατεταμένους
601 1997 610 2014 ,
632 1967 847 2019 ἀκαθαρσίας
875 1967 936 2014 ’.τὶ-ν
966 1967 1096 2019 τράπε·
1116 1980 1140 2010 c

74 2030 134 2073 ζαν
165 2031 385 2081 πληρουντα,
421 2029 512 2067 πάντ
516 2045 554 2071 ας
584 2028 684 2066 αὐτον
723 2027 995 2080 ἀποφεύγοντας,
1022 2031 1096 2065 εἶτα

73 2095 144 2132 τοῖς
175 2092 288 2132 αυτοῖς
320 2107 362 2127 πε
349 2090 532 2142 εριπέσῃς,
553 2088 632 2140 οὐχι
667 2089 797 2139 μαλλον
834 2088 896 2139 ἔσῃ
926 2088 1094 2138 μισητός;

73 2150 238 2193 Τοιοῦτός
257 2152 330 2189 ἐστι
345 2150 405 2188 καὶ
423 2154 440 2188 ὃ
460 2150 676 2201 ὀργιζόμενος
691 2165 699 2172 ·
721 2148 736 2169 ¹³
752 2151 882 2199 μᾶλλον
897 2153 956 2187 τοῦ
976 2152 1096 2199 ἐμοῦν-

72 2226 130 2253 τος
152 2211 313 2249 διατείνει
332 2211 393 2255 τὰς
408 2211 554 2263 φλέὲας,
575 2216 677 2263 πυροῐ
691 2209 769 2254 τοὺς
788 2208 1004 2262 ὀφθαλμοὺς,
1020 2210 1095 2247 δια-

74 2279 205 2311 σπᾶται
218 2273 260 2310 τὰ
275 2273 462 2324 σπλάγχνα
472 2301 482 2319 ,
499 2273 576 2321 ἐμεῖ
594 2273 713 2322 πολλῷ
735 2271 876 2322 ῥήματα
891 2274 952 2317 τῆς
966 2273 1095 2323 τροφῆς

73 2332 204 2379 ἐκείνης
224 2332 484 2383 ἀκαθαρτότερα
496 2362 505 2378 ,
519 2331 744 2382 ἀδιαμᾶσητα
756 2331 872 2369 πάντα
890 2330 1074 2382 φθέγγεται
1084 2360 1094 2377 ,

73 2392 167 2431 οὐδὲν
186 2393 479 2447 κατειργασμένον
496 2396 557 2441 (οὐ
576 2394 642 2445 γὰρ
658 2393 800 2445 ἀφίησιν
820 2395 837 2430 ὁ
853 2391 998 2442 θυμός)·
1015 2394 1091 2430 ἀλλ’

72 2453 191 2505 ὥσπερ
221 2456 292 2492 ἐκεῖ
318 2455 486 2498 πολλάκις
508 2454 659 2507 ἀμετρία
691 2455 812 2506 χυμῶν
840 2453 1093 2505 διενοχλῆσασα

73 2514 130 2552 τὸν
158 2515 348 2566 στόμαχον,
380 2515 495 2552 πάντα
528 2515 695 2553 ἐκένωσεν
708 2531 715 2537 ·
745 2513 834 2552 οὕτω
854 2515 914 2552 καὶ
946 2516 1094 2552 ἐνταῦθα

73 2575 224 2627 ἀμετρία
254 2576 464 2626 θερμότητος
491 2575 745 2627 διενοχλήσασα
774 2575 837 2622 τὴν
873 2575 1003 2627 ψυχὴν,
1032 2578 1095 2614 οὐκ

73 2636 198 2688 ἀφίησι
220 2635 353 2687 στέγειν
374 2636 395 2673 ἂ
412 2643 509 2688 σιγᾷν
529 2636 647 2684 καλὸν,
669 2636 757 2675 ἀλλὰ
774 2635 862 2689 ῥητὰ
880 2636 939 2674 καὶ
959 2636 1094 2689 ἅῤῥητα
1114 2642 1138 2671 D

72 2697 188 2748 λέγει,
215 2697 292 2748 οὐχὶ
319 2697 395 2740 τοὺς
421 2697 624 2744 ἀκούοντας,
652 2699 727 2735 ἀλλ’
760 2698 880 2736 ἑαυτὸν
908 2698 1092 2750 αἰσχύνων.

71 2757 212 2810 υῼσπερ
233 2752 290 2796 οἶν
311 2759 380 2797 ἀπὸ
406 2762 474 2796 τῶν
507 2758 681 2808 ἐμούντων
713 2758 894 2810 φεύγομεν,
918 2759 1007 2798 οὕτω
1035 2759 1094 2798 καὶ

73 2818 141 2856 ἀπὸ
159 2821 224 2856 τῶν
242 2819 483 2872 ὀργιζομένων.
504 2819 551 2857 Τί
570 2823 766 2867 ποιοῦντες
789 2819 890 2857 Κόνιν
913 2821 1094 2858 ἐπιὸάλω-

74 2894 135 2928 μεν
156 2880 267 2917 αὐτῶν
287 2883 337 2932 τῷ
357 2880 488 2932 ἐμέτῳ,
509 2884 671 2931 σιγῶντες
689 2880 768 2923 τοὺς
786 2880 890 2923 κύνας
912 2882 1092 2931 καλῶμεν,

73 2938 163 2977 ὥστε
193 2939 280 2976 αὐτὰ
309 2948 522 2993 καταφαγεῖν
544 2940 588 2978 τὰ
609 2940 786 2992 ε’μεθέντα.
807 2935 899 2979 Οἶδα
928 2941 980 2979 ὅτι
1013 2957 1094 2979 ναυ-

73 3006 170 3037 τιᾶτε
200 2999 398 3043 ἀκούοντες·
420 3004 496 3039 ἀλλ’
527 3001 610 3041 ὅταν
644 3005 746 3053 ὁρᾶτε
768 3005 880 3039 ταῦτα
905 3002 1092 3052 γινόμενα,

77 3058 246 3109 βούλομαι
270 3064 371 3097 τοῦτο
394 3065 515 3099 παθεῖν
546 3064 659 3112 ὑμᾶς,
683 3061 774 3099 ἀλλὰ
806 3061 854 3112 μὴ
877 3062 1019 3108 ἥδεσθαι
1041 3066 1090 3115 τῷ

74 3119 268 3172 πράγματι.
286 3120 574 3175 Ἀκαθαρτότερος
597 3126 614 3161 ὁ
635 3123 801 3173 ὑδριστὴς
829 3127 888 3161 τοῦ
908 3124 1006 3167 κυνὸς
1032 3130 1092 3163 τοῦ

74 3181 337 3232 ἐπιστρέφοντος
369 3181 447 3219 εεῖπὶ
475 3183 531 3221 τὸν
555 3185 678 3222 ἑαυτοῦ
708 3184 841 3234 ἔμετον.
868 3186 913 3222 Εἰ
937 3184 1000 3234 μὲν
1021 3183 1089 3236 γὰρ

119 3315 132 3329 ⁹
148 3303 262 3336 Morcl.
282 3303 368 3335 male
391 3310 506 3347 θεωρῶν
522 3310 622 3346 αὐτήν.
639 3307 701 3339 Alii
718 3313 835 3354 θεωρῶν
851 3313 949 3343 αὐτὸν.

120 3358 137 3381 b
153 3354 297 3396 Quidam
311 3359 429 3397 μᾶλλον
446 3359 475 3389 δὲ
492 3364 580 3391 πλέον
596 3364 648 3392 τοῦ
663 3364 813 3401 ἐμοῦντος.

118 3419 131 3432 ⁶
150 3408 220 3449 [ἐπὶ
241 3412 290 3442 τὸν
314 3414 420 3443 σαυτοῦ
436 3409 553 3443 Montf.
572 3418 646 3452 post
664 3411 825 3445 Commel.
845 3411 1041 3456 Recepimus
1063 3424 1080 3444 c

1169 706 1273 746 gatur
1311 712 1379 735 nax
1371 698 1437 734 15⁰
1475 698 1629 747 equitem
1659 710 1728 733 non
1760 695 1882 744 vides,
1914 709 1994 733 cum
2023 695 2157 747 abripit

1167 769 1299 805 equus,
1323 757 1504 794 cedentem
1537 770 1601 794 nec
1630 756 1851 803 letinentem,
1874 769 1916 792 ne
1949 765 2072 807 sponte
2098 756 2155 795 vi-

1166 829 1221 853 res
1237 816 1428 854 absumat?

1219 877 1255 913 4.
1285 877 1363 914 Hoc
1381 887 1415 914 et
1434 886 1470 914 tu
1492 876 1609 914 facito.
1622 876 1739 913 Furor
1758 874 1852 925 ignis
1867 884 1929 924 est,
1942 877 2085 914 flamma
2100 892 2156 915 ar-

1165 937 1250 975 dens
1269 938 1415 975 materia
1433 951 1537 988 egens
1559 953 1566 973 :
1589 951 1631 974 ne
1652 935 1727 987 igni
1749 949 1865 973 eseam
1885 936 2100 987 suppedites,
2121 947 2156 974 et

1167 999 1236 1036 cito
1251 998 1388 1035 malum
1412 997 1622 1049 exstinguis.
1642 997 1698 1034 Ira
1719 1010 1789 1034 non
1810 1011 1872 1048 per
1890 1010 1926 1034 se
1943 997 2015 1034 vim
2034 996 2156 1045 habet,

1165 1059 1234 1096 nisi
1246 1059 1338 1096 alius
1357 1058 1470 1110 ipsam
1490 1058 1572 1095 alat.
1591 1057 1739 1095 Nullam
1753 1066 1792 1094 tu
1807 1056 2074 1094 exeusationem
2092 1057 2157 1094 ha-

1164 1118 1238 1156 bes.
1258 1117 1323 1155 Ille
1349 1117 1468 1154 furore
1486 1116 1681 1163 detinetur,
1705 1129 1767 1152 nec
1790 1114 1857 1152 scit
1885 1115 1972 1165 quid
1995 1115 2079 1152 facit
2088 1131 2099 1164 3
2116 1124 2156 1152 tu

1165 1178 1226 1228 qui
1253 1177 1357 1214 illum
1380 1177 1542 1226 intueris,
1561 1191 1642 1214 cum
1667 1176 1704 1214 in
1725 1176 1827 1228 paria
1848 1175 2022 1222 incidens,
2044 1190 2157 1226 neque

1164 1239 1248 1276 hinc
1266 1238 1457 1290 sapientior
1477 1238 1610 1286 evadis,
1629 1251 1737 1288 quam
1758 1237 1899 1275 veniam
1922 1237 2094 1274 mereris?
2116 1238 2157 1276 Si

1165 1300 1200 1338 in
1214 1300 1418 1338 convivium
1435 1301 1515 1350 quis
1530 1300 1688 1347 veniens,
1704 1299 1740 1336 in
1755 1299 1934 1336 vestibulo
1950 1299 2156 1351 quempiam

1163 1361 1303 1400 videret
1318 1361 1458 1399 ebrium
1477 1361 1642 1399 indecore
1660 1370 1835 1412 agentem,
1858 1360 2058 1411 deindeque
2077 1361 2155 1412 ipse

1164 1422 1201 1460 in
1223 1422 1323 1474 paria
1356 1421 1548 1469 incideret,
1580 1435 1695 1459 nonne
1717 1430 1797 1472 post
1823 1421 1928 1458 illum
1956 1420 2076 1458 ebrius
2103 1421 2158 1458 fa-

1166 1492 1241 1520 ctus
1260 1483 1379 1521 minus
1399 1483 1505 1520 venia
1529 1481 1661 1533 dignus
1681 1481 1794 1519 esset?
1814 1483 1868 1518 Ita
1894 1490 1927 1519 et
1954 1481 2014 1519 hic
2033 1480 2158 1519 dicen-

1164 1543 1279 1581 dum:
1300 1558 1344 1582 ne
1373 1553 1540 1596 putemus
1571 1557 1672 1595 posse
1697 1542 1744 1580 ad
1776 1542 2017 1580 defensionem
2045 1542 2119 1580 dici
2147 1558 2156 1578 ε

1165 1606 1244 1643 Non
1271 1619 1334 1657 ego
1370 1604 1460 1657 coepi
1493 1620 1501 1640 :
1529 1604 1598 1642 hoc
1631 1613 1752 1642 contra
1781 1618 1844 1642 nos
1879 1612 1948 1650 est,
1974 1603 2059 1654 quia
2096 1616 2158 1640 ne-

1165 1680 1233 1716 que
1251 1666 1357 1703 illum
1382 1665 1559 1712 videntes,
1582 1664 1872 1716 temperantiores
1897 1663 1981 1701 facti
2009 1677 2156 1701 sumus:

1165 1725 1466 1776 quemadmodum
1481 1725 1510 1762 si
1531 1724 1609 1775 quis
1625 1725 1721 1762 dicat
1739 1740 1746 1760 :
1762 1724 1838 1775 Ego
1854 1738 1922 1761 non
1938 1724 2078 1775 primus
2098 1737 2158 1761 oc-

1166 1785 1248 1823 cidi.
1274 1786 1356 1823 ldeo
1382 1799 1535 1835 namque
1565 1799 1668 1836 poena
1694 1783 1825 1835 dignus
1852 1798 1902 1827 es,
1923 1783 2008 1833 quia
2029 1797 2156 1821 exem-

1164 1847 1266 1898 plum
1285 1846 1424 1895 videns,
1438 1860 1506 1884 non
1523 1855 1555 1882 te
1572 1845 1776 1883 cohibuisti.
1793 1844 1834 1882 Si
1854 1844 1994 1882 videres
2015 1843 2157 1881 ebrium

1165 1921 1324 1955 vomere,
1349 1906 1523 1955 distrahi,
1552 1905 1731 1957 dirumpi,
1755 1905 1868 1943 oculis
1897 1904 2008 1942 torvis
2037 1903 2155 1955 respi-

1166 1982 1266 2017 cere,
1302 1966 1529 2004 immunditia
1565 1980 1723 2003 mensam
1754 1965 1909 2017 replere,
1943 1978 2063 2002 omnes
2103 1964 2154 2001 il-

1163 2028 1241 2065 lum
1263 2028 1396 2078 fugere,
1417 2026 1615 2076 deindeque
1635 2026 1670 2063 in
1690 2025 1790 2077 paria
1823 2024 2012 2073 incideres,
2036 2038 2153 2061 annon

1163 2088 1276 2139 magis
1297 2087 1496 2140 culpandus
1517 2087 1634 2124 esses?
1651 2086 1752 2124 Talis
1773 2095 1826 2123 est
1847 2085 2062 2123 iracundus:
2079 2099 2157 2122 ma-

1163 2217 1250 2255 mat,
1270 2209 1407 2246 viscera
1433 2208 1617 2259 discerpit,
1637 2207 1750 2246 vomit
1770 2207 1878 2245 verba
1903 2206 1966 2244 illo
1991 2207 2071 2244 cibo
2089 2207 2162 2244 im-

1163 2269 1324 2322 puriora‚
1345 2268 1521 2320 indigesta
1540 2268 1659 2305 omnia
1676 2267 1835 2318 loquitur
1855 2267 2019 2317 nihilque
2037 2268 2159 2319 perfe-

1163 2339 1260 2368 ctum
1277 2333 1371 2376 (non
1397 2330 1492 2368 enim
1517 2329 1601 2367 sinit
1627 2329 1679 2366 ira
1696 2333 1728 2377 >3
1751 2328 1814 2366 sed
1846 2329 1938 2366 sicut
1966 2328 2044 2365 illic
2068 2342 2161 2380 saepe

1163 2390 1389 2428 immoderati
1408 2390 1575 2428 humores
1593 2389 1817 2427 stomachum
1832 2388 2017 2426 turbantes
2037 2388 2158 2425 omnia

1163 2460 1337 2490 evacuant
1356 2467 1364 2488 z
1385 2451 1434 2489 ita
1456 2451 1562 2488 ethic
1584 2451 1680 2488 calor
1695 2449 1827 2488 nimius
1844 2450 1999 2487 animam
2019 2464 2159 2488 concu-

1161 2512 1265 2561 tiens,
1278 2527 1348 2550 non
1360 2512 1443 2550 sinit
1464 2521 1578 2562 tegere
1589 2525 1667 2562 quae
1687 2511 1791 2548 silere
1809 2520 2006 2562 oporteret3
2020 2510 2081 2548 sed
2098 2510 2156 2548 di·-

1163 2573 1273 2612 cenda
1289 2583 1323 2611 et
1341 2587 1411 2611 non
1431 2572 1583 2610 dicenda
1603 2571 1768 2619 effundit,
1789 2586 1858 2609 non
1875 2571 2072 2618 audientes,
2093 2571 2157 2608 sed

1163 2634 1392 2686 semetipsum
1412 2633 1618 2684 deturpans.
1640 2633 1742 2671 S1cut
1764 2631 1876 2682 igitur
1893 2641 2074 2670 vomentes
2092 2632 2158 2669 fu—

1163 2696 1304 2747 gimus,
1331 2695 1382 2732 sic
1416 2704 1449 2732 et
1477 2695 1584 2732 iratos
1612 2693 1804 2745 fugiamus.
1831 2693 1929 2740 Quid
1959 2694 2157 2732 faciemus?

1164 2756 1316 2794 Pulvere
1342 2755 1521 2793 vomitum
1550 2763 1726 2804 tegamus,
1748 2752 1894 2791 tacendo
1924 2767 2026 2791 canes
2045 2767 2154 2791 voce-

1164 2831 1257 2866 mus,
1277 2825 1316 2853 ut
1332 2816 1508 2855 vomitum
1523 2814 1641 2852 edant.
1664 2815 1745 2853 Scio
1763 2829 1826 2852 vos
1839 2815 1916 2852 haec
1931 2829 2014 2852 cum
2027 2829 2156 2852 nausea

1163 2879 1288 2916 audire
1311 2894 1318 2914 :
1341 2877 1403 2916 sed
1432 2886 1514 2914 tunc
1539 2876 1590 2914 sic
1619 2891 1680 2914 vos
1712 2876 1809 2925 affici
1835 2876 1956 2923 velim,
1983 2890 2066 2913 cum
2093 2876 2156 2914 illa

1163 2939 1242 2977 fieri
1262 2938 1407 2987 videtis,
1432 2952 1495 2976 nec
1516 2937 1561 2976 de
1584 2952 1621 2975 re
1640 2937 1702 2974 illa
1730 2936 1910 2974 oblectari.
1931 2936 2156 2974 Immundior

1165 3011 1215 3040 est
1243 3000 1517 3039 contumeliosus
1553 3013 1638 3037 cane
1672 3002 1869 3036 revertente
1903 2997 1947 3035 ad
1979 2997 2155 3035 vomitum

1164 3075 1280 3100 suum.
1297 3061 1336 3099 Si
1356 3060 1448 3098 enim
1467 3069 1655 3112 postquam
1674 3058 1779 3095 semel
1794 3057 1966 3105 evomuit,
1986 3067 2152 3108 cessaret,

1164 3137 1233 3160 non
1260 3131 1349 3160 esset
1378 3121 1457 3159 cani
1487 3119 1642 3169 similis,
1675 3118 1704 3156 si
1738 3132 1821 3156 vero
1853 3133 2000 3156 rursum
2026 3119 2151 3157 eadem

1163 3184 1241 3236 ipsa
1253 3191 1408 3234 evomat,
1422 3181 1542 3234 palam
1555 3189 1605 3218 est
1618 3193 1698 3217 eum
1712 3178 1834 3217 eadem
1847 3178 1925 3230 ipsa
1945 3179 2153 3219 comedisse.

1143 3310 1183 3343 D.
1204 3306 1411 3351 aliquantulo
1424 3305 1649 3340 honestiorem
1665 3303 1853 3336 lectionem.
1865 3304 1905 3335 In
1921 3303 2062 3339 eundem
2076 3315 2153 3338 sen-

1145 3373 1216 3394 sum
1235 3358 1336 3395 Savil.
1357 3371 1431 3393 cum
1449 3357 1556 3392 Codd.
1574 3357 1611 3389 B.
1628 3357 1666 3390 C.
1685 3360 1731 3391 ἐπὶ
1748 3360 1797 3390 τὸν
1814 3355 1912 3397 iteam]

2222 2101 2360 2130 Iracundi

1165 2149 1220 2199 gis
1234 2163 1342 2187 venas
1363 2148 1475 2195 inflat,
1491 2162 1599 2197 quam
1614 2148 1644 2185 is
1657 2147 1717 2197 qui
1734 2146 1867 2184 vomit:
1881 2146 2001 2184 oculos
2019 2146 2158 2183 inflam-
2170 2144 2278 2179 {⁰³³2ss-
