<?xml version="1.0" encoding="UTF-8"?>
<!DOCTYPE html PUBLIC "-//W3C//DTD XHTML 1.0 Transitional//EN"
    "http://www.w3.org/TR/xhtml1/DTD/xhtml1-transitional.dtd">
<html xmlns="http://www.w3.org/1999/xhtml" xml:lang="en" lang="en">
 <head>
  <title>
</title>
<meta http-equiv="Content-Type" content="text/html;charset=utf-8" />
  <meta name='ocr-system' content='tesseract 3.04.00' />
  <meta name='ocr-capabilities' content='ocr_page ocr_carea ocr_par ocr_line ocrx_word'/>
</head>
<body>
  <div class='ocr_page' id='page_1' title='image "./operaomniaquaeex09johnuoft_0522.png"; bbox 0 0 2502 3810; ppageno 0'>
   <div class='ocr_carea' id='block_1_1' title="bbox 172 1020 336 1047">
    <p class='ocr_par' dir='ltr' id='par_1_1' title="bbox 172 1020 336 1047">
     <span class='ocr_line' id='line_1_1' title="bbox 172 1020 336 1047; baseline -0.007 0"><span class='ocrx_word' id='word_1_1' title='bbox 172 1022 206 1047; x_wconf 91' lang='lat' dir='ltr'>S</span> <span class='ocrx_word' id='word_1_2' title='bbox 211 1020 336 1047; x_wconf 78' lang='lat' dir='ltr'><strong>ncuflca-</strong></span> 
     </span>
    </p>
   </div>
   <div class='ocr_carea' id='block_1_2' title="bbox 890 246 1343 279">
    <p class='ocr_par' dir='ltr' id='par_1_2' title="bbox 890 246 1343 279">
     <span class='ocr_line' id='line_1_2' title="bbox 890 246 1343 279; baseline -0.011 0"><span class='ocrx_word' id='word_1_3' title='bbox 890 248 1072 279; x_wconf 64' lang='lat' dir='ltr'>JOANNIS</span> <span class='ocrx_word' id='word_1_4' title='bbox 1109 246 1343 275; x_wconf 75' lang='lat' dir='ltr'>CHRYSOST.</span> 
     </span>
    </p>
   </div>
   <div class='ocr_carea' id='block_1_3' title="bbox 346 247 1328 863">
    <p class='ocr_par' dir='ltr' id='par_1_3' title="bbox 346 247 1328 863">
     <span class='ocr_line' id='line_1_3' title="bbox 348 247 851 304; baseline -0.004 -2"><span class='ocrx_word' id='word_1_5' title='bbox 348 247 404 304; x_wconf 68' lang='lat'><strong>47</strong></span> <span class='ocrx_word' id='word_1_6' title='bbox 418 261 438 287; x_wconf 85' lang='lat'><strong>2</strong></span> <span class='ocrx_word' id='word_1_7' title='bbox 814 251 851 280; x_wconf 72' lang='lat' dir='ltr'><strong>s-</strong></span> 
     </span>
     <span class='ocr_line' id='line_1_4' title="bbox 346 325 1324 376; baseline -0.014 0"><span class='ocrx_word' id='word_1_8' title='bbox 346 339 510 376; x_wconf 83' lang='lat' dir='ltr'><strong>libertate</strong></span> <span class='ocrx_word' id='word_1_9' title='bbox 525 336 724 372; x_wconf 76' lang='lat' dir='ltr'>frueremur</span> <span class='ocrx_word' id='word_1_10' title='bbox 746 347 752 365; x_wconf 89' lang='lat'><strong>:</strong></span> <span class='ocrx_word' id='word_1_11' title='bbox 774 331 841 366; x_wconf 88' lang='lat' dir='ltr'><strong>hoc</strong></span> <span class='ocrx_word' id='word_1_12' title='bbox 861 329 966 366; x_wconf 85' lang='lat' dir='ltr'><strong>etiam</strong></span> <span class='ocrx_word' id='word_1_13' title='bbox 981 327 1143 365; x_wconf 85' lang='lat' dir='ltr'><strong>dominos</strong></span> <span class='ocrx_word' id='word_1_14' title='bbox 1165 325 1324 363; x_wconf 84' lang='lat' dir='ltr'><strong>institue-</strong></span> 
     </span>
     <span class='ocr_line' id='line_1_5' title="bbox 347 385 1324 443; baseline -0.012 -9"><span class='ocrx_word' id='word_1_15' title='bbox 347 399 421 443; x_wconf 84' lang='lat' dir='ltr'><strong>bat,</strong></span> <span class='ocrx_word' id='word_1_16' title='bbox 441 409 520 433; x_wconf 88' lang='lat' dir='ltr'><strong>cum</strong></span> <span class='ocrx_word' id='word_1_17' title='bbox 535 392 775 437; x_wconf 77' lang='lat' dir='ltr'>edocerentur,</span> <span class='ocrx_word' id='word_1_18' title='bbox 794 388 884 425; x_wconf 91' lang='lat' dir='ltr'><strong>nihil</strong></span> <span class='ocrx_word' id='word_1_19' title='bbox 904 387 971 425; x_wconf 83' lang='lat' dir='ltr'><strong>sibi</strong></span> <span class='ocrx_word' id='word_1_20' title='bbox 988 386 1216 425; x_wconf 85' lang='lat' dir='ltr'>emolumenti</span> <span class='ocrx_word' id='word_1_21' title='bbox 1236 401 1253 422; x_wconf 87' lang='lat' dir='ltr'><strong>a</strong></span> <span class='ocrx_word' id='word_1_22' title='bbox 1275 385 1324 423; x_wconf 89' lang='lat' dir='ltr'><strong>li-</strong></span> 
     </span>
     <span class='ocr_line' id='line_1_6' title="bbox 347 444 1326 499; baseline -0.012 -5"><span class='ocrx_word' id='word_1_23' title='bbox 347 458 479 494; x_wconf 85' lang='lat' dir='ltr'><strong>bertate</strong></span> <span class='ocrx_word' id='word_1_24' title='bbox 492 452 590 498; x_wconf 82' lang='lat' dir='ltr'><strong>ferri,</strong></span> <span class='ocrx_word' id='word_1_25' title='bbox 610 450 678 487; x_wconf 81' lang='lat' dir='ltr'><strong>nisi</strong></span> <span class='ocrx_word' id='word_1_26' title='bbox 693 462 769 499; x_wconf 83' lang='lat' dir='ltr'><strong>quae</strong></span> <span class='ocrx_word' id='word_1_27' title='bbox 795 447 902 485; x_wconf 86' lang='lat' dir='ltr'><strong>fidem</strong></span> <span class='ocrx_word' id='word_1_28' title='bbox 927 447 1130 498; x_wconf 71' lang='lat' dir='ltr'><strong>spectabant</strong></span> <span class='ocrx_word' id='word_1_29' title='bbox 1148 444 1326 498; x_wconf 73' lang='lat' dir='ltr'><strong>praecede-</strong></span> 
     </span>
     <span class='ocr_line' id='line_1_7' title="bbox 348 507 1324 562; baseline -0.01 -9"><span class='ocrx_word' id='word_1_30' title='bbox 348 524 435 553; x_wconf 87' lang='lat' dir='ltr'><strong>rent.</strong></span> <span class='ocrx_word' id='word_1_31' title='bbox 463 513 579 562; x_wconf 86' lang='lat' dir='ltr'><strong>Atque</strong></span> <span class='ocrx_word' id='word_1_32' title='bbox 595 519 634 548; x_wconf 91' lang='lat' dir='ltr'><strong>ut</strong></span> <span class='ocrx_word' id='word_1_33' title='bbox 652 509 768 547; x_wconf 88' lang='lat' dir='ltr'><strong>discas</strong></span> <span class='ocrx_word' id='word_1_34' title='bbox 787 507 940 546; x_wconf 88' lang='lat' dir='ltr'><strong>Paulum</strong></span> <span class='ocrx_word' id='word_1_35' title='bbox 956 507 1023 545; x_wconf 87' lang='lat' dir='ltr'><strong>hoc</strong></span> <span class='ocrx_word' id='word_1_36' title='bbox 1041 507 1240 556; x_wconf 77' lang='lat' dir='ltr'><strong>facientem,</strong></span> <span class='ocrx_word' id='word_1_37' title='bbox 1255 519 1324 543; x_wconf 89' lang='lat' dir='ltr'><strong>non</strong></span> 
     </span>
     <span class='ocr_line' id='line_1_8' title="bbox 348 565 1328 618; baseline -0.009 -6"><span class='ocrx_word' id='word_1_38' title='bbox 348 574 587 612; x_wconf 86' lang='lat' dir='ltr'><strong>confusionem</strong></span> <span class='ocrx_word' id='word_1_39' title='bbox 617 570 809 618; x_wconf 83' lang='lat' dir='ltr'>inducere,</span> <span class='ocrx_word' id='word_1_40' title='bbox 837 581 900 605; x_wconf 85' lang='lat' dir='ltr'><strong>nec</strong></span> <span class='ocrx_word' id='word_1_41' title='bbox 926 568 1043 605; x_wconf 87' lang='lat' dir='ltr'><strong>omnia</strong></span> <span class='ocrx_word' id='word_1_42' title='bbox 1071 568 1237 617; x_wconf 78' lang='lat' dir='ltr'><strong>miscere,</strong></span> <span class='ocrx_word' id='word_1_43' title='bbox 1265 565 1328 604; x_wconf 85' lang='lat' dir='ltr'><strong>scd</strong></span> 
     </span>
     <span class='ocr_line' id='line_1_9' title="bbox 347 628 1328 687; baseline -0.008 -14"><span class='ocrx_word' id='word_1_44' title='bbox 347 635 518 687; x_wconf 83' lang='lat' dir='ltr'><strong>optimam</strong></span> <span class='ocrx_word' id='word_1_45' title='bbox 543 630 804 670; x_wconf 83' lang='lat' dir='ltr'><strong>distinctionem</strong></span> <span class='ocrx_word' id='word_1_46' title='bbox 829 629 989 677; x_wconf 73' lang='lat' dir='ltr'><strong>novisse,</strong></span> <span class='ocrx_word' id='word_1_47' title='bbox 1019 643 1086 666; x_wconf 89' lang='lat' dir='ltr'><strong>non</strong></span> <span class='ocrx_word' id='word_1_48' title='bbox 1117 628 1328 680; x_wconf 86' lang='lat' dir='ltr'><strong>simpliciter</strong></span> 
     </span>
     <span class='ocr_line' id='line_1_10' title="bbox 348 688 1326 746; baseline -0.006 -15"><span class='ocrx_word' id='word_1_49' title='bbox 348 694 501 746; x_wconf 86' lang='lat' dir='ltr'><strong>scripsit,</strong></span> <span class='ocrx_word' id='word_1_50' title='bbox 517 692 695 732; x_wconf 86' lang='lat' dir='ltr'><strong>Omnibus</strong></span> <span class='ocrx_word' id='word_1_51' title='bbox 714 690 775 741; x_wconf 86' lang='lat' dir='ltr'><strong>qui</strong></span> <span class='ocrx_word' id='word_1_52' title='bbox 795 691 917 727; x_wconf 61' lang='lat' dir='ltr'><strong>Romae</strong></span> <span class='ocrx_word' id='word_1_53' title='bbox 939 690 1038 739; x_wconf 80' lang='lat' dir='ltr'><strong>estis3</strong></span> <span class='ocrx_word' id='word_1_54' title='bbox 1064 689 1124 727; x_wconf 90' lang='lat' dir='ltr'><strong>sed</strong></span> <span class='ocrx_word' id='word_1_55' title='bbox 1143 702 1225 726; x_wconf 88' lang='lat' dir='ltr'><strong>cum</strong></span> <span class='ocrx_word' id='word_1_56' title='bbox 1247 688 1326 725; x_wconf 88' lang='lat' dir='ltr'><strong>dis-</strong></span> 
     </span>
     <span class='ocr_line' id='line_1_11' title="bbox 347 751 1328 802; baseline -0.005 -10"><span class='ocrx_word' id='word_1_57' title='bbox 347 755 536 800; x_wconf 79' lang='lat' dir='ltr'><strong>tinctione,</strong></span> <span class='ocrx_word' id='word_1_58' title='bbox 567 754 732 791; x_wconf 79' lang='lat' dir='ltr'><strong>Dilectis</strong></span> <span class='ocrx_word' id='word_1_59' title='bbox 760 752 848 788; x_wconf 78' lang='lat' dir='ltr'><strong>Dei.</strong></span> <span class='ocrx_word' id='word_1_60' title='bbox 877 752 960 788; x_wconf 83' lang='lat' dir='ltr'><strong>Haec</strong></span> <span class='ocrx_word' id='word_1_61' title='bbox 992 751 1088 788; x_wconf 85' lang='lat' dir='ltr'><strong>enim</strong></span> <span class='ocrx_word' id='word_1_62' title='bbox 1115 751 1248 802; x_wconf 85' lang='lat' dir='ltr'><strong>optima</strong></span> <span class='ocrx_word' id='word_1_63' title='bbox 1276 758 1328 788; x_wconf 85' lang='lat' dir='ltr'><strong>est</strong></span> 
     </span>
     <span class='ocr_line' id='line_1_12' title="bbox 348 810 1218 863; baseline -0.005 -10"><span class='ocrx_word' id='word_1_64' title='bbox 348 815 542 860; x_wconf 83' lang='lat' dir='ltr'><strong>distinctio,</strong></span> <span class='ocrx_word' id='word_1_65' title='bbox 562 813 783 863; x_wconf 78' lang='lat' dir='ltr'><strong>ostenditque</strong></span> <span class='ocrx_word' id='word_1_66' title='bbox 801 811 895 850; x_wconf 87' lang='lat' dir='ltr'><strong>unde</strong></span> <span class='ocrx_word' id='word_1_67' title='bbox 913 812 958 849; x_wconf 92' lang='lat' dir='ltr'><strong>sit</strong></span> <span class='ocrx_word' id='word_1_68' title='bbox 975 810 1218 850; x_wconf 80' lang='lat' dir='ltr'><strong>sanctificatio.</strong></span> 
     </span>
    </p>
   </div>
   <div class='ocr_carea' id='block_1_4' title="bbox 1390 244 1987 275">
    <p class='ocr_par' dir='ltr' id='par_1_4' title="bbox 1390 244 1987 275">
     <span class='ocr_line' id='line_1_13' title="bbox 1390 244 1987 275; baseline 0.003 -2"><span class='ocrx_word' id='word_1_69' title='bbox 1390 245 1574 274; x_wconf 75' lang='lat' dir='ltr'><strong>ARCHIEP</strong></span> <span class='ocrx_word' id='word_1_70' title='bbox 1583 261 1591 272; x_wconf 78' lang='grc' dir='ltr'><strong>ι</strong></span> <span class='ocrx_word' id='word_1_71' title='bbox 1634 244 1968 275; x_wconf 66' lang='grc' dir='ltr'><strong>(ΞΟΝΒΤΑΝΤΙΝΟΡ</strong></span> <span class='ocrx_word' id='word_1_72' title='bbox 1978 264 1987 274; x_wconf 70' lang='grc' dir='ltr'>ι</span> 
     </span>
    </p>
   </div>
   <div class='ocr_carea' id='block_1_5' title="bbox 1397 323 2420 920">
    <p class='ocr_par' dir='ltr' id='par_1_5' title="bbox 1397 323 2416 678">
     <span class='ocr_line' id='line_1_14' title="bbox 1397 323 2412 378; baseline -0.002 -15"><span class='ocrx_word' id='word_1_73' title='bbox 1397 325 1455 363; x_wconf 81' lang='grc' dir='ltr'><strong>καὶ</strong></span> <span class='ocrx_word' id='word_1_74' title='bbox 1487 324 1622 368; x_wconf 77' lang='grc' dir='ltr'>οἰκέτας</span> <span class='ocrx_word' id='word_1_75' title='bbox 1667 326 1820 376; x_wconf 85' lang='grc' dir='ltr'>βελτίους</span> <span class='ocrx_word' id='word_1_76' title='bbox 1854 326 2048 378; x_wconf 83' lang='grc' dir='ltr'>εἰργάζετο,</span> <span class='ocrx_word' id='word_1_77' title='bbox 2099 323 2334 374; x_wconf 83' lang='grc' dir='ltr'>μανΟάνοντας</span> <span class='ocrx_word' id='word_1_78' title='bbox 2366 326 2412 366; x_wconf 81' lang='grc' dir='ltr'><strong>ὡς</strong></span> 
     </span>
     <span class='ocr_line' id='line_1_15' title="bbox 1397 384 2413 436; baseline -0.002 -14"><span class='ocrx_word' id='word_1_79' title='bbox 1397 385 1492 422; x_wconf 76' lang='grc' dir='ltr'>οὐδὲν</span> <span class='ocrx_word' id='word_1_80' title='bbox 1523 387 1562 423; x_wconf 78' lang='grc' dir='ltr'><strong>ἐκ,</strong></span> <span class='ocrx_word' id='word_1_81' title='bbox 1589 387 1650 431; x_wconf 66' lang='grc' dir='ltr'><strong>τῆς</strong></span> <span class='ocrx_word' id='word_1_82' title='bbox 1670 385 1824 429; x_wconf 80' lang='grc' dir='ltr'>δουλείας</span> <span class='ocrx_word' id='word_1_83' title='bbox 1842 385 2195 436; x_wconf 62' lang='grc' dir='ltr'>παραὸλαὸήσονται,</span> <span class='ocrx_word' id='word_1_84' title='bbox 2225 384 2287 430; x_wconf 73' lang='grc' dir='ltr'><strong>τὴν</strong></span> <span class='ocrx_word' id='word_1_85' title='bbox 2307 384 2413 426; x_wconf 83' lang='grc' dir='ltr'>ὄντως</span> 
     </span>
     <span class='ocr_line' id='line_1_16' title="bbox 1402 444 2416 497; baseline 0 -15"><span class='ocrx_word' id='word_1_86' title='bbox 1402 444 1595 497; x_wconf 79' lang='grc' dir='ltr'>ἐλευθερίαν</span> <span class='ocrx_word' id='word_1_87' title='bbox 1616 445 1772 496; x_wconf 74' lang='grc' dir='ltr'>ἔχοντες·</span> <span class='ocrx_word' id='word_1_88' title='bbox 1800 450 1900 484; x_wconf 82' lang='grc' dir='ltr'>τοῦτο</span> <span class='ocrx_word' id='word_1_89' title='bbox 1927 445 1986 483; x_wconf 75' lang='grc' dir='ltr'><strong>καὶ</strong></span> <span class='ocrx_word' id='word_1_90' title='bbox 2003 445 2080 489; x_wconf 69' lang='grc' dir='ltr'>τοὺς</span> <span class='ocrx_word' id='word_1_91' title='bbox 2108 444 2277 487; x_wconf 80' lang='grc' dir='ltr'>δεσπότας</span> <span class='ocrx_word' id='word_1_92' title='bbox 2303 461 2416 497; x_wconf 84' lang='grc' dir='ltr'>παρε-</span> 
     </span>
     <span class='ocr_line' id='line_1_17' title="bbox 1403 504 2416 558; baseline 0 -16"><span class='ocrx_word' id='word_1_93' title='bbox 1403 505 1547 549; x_wconf 81' lang='grc' dir='ltr'>σκεύαζε</span> <span class='ocrx_word' id='word_1_94' title='bbox 1574 505 1781 558; x_wconf 75' lang='grc' dir='ltr'>μετριάζειν,</span> <span class='ocrx_word' id='word_1_95' title='bbox 1809 505 2075 556; x_wconf 78' lang='grc' dir='ltr'>παιδευομένους</span> <span class='ocrx_word' id='word_1_96' title='bbox 2103 508 2150 548; x_wconf 77' lang='grc' dir='ltr'><strong>ὡς</strong></span> <span class='ocrx_word' id='word_1_97' title='bbox 2174 504 2269 543; x_wconf 71' lang='grc' dir='ltr'>οὐδὲν</span> <span class='ocrx_word' id='word_1_98' title='bbox 2302 506 2416 548; x_wconf 78' lang='grc' dir='ltr'>αὐτοῖς</span> 
     </span>
     <span class='ocr_line' id='line_1_18' title="bbox 1401 560 2416 618; baseline -0.002 -14"><span class='ocrx_word' id='word_1_99' title='bbox 1401 567 1522 618; x_wconf 60' lang='grc' dir='ltr'>ὄφελος</span> <span class='ocrx_word' id='word_1_100' title='bbox 1541 568 1602 611; x_wconf 66' lang='grc' dir='ltr'><strong>τῆς</strong></span> <span class='ocrx_word' id='word_1_101' title='bbox 1616 568 1669 604; x_wconf 67' lang='grc' dir='ltr'><strong>ἐλε</strong></span> <span class='ocrx_word' id='word_1_102' title='bbox 1657 565 1862 618; x_wconf 77' lang='grc' dir='ltr'>ευθερίας,</span> <span class='ocrx_word' id='word_1_103' title='bbox 1846 582 1885 603; x_wconf 90' lang='grc' dir='ltr'><strong>αν</strong></span> <span class='ocrx_word' id='word_1_104' title='bbox 1907 566 1955 616; x_wconf 64' lang='grc' dir='ltr'><strong>μὴ</strong></span> <span class='ocrx_word' id='word_1_105' title='bbox 1974 565 2019 604; x_wconf 76' lang='grc' dir='ltr'><strong>τὰ</strong></span> <span class='ocrx_word' id='word_1_106' title='bbox 2042 582 2102 612; x_wconf 88' lang='grc' dir='ltr'><strong>της</strong></span> <span class='ocrx_word' id='word_1_107' title='bbox 2122 565 2271 608; x_wconf 80' lang='grc' dir='ltr'>πίστεως</span> <span class='ocrx_word' id='word_1_108' title='bbox 2290 560 2338 616; x_wconf 68' lang='grc' dir='ltr'>ᾗ</span> <span class='ocrx_word' id='word_1_109' title='bbox 2328 581 2416 617; x_wconf 89' lang='grc' dir='ltr'>προ-</span> 
     </span>
     <span class='ocr_line' id='line_1_19' title="bbox 1401 625 2418 678; baseline -0.002 -14"><span class='ocrx_word' id='word_1_110' title='bbox 1401 626 1588 678; x_wconf 67' lang='grc' dir='ltr'>ηγούμενα.</span> <span class='ocrx_word' id='word_1_111' title='bbox 1609 626 1709 664; x_wconf 72' lang='lat' dir='ltr'><em>Kou⁶¹</em></span> <span class='ocrx_word' id='word_1_112' title='bbox 1696 643 1749 664; x_wconf 88' lang='grc' dir='ltr'><strong>ινα</strong></span> <span class='ocrx_word' id='word_1_113' title='bbox 1766 627 1878 678; x_wconf 78' lang='grc' dir='ltr'>μάθῃς</span> <span class='ocrx_word' id='word_1_114' title='bbox 1890 655 1899 672; x_wconf 84' lang='grc'>,</span> <span class='ocrx_word' id='word_1_115' title='bbox 1925 626 1977 664; x_wconf 78' lang='grc' dir='ltr'><strong>ὅτι</strong></span> <span class='ocrx_word' id='word_1_116' title='bbox 1990 627 2028 665; x_wconf 82' lang='grc' dir='ltr'><strong>οὐ</strong></span> <span class='ocrx_word' id='word_1_117' title='bbox 2045 627 2086 664; x_wconf 83' lang='grc' dir='ltr'><strong>σύ</strong></span> <span class='ocrx_word' id='word_1_118' title='bbox 2090 642 2211 678; x_wconf 69' lang='lat' dir='ltr'><strong>(suo-w</strong></span> <span class='ocrx_word' id='word_1_119' title='bbox 2229 625 2418 678; x_wconf 80' lang='grc' dir='ltr'>ἐργαζόμε-</span> 
     </span>
    </p>

    <p class='ocr_par' dir='ltr' id='par_1_6' title="bbox 1403 686 2420 920">
     <span class='ocr_line' id='line_1_20' title="bbox 1403 686 2419 738; baseline -0.002 -14"><span class='ocrx_word' id='word_1_120' title='bbox 1403 702 1502 737; x_wconf 87' lang='grc' dir='ltr'>μενος</span> <span class='ocrx_word' id='word_1_121' title='bbox 1514 691 1614 724; x_wconf 86' lang='grc' dir='ltr'>τοῦτο</span> <span class='ocrx_word' id='word_1_122' title='bbox 1634 687 1742 725; x_wconf 87' lang='grc' dir='ltr'>εποίει</span> <span class='ocrx_word' id='word_1_123' title='bbox 1767 703 1826 724; x_wconf 87' lang='grc' dir='ltr'><strong>και</strong></span> <span class='ocrx_word' id='word_1_124' title='bbox 1854 686 1969 724; x_wconf 86' lang='grc' dir='ltr'>πάντα</span> <span class='ocrx_word' id='word_1_125' title='bbox 1990 702 2130 738; x_wconf 72' lang='grc' dir='ltr'>ιιιγνυς,</span> <span class='ocrx_word' id='word_1_126' title='bbox 2158 687 2233 724; x_wconf 85' lang='grc' dir='ltr'>ἀλλ’</span> <span class='ocrx_word' id='word_1_127' title='bbox 2262 686 2332 723; x_wconf 75' lang='grc' dir='ltr'>οἶδε</span> <span class='ocrx_word' id='word_1_128' title='bbox 2359 700 2419 722; x_wconf 81' lang='grc' dir='ltr'><strong>και</strong></span> 
     </span>
     <span class='ocr_line' id='line_1_21' title="bbox 1403 739 2419 799; baseline -0.002 -15"><span class='ocrx_word' id='word_1_129' title='bbox 1403 746 1602 799; x_wconf 70' lang='grc' dir='ltr'>διαίρεσιν</span> <span class='ocrx_word' id='word_1_130' title='bbox 1585 746 1742 798; x_wconf 83' lang='grc' dir='ltr'>αρίστην,</span> <span class='ocrx_word' id='word_1_131' title='bbox 1761 763 1826 798; x_wconf 79' lang='lat' dir='ltr'><strong>0u7</strong></span> <span class='ocrx_word' id='word_1_132' title='bbox 1840 747 1958 790; x_wconf 76' lang='grc' dir='ltr'>ἄπλως</span> <span class='ocrx_word' id='word_1_133' title='bbox 1975 745 2103 799; x_wconf 72' lang='grc' dir='ltr'>ἔγραψε</span> <span class='ocrx_word' id='word_1_134' title='bbox 2126 752 2212 784; x_wconf 78' lang='grc' dir='ltr'>πᾶσι</span> <span class='ocrx_word' id='word_1_135' title='bbox 2239 751 2308 789; x_wconf 82' lang='grc' dir='ltr'>τοῖς</span> <span class='ocrx_word' id='word_1_136' title='bbox 2325 739 2419 783; x_wconf 82' lang='grc' dir='ltr'>οὖσιν</span> 
     </span>
     <span class='ocr_line' id='line_1_22' title="bbox 1403 806 2419 859; baseline -0.003 -14"><span class='ocrx_word' id='word_1_137' title='bbox 1403 809 1437 845; x_wconf 81' lang='grc' dir='ltr'><strong>ἐν</strong></span> <span class='ocrx_word' id='word_1_138' title='bbox 1467 807 1611 859; x_wconf 82' lang='grc' dir='ltr'>Ῥώμῃ,</span> <span class='ocrx_word' id='word_1_139' title='bbox 1645 807 1733 845; x_wconf 75' lang='grc' dir='ltr'>ἀλλὰ</span> <span class='ocrx_word' id='word_1_140' title='bbox 1768 806 1858 858; x_wconf 74' lang='grc' dir='ltr'>μετὰ</span> <span class='ocrx_word' id='word_1_141' title='bbox 1884 808 2081 859; x_wconf 84' lang='grc' dir='ltr'>διορισμοῦ,</span> <span class='ocrx_word' id='word_1_142' title='bbox 2110 808 2193 849; x_wconf 82' lang='grc' dir='ltr'>Τοῖς</span> <span class='ocrx_word' id='word_1_143' title='bbox 2225 807 2419 854; x_wconf 81' lang='grc' dir='ltr'>ἀγαπητοῖς</span> 
     </span>
     <span class='ocr_line' id='line_1_23' title="bbox 1403 866 2420 920; baseline -0.002 -15"><span class='ocrx_word' id='word_1_144' title='bbox 1403 872 1461 906; x_wconf 91' lang='grc' dir='ltr'><strong>τοῦ</strong></span> <span class='ocrx_word' id='word_1_145' title='bbox 1481 870 1582 906; x_wconf 89' lang='grc' dir='ltr'>Θεοῦ.</span> <span class='ocrx_word' id='word_1_146' title='bbox 1602 867 1699 915; x_wconf 71' lang='grc' dir='ltr'>Αὕτη</span> <span class='ocrx_word' id='word_1_147' title='bbox 1718 868 1784 919; x_wconf 81' lang='grc' dir='ltr'><strong>γὰρ</strong></span> <span class='ocrx_word' id='word_1_148' title='bbox 1803 871 1826 914; x_wconf 83' lang='grc' dir='ltr'>ἡ</span> <span class='ocrx_word' id='word_1_149' title='bbox 1842 867 1967 919; x_wconf 80' lang='grc' dir='ltr'>ἀρίστη</span> <span class='ocrx_word' id='word_1_150' title='bbox 1984 872 1998 888; x_wconf 75' lang='lat'><strong>⁰</strong></span> <span class='ocrx_word' id='word_1_151' title='bbox 2011 867 2201 920; x_wconf 82' lang='grc' dir='ltr'>διάκρισις,</span> <span class='ocrx_word' id='word_1_152' title='bbox 2218 867 2277 904; x_wconf 78' lang='grc' dir='ltr'><strong>καὶ</strong></span> <span class='ocrx_word' id='word_1_153' title='bbox 2291 866 2420 904; x_wconf 82' lang='grc' dir='ltr'>δείκνυ-</span> 
     </span>
    </p>
   </div>
   <div class='ocr_carea' id='block_1_6' title="bbox 1351 928 1794 980">
    <p class='ocr_par' dir='ltr' id='par_1_7' title="bbox 1351 928 1794 980">
     <span class='ocr_line' id='line_1_24' title="bbox 1351 928 1794 980; baseline -0.002 -14"><span class='ocrx_word' id='word_1_154' title='bbox 1351 941 1375 971; x_wconf 85' lang='grc' dir='ltr'>Ε</span> <span class='ocrx_word' id='word_1_155' title='bbox 1405 944 1438 966; x_wconf 92' lang='grc' dir='ltr'><strong>σι</strong></span> <span class='ocrx_word' id='word_1_156' title='bbox 1456 928 1559 966; x_wconf 77' lang='grc' dir='ltr'>πόθεν</span> <span class='ocrx_word' id='word_1_157' title='bbox 1575 931 1592 966; x_wconf 87' lang='grc' dir='ltr'><strong><em>ὃ</em></strong></span> <span class='ocrx_word' id='word_1_158' title='bbox 1612 929 1794 980; x_wconf 85' lang='grc' dir='ltr'>ἁγιασμός.</span> 
     </span>
    </p>
   </div>
   <div class='ocr_carea' id='block_1_7' title="bbox 404 991 1326 1046">
    <p class='ocr_par' dir='ltr' id='par_1_8' title="bbox 404 991 1326 1046">
     <span class='ocr_line' id='line_1_25' title="bbox 404 991 1326 1046; baseline -0.005 -13"><span class='ocrx_word' id='word_1_159' title='bbox 404 998 441 1034; x_wconf 72' lang='grc'>4.</span> <span class='ocrx_word' id='word_1_160' title='bbox 473 995 579 1034; x_wconf 83' lang='lat' dir='ltr'><strong>Unde</strong></span> <span class='ocrx_word' id='word_1_161' title='bbox 607 1008 687 1046; x_wconf 86' lang='lat' dir='ltr'><strong>e1go</strong></span> <span class='ocrx_word' id='word_1_162' title='bbox 708 1003 760 1031; x_wconf 84' lang='lat' dir='ltr'><strong>est</strong></span> <span class='ocrx_word' id='word_1_163' title='bbox 785 992 1048 1031; x_wconf 75' lang='lat' dir='ltr'><strong>sanctificati0⁰</strong></span> <span class='ocrx_word' id='word_1_164' title='bbox 1074 994 1102 1029; x_wconf 88' lang='lat' dir='ltr'>A</span> <span class='ocrx_word' id='word_1_165' title='bbox 1124 991 1326 1030; x_wconf 81' lang='lat' dir='ltr'><strong>dilectione.</strong></span> 
     </span>
    </p>
   </div>
   <div class='ocr_carea' id='block_1_8' title="bbox 154 1051 1334 1103">
    <p class='ocr_par' dir='ltr' id='par_1_9' title="bbox 154 1051 1334 1103">
     <span class='ocr_line' id='line_1_26' title="bbox 154 1051 1334 1103; baseline -0.005 -9"><span class='ocrx_word' id='word_1_166' title='bbox 154 1064 193 1087; x_wconf 77' lang='lat'><strong>1‘10</strong></span> <span class='ocrx_word' id='word_1_167' title='bbox 222 1072 235 1087; x_wconf 71' lang='lat' dir='ltr'><strong>a</strong></span> <span class='ocrx_word' id='word_1_168' title='bbox 264 1063 339 1088; x_wconf 69' lang='lat' dir='ltr'><strong>cmi-</strong></span> <span class='ocrx_word' id='word_1_169' title='bbox 357 1058 448 1096; x_wconf 91' lang='lat' dir='ltr'><strong>Cum</strong></span> <span class='ocrx_word' id='word_1_170' title='bbox 462 1055 610 1093; x_wconf 82' lang='lat' dir='ltr'><strong>dixisset</strong></span> <span class='ocrx_word' id='word_1_171' title='bbox 622 1055 732 1103; x_wconf 78' lang='lat' dir='ltr'><strong>enim,</strong></span> <span class='ocrx_word' id='word_1_172' title='bbox 749 1054 928 1099; x_wconf 83' lang='lat' dir='ltr'><strong>Dilectis,</strong></span> <span class='ocrx_word' id='word_1_173' title='bbox 945 1061 1029 1090; x_wconf 85' lang='lat' dir='ltr'><strong>tunc</strong></span> <span class='ocrx_word' id='word_1_174' title='bbox 1041 1051 1192 1099; x_wconf 84' lang='lat' dir='ltr'><strong>addidit,</strong></span> <span class='ocrx_word' id='word_1_175' title='bbox 1209 1054 1334 1089; x_wconf 84' lang='lat' dir='ltr'><strong>Voca-</strong></span> 
     </span>
    </p>
   </div>
   <div class='ocr_carea' id='block_1_9' title="bbox 154 1108 223 1128">
    <p class='ocr_par' dir='ltr' id='par_1_10' title="bbox 154 1108 223 1128">
     <span class='ocr_line' id='line_1_27' title="bbox 154 1108 223 1128; baseline -0.017 0"><span class='ocrx_word' id='word_1_176' title='bbox 154 1108 223 1128; x_wconf 74' lang='lat' dir='ltr'><strong>tate.</strong></span> 
     </span>
    </p>
   </div>
   <div class='ocr_carea' id='block_1_10' title="bbox 200 2838 331 2875">
    <p class='ocr_par' dir='ltr' id='par_1_11' title="bbox 200 2838 331 2875">
     <span class='ocr_line' id='line_1_28' title="bbox 200 2838 331 2875; baseline 0.031 -11"><span class='ocrx_word' id='word_1_177' title='bbox 200 2838 331 2875; x_wconf 77' lang='lat' dir='ltr'><strong>Dignitas</strong></span> 
     </span>
    </p>
   </div>
   <div class='ocr_carea' id='block_1_11' title="bbox 349 1110 1336 1706">
    <p class='ocr_par' dir='ltr' id='par_1_12' title="bbox 349 1110 1336 1706">
     <span class='ocr_line' id='line_1_29' title="bbox 354 1110 1333 1161; baseline -0.007 -8"><span class='ocrx_word' id='word_1_178' title='bbox 354 1118 401 1154; x_wconf 82' lang='lat' dir='ltr'><strong>tis</strong></span> <span class='ocrx_word' id='word_1_179' title='bbox 419 1117 574 1161; x_wconf 78' lang='lat' dir='ltr'><strong>sanctis,</strong></span> <span class='ocrx_word' id='word_1_180' title='bbox 591 1112 775 1150; x_wconf 89' lang='lat' dir='ltr'><strong>ostendens</strong></span> <span class='ocrx_word' id='word_1_181' title='bbox 791 1111 887 1149; x_wconf 91' lang='lat' dir='ltr'><strong>hunc</strong></span> <span class='ocrx_word' id='word_1_182' title='bbox 906 1111 1008 1148; x_wconf 90' lang='lat' dir='ltr'><strong>nobis</strong></span> <span class='ocrx_word' id='word_1_183' title='bbox 1026 1124 1100 1148; x_wconf 88' lang='lat' dir='ltr'><strong>esse</strong></span> <span class='ocrx_word' id='word_1_184' title='bbox 1119 1110 1251 1147; x_wconf 89' lang='lat' dir='ltr'><strong>fontem</strong></span> <span class='ocrx_word' id='word_1_185' title='bbox 1269 1110 1333 1147; x_wconf 87' lang='lat' dir='ltr'><strong>ho-</strong></span> 
     </span>
     <span class='ocr_line' id='line_1_30' title="bbox 353 1170 1335 1213; baseline -0.004 -1"><span class='ocrx_word' id='word_1_186' title='bbox 353 1188 480 1213; x_wconf 89' lang='lat' dir='ltr'><strong>norum</strong></span> <span class='ocrx_word' id='word_1_187' title='bbox 509 1173 669 1211; x_wconf 88' lang='lat' dir='ltr'><strong>omnium</strong></span> <span class='ocrx_word' id='word_1_188' title='bbox 709 1188 716 1208; x_wconf 93' lang='lat'><strong>:</strong></span> <span class='ocrx_word' id='word_1_189' title='bbox 754 1179 889 1209; x_wconf 88' lang='lat' dir='ltr'><strong>sanctos</strong></span> <span class='ocrx_word' id='word_1_190' title='bbox 921 1179 1038 1208; x_wconf 90' lang='lat' dir='ltr'><strong>autem</strong></span> <span class='ocrx_word' id='word_1_191' title='bbox 1075 1179 1178 1208; x_wconf 77' lang='lat' dir='ltr'><strong>vocat</strong></span> <span class='ocrx_word' id='word_1_192' title='bbox 1212 1170 1335 1208; x_wconf 83' lang='lat' dir='ltr'><strong>fideles</strong></span> 
     </span>
     <span class='ocr_line' id='line_1_31' title="bbox 353 1230 1334 1282; baseline -0.005 -10"><span class='ocrx_word' id='word_1_193' title='bbox 353 1248 485 1272; x_wconf 88' lang='lat' dir='ltr'><strong>omnes.</strong></span> <span class='ocrx_word' id='word_1_194' title='bbox 522 1234 662 1271; x_wconf 82' lang='lat' dir='ltr'><strong>Gratia</strong></span> <span class='ocrx_word' id='word_1_195' title='bbox 689 1234 799 1269; x_wconf 80' lang='lat' dir='ltr'><strong>vobis</strong></span> <span class='ocrx_word' id='word_1_196' title='bbox 843 1240 878 1269; x_wconf 82' lang='lat' dir='ltr'><strong>et</strong></span> <span class='ocrx_word' id='word_1_197' title='bbox 903 1246 994 1282; x_wconf 70' lang='lat' dir='ltr'><strong>pax.</strong></span> <span class='ocrx_word' id='word_1_198' title='bbox 1027 1232 1058 1269; x_wconf 96' lang='grc' dir='ltr'><strong>Ο</strong></span> <span class='ocrx_word' id='word_1_199' title='bbox 1086 1230 1334 1268; x_wconf 86' lang='lat' dir='ltr'><strong>salutationem</strong></span> 
     </span>
     <span class='ocr_line' id='line_1_32' title="bbox 354 1290 1334 1342; baseline -0.004 -9"><span class='ocrx_word' id='word_1_200' title='bbox 354 1296 538 1333; x_wconf 84' lang='lat' dir='ltr'><strong>innumera</strong></span> <span class='ocrx_word' id='word_1_201' title='bbox 552 1294 642 1332; x_wconf 87' lang='lat' dir='ltr'><strong>bona</strong></span> <span class='ocrx_word' id='word_1_202' title='bbox 657 1291 878 1330; x_wconf 71' lang='lat' dir='ltr'><strong>afferentem!</strong></span> <span class='ocrx_word' id='word_1_203' title='bbox 897 1293 971 1330; x_wconf 89' lang='lat' dir='ltr'><strong>Hoc</strong></span> <span class='ocrx_word' id='word_1_204' title='bbox 986 1290 1147 1329; x_wconf 86' lang='lat' dir='ltr'><strong>Christus</strong></span> <span class='ocrx_word' id='word_1_205' title='bbox 1158 1291 1334 1342; x_wconf 84' lang='lat' dir='ltr'><strong>apostolos</strong></span> 
     </span>
     <span class='ocr_line' id='line_1_33' title="bbox 354 1352 1334 1405; baseline -0.004 -12"><span class='ocrx_word' id='word_1_206' title='bbox 354 1357 391 1393; x_wconf 92' lang='lat' dir='ltr'><strong>in</strong></span> <span class='ocrx_word' id='word_1_207' title='bbox 421 1355 544 1393; x_wconf 88' lang='lat' dir='ltr'><strong>domos</strong></span> <span class='ocrx_word' id='word_1_208' title='bbox 574 1354 743 1391; x_wconf 84' lang='lat' dir='ltr'><strong>intrantes</strong></span> <span class='ocrx_word' id='word_1_209' title='bbox 772 1353 890 1405; x_wconf 88' lang='lat' dir='ltr'><strong>primo</strong></span> <span class='ocrx_word' id='word_1_210' title='bbox 924 1352 1155 1404; x_wconf 84' lang='lat' dir='ltr'><strong>pronuntiare</strong></span> <span class='ocrx_word' id='word_1_211' title='bbox 1185 1352 1334 1389; x_wconf 81' lang='lat' dir='ltr'><strong>verbum</strong></span> 
     </span>
     <span class='ocr_line' id='line_1_34' title="bbox 349 1412 1334 1467; baseline -0.003 -14"><span class='ocrx_word' id='word_1_212' title='bbox 349 1416 452 1467; x_wconf 87' lang='lat' dir='ltr'><strong>jubet</strong></span> <span class='ocrx_word' id='word_1_213' title='bbox 477 1432 483 1452; x_wconf 93' lang='lat'>:</span> <span class='ocrx_word' id='word_1_214' title='bbox 507 1414 654 1464; x_wconf 87' lang='lat' dir='ltr'><strong>ideoque</strong></span> <span class='ocrx_word' id='word_1_215' title='bbox 673 1413 804 1451; x_wconf 87' lang='lat' dir='ltr'><strong>Paulus</strong></span> <span class='ocrx_word' id='word_1_216' title='bbox 824 1413 873 1451; x_wconf 90' lang='lat' dir='ltr'><strong>sic</strong></span> <span class='ocrx_word' id='word_1_217' title='bbox 892 1414 1023 1463; x_wconf 86' lang='lat' dir='ltr'><strong>ubique</strong></span> <span class='ocrx_word' id='word_1_218' title='bbox 1042 1412 1193 1461; x_wconf 80' lang='lat' dir='ltr'><strong>orditur,</strong></span> <span class='ocrx_word' id='word_1_219' title='bbox 1211 1427 1231 1450; x_wconf 87' lang='lat' dir='ltr'><strong>a</strong></span> <span class='ocrx_word' id='word_1_220' title='bbox 1254 1427 1334 1464; x_wconf 83' lang='lat' dir='ltr'><strong>gra—</strong></span> 
     </span>
     <span class='ocr_line' id='line_1_35' title="bbox 352 1473 1336 1527; baseline -0.003 -14"><span class='ocrx_word' id='word_1_221' title='bbox 352 1476 402 1513; x_wconf 86' lang='lat' dir='ltr'><strong>tia</strong></span> <span class='ocrx_word' id='word_1_222' title='bbox 419 1489 543 1527; x_wconf 86' lang='lat' dir='ltr'><strong>nempe</strong></span> <span class='ocrx_word' id='word_1_223' title='bbox 563 1483 596 1512; x_wconf 89' lang='lat' dir='ltr'><strong>et</strong></span> <span class='ocrx_word' id='word_1_224' title='bbox 608 1487 705 1524; x_wconf 83' lang='lat' dir='ltr'><strong>pace.</strong></span> <span class='ocrx_word' id='word_1_225' title='bbox 725 1475 845 1524; x_wconf 84' lang='lat' dir='ltr'><strong>Neque</strong></span> <span class='ocrx_word' id='word_1_226' title='bbox 864 1474 959 1512; x_wconf 89' lang='lat' dir='ltr'><strong>enim</strong></span> <span class='ocrx_word' id='word_1_227' title='bbox 974 1473 1137 1512; x_wconf 87' lang='lat' dir='ltr'><strong>Christus</strong></span> <span class='ocrx_word' id='word_1_228' title='bbox 1155 1473 1336 1511; x_wconf 87' lang='lat' dir='ltr'><strong>modicum</strong></span> 
     </span>
     <span class='ocr_line' id='line_1_36' title="bbox 353 1532 1336 1587; baseline -0.001 -17"><span class='ocrx_word' id='word_1_229' title='bbox 353 1535 498 1587; x_wconf 81' lang='lat' dir='ltr'><strong>perfecit</strong></span> <span class='ocrx_word' id='word_1_230' title='bbox 510 1534 659 1582; x_wconf 82' lang='lat' dir='ltr'><strong>bellum,</strong></span> <span class='ocrx_word' id='word_1_231' title='bbox 682 1533 743 1571; x_wconf 83' lang='lat' dir='ltr'><strong>sed</strong></span> <span class='ocrx_word' id='word_1_232' title='bbox 761 1534 916 1581; x_wconf 81' lang='lat' dir='ltr'><strong>varium,</strong></span> <span class='ocrx_word' id='word_1_233' title='bbox 932 1532 1176 1570; x_wconf 84' lang='lat' dir='ltr'><strong>omnimodum</strong></span> <span class='ocrx_word' id='word_1_234' title='bbox 1195 1541 1229 1570; x_wconf 85' lang='lat' dir='ltr'><strong>et</strong></span> <span class='ocrx_word' id='word_1_235' title='bbox 1254 1533 1336 1570; x_wconf 89' lang='lat' dir='ltr'><strong>diu-</strong></span> 
     </span>
     <span class='ocr_line' id='line_1_37' title="bbox 352 1593 1336 1645; baseline -0.004 -12"><span class='ocrx_word' id='word_1_236' title='bbox 352 1604 500 1633; x_wconf 87' lang='lat' dir='ltr'><strong>turnum</strong></span> <span class='ocrx_word' id='word_1_237' title='bbox 515 1613 523 1642; x_wconf 87' lang='lat'>;</span> <span class='ocrx_word' id='word_1_238' title='bbox 540 1595 647 1645; x_wconf 87' lang='lat' dir='ltr'><strong>idque</strong></span> <span class='ocrx_word' id='word_1_239' title='bbox 664 1607 733 1631; x_wconf 89' lang='lat' dir='ltr'><strong>non</strong></span> <span class='ocrx_word' id='word_1_240' title='bbox 760 1607 804 1630; x_wconf 78' lang='lat' dir='ltr'><strong>ex</strong></span> <span class='ocrx_word' id='word_1_241' title='bbox 826 1593 1008 1631; x_wconf 82' lang='lat' dir='ltr'><strong>laboribus</strong></span> <span class='ocrx_word' id='word_1_242' title='bbox 1033 1593 1176 1639; x_wconf 76' lang='lat' dir='ltr'><strong>nostris,</strong></span> <span class='ocrx_word' id='word_1_243' title='bbox 1192 1593 1252 1630; x_wconf 88' lang='lat' dir='ltr'><strong>sed</strong></span> <span class='ocrx_word' id='word_1_244' title='bbox 1272 1607 1336 1644; x_wconf 84' lang='lat' dir='ltr'><strong>per</strong></span> 
     </span>
     <span class='ocr_line' id='line_1_38' title="bbox 354 1652 1331 1706; baseline -0.002 -14"><span class='ocrx_word' id='word_1_245' title='bbox 354 1656 503 1706; x_wconf 83' lang='lat' dir='ltr'><strong>gratiam</strong></span> <span class='ocrx_word' id='word_1_246' title='bbox 519 1668 631 1692; x_wconf 88' lang='lat' dir='ltr'><strong>suam.</strong></span> <span class='ocrx_word' id='word_1_247' title='bbox 660 1653 839 1702; x_wconf 81' lang='lat' dir='ltr'><strong>Quoniam</strong></span> <span class='ocrx_word' id='word_1_248' title='bbox 864 1653 976 1704; x_wconf 85' lang='lat' dir='ltr'><strong>igitur</strong></span> <span class='ocrx_word' id='word_1_249' title='bbox 1000 1652 1144 1691; x_wconf 88' lang='lat' dir='ltr'><strong>dilectio</strong></span> <span class='ocrx_word' id='word_1_250' title='bbox 1165 1653 1331 1703; x_wconf 78' lang='lat' dir='ltr'><strong>gratiam,</strong></span> 
     </span>
    </p>
   </div>
   <div class='ocr_carea' id='block_1_12' title="bbox 1405 983 2427 1523">
    <p class='ocr_par' dir='ltr' id='par_1_13' title="bbox 1405 983 2427 1523">
     <span class='ocr_line' id='line_1_39' title="bbox 1457 983 2421 1041; baseline -0.001 -15"><span class='ocrx_word' id='word_1_251' title='bbox 1457 988 1571 1026; x_wconf 72' lang='grc' dir='ltr'>Πόθεν</span> <span class='ocrx_word' id='word_1_252' title='bbox 1591 983 1882 1041; x_wconf 72' lang='grc' dir='ltr'>οῦνὸἁγιασμός;</span> <span class='ocrx_word' id='word_1_253' title='bbox 1913 989 1997 1026; x_wconf 80' lang='grc' dir='ltr'><strong>Ἀπὸ</strong></span> <span class='ocrx_word' id='word_1_254' title='bbox 2026 990 2088 1034; x_wconf 77' lang='grc' dir='ltr'><strong>τῆς</strong></span> <span class='ocrx_word' id='word_1_255' title='bbox 2119 987 2269 1040; x_wconf 73' lang='grc' dir='ltr'>ἀγάπης.</span> <span class='ocrx_word' id='word_1_256' title='bbox 2300 986 2421 1026; x_wconf 84' lang='grc' dir='ltr'>Εἰπὼν</span> 
     </span>
     <span class='ocr_line' id='line_1_40' title="bbox 1405 1047 2422 1101; baseline -0.002 -14"><span class='ocrx_word' id='word_1_257' title='bbox 1405 1049 1491 1101; x_wconf 80' lang='grc' dir='ltr'>γὰρ,</span> <span class='ocrx_word' id='word_1_258' title='bbox 1523 1049 1748 1100; x_wconf 80' lang='grc' dir='ltr'>Ἀγαπητοῖς,</span> <span class='ocrx_word' id='word_1_259' title='bbox 1786 1049 1864 1087; x_wconf 82' lang='grc' dir='ltr'>τότε</span> <span class='ocrx_word' id='word_1_260' title='bbox 1900 1049 2072 1099; x_wconf 79' lang='grc' dir='ltr'>ἐπήγαγε,</span> <span class='ocrx_word' id='word_1_261' title='bbox 2107 1050 2256 1095; x_wconf 87' lang='grc' dir='ltr'>Κλητοῖς</span> <span class='ocrx_word' id='word_1_262' title='bbox 2293 1047 2422 1100; x_wconf 83' lang='grc' dir='ltr'>ἁγίοις,</span> 
     </span>
     <span class='ocr_line' id='line_1_41' title="bbox 1407 1109 2422 1161; baseline -0.002 -13"><span class='ocrx_word' id='word_1_263' title='bbox 1407 1110 1543 1156; x_wconf 60' lang='grc' dir='ltr'><strong>ιιδηλῶν</strong></span> <span class='ocrx_word' id='word_1_264' title='bbox 1563 1110 1617 1149; x_wconf 78' lang='grc' dir='ltr'><strong>ὅτι</strong></span> <span class='ocrx_word' id='word_1_265' title='bbox 1633 1113 1783 1149; x_wconf 77' lang='grc' dir='ltr'>ἐντεῦθεν</span> <span class='ocrx_word' id='word_1_266' title='bbox 1800 1113 1883 1161; x_wconf 77' lang='grc' dir='ltr'>ἡμῖν</span> <span class='ocrx_word' id='word_1_267' title='bbox 1904 1113 1925 1156; x_wconf 76' lang='grc' dir='ltr'>ἡ</span> <span class='ocrx_word' id='word_1_268' title='bbox 1948 1109 2044 1160; x_wconf 78' lang='grc' dir='ltr'>πηγὴ</span> <span class='ocrx_word' id='word_1_269' title='bbox 2061 1111 2128 1147; x_wconf 80' lang='grc' dir='ltr'><strong>τῶν</strong></span> <span class='ocrx_word' id='word_1_270' title='bbox 2152 1112 2288 1160; x_wconf 80' lang='grc' dir='ltr'>ἀγαθῶν</span> <span class='ocrx_word' id='word_1_271' title='bbox 2310 1110 2422 1146; x_wconf 86' lang='grc' dir='ltr'>ἁπάν-</span> 
     </span>
     <span class='ocr_line' id='line_1_42' title="bbox 1408 1169 2423 1222; baseline -0.002 -14"><span class='ocrx_word' id='word_1_272' title='bbox 1408 1186 1493 1208; x_wconf 90' lang='grc' dir='ltr'>των·</span> <span class='ocrx_word' id='word_1_273' title='bbox 1514 1170 1630 1222; x_wconf 71' lang='grc' dir='ltr'>ἁγίους</span> <span class='ocrx_word' id='word_1_274' title='bbox 1661 1171 1695 1210; x_wconf 77' lang='grc' dir='ltr'><strong>δὲ</strong></span> <span class='ocrx_word' id='word_1_275' title='bbox 1728 1171 1806 1214; x_wconf 63' lang='grc' dir='ltr'>τοὺς</span> <span class='ocrx_word' id='word_1_276' title='bbox 1833 1169 1974 1213; x_wconf 74' lang='grc' dir='ltr'>πιστοὺς</span> <span class='ocrx_word' id='word_1_277' title='bbox 2006 1172 2105 1207; x_wconf 84' lang='grc' dir='ltr'>καλεῖ</span> <span class='ocrx_word' id='word_1_278' title='bbox 2135 1170 2280 1213; x_wconf 84' lang='grc' dir='ltr'>πάντας.</span> <span class='ocrx_word' id='word_1_279' title='bbox 2310 1169 2423 1220; x_wconf 77' lang='grc' dir='ltr'>Χάρις</span> 
     </span>
     <span class='ocr_line' id='line_1_43' title="bbox 1409 1229 2423 1284; baseline -0.003 -15"><span class='ocrx_word' id='word_1_280' title='bbox 1409 1234 1489 1281; x_wconf 81' lang='grc' dir='ltr'>ὑμῖν</span> <span class='ocrx_word' id='word_1_281' title='bbox 1519 1232 1579 1270; x_wconf 79' lang='grc' dir='ltr'><strong>καὶ</strong></span> <span class='ocrx_word' id='word_1_282' title='bbox 1605 1232 1736 1284; x_wconf 82' lang='grc' dir='ltr'>εἰρήνη.</span> <span class='ocrx_word' id='word_1_283' title='bbox 1769 1230 1820 1269; x_wconf 57' lang='grc' dir='ltr'><strong>5Ὼ.</strong></span> <span class='ocrx_word' id='word_1_284' title='bbox 1853 1230 2086 1283; x_wconf 76' lang='grc' dir='ltr'>προσηγορίας</span> <span class='ocrx_word' id='word_1_285' title='bbox 2117 1229 2222 1281; x_wconf 82' lang='grc' dir='ltr'>μυρία</span> <span class='ocrx_word' id='word_1_286' title='bbox 2256 1229 2423 1282; x_wconf 69' lang='grc' dir='ltr'>φερούσης</span> 
     </span>
     <span class='ocr_line' id='line_1_44' title="bbox 1409 1289 2424 1343; baseline -0.004 -13"><span class='ocrx_word' id='word_1_287' title='bbox 1409 1292 1534 1343; x_wconf 77' lang='grc' dir='ltr'>ἀγαθά.</span> <span class='ocrx_word' id='word_1_288' title='bbox 1561 1294 1673 1330; x_wconf 89' lang='grc' dir='ltr'>Τοῦτο</span> <span class='ocrx_word' id='word_1_289' title='bbox 1699 1292 1759 1330; x_wconf 82' lang='grc' dir='ltr'><strong>καὶ</strong></span> <span class='ocrx_word' id='word_1_290' title='bbox 1774 1296 1791 1330; x_wconf 81' lang='grc' dir='ltr'><em>ὃ</em></span> <span class='ocrx_word' id='word_1_291' title='bbox 1806 1291 1955 1343; x_wconf 78' lang='grc' dir='ltr'>Χριστὸς</span> <span class='ocrx_word' id='word_1_292' title='bbox 1982 1297 2051 1333; x_wconf 88' lang='grc' dir='ltr'>τοῖς</span> <span class='ocrx_word' id='word_1_293' title='bbox 2075 1290 2278 1332; x_wconf 82' lang='grc' dir='ltr'>ἀποστόλοις</span> <span class='ocrx_word' id='word_1_294' title='bbox 2301 1292 2346 1332; x_wconf 87' lang='grc' dir='ltr'><strong>εἰς</strong></span> <span class='ocrx_word' id='word_1_295' title='bbox 2363 1289 2424 1332; x_wconf 88' lang='grc' dir='ltr'><strong>τὰς</strong></span> 
     </span>
     <span class='ocr_line' id='line_1_45' title="bbox 1408 1350 2426 1402; baseline -0.006 -10"><span class='ocrx_word' id='word_1_296' title='bbox 1408 1353 1517 1396; x_wconf 84' lang='grc' dir='ltr'>οἰκίας</span> <span class='ocrx_word' id='word_1_297' title='bbox 1549 1356 1692 1392; x_wconf 72' lang='grc' dir='ltr'>εἰσιοῦσι</span> <span class='ocrx_word' id='word_1_298' title='bbox 1902 1354 2021 1402; x_wconf 51' lang='grc' dir='ltr'><strong>Θρῑῆμα</strong></span> <span class='ocrx_word' id='word_1_299' title='bbox 2067 1350 2210 1401; x_wconf 78' lang='grc' dir='ltr'>φάσκειν</span> <span class='ocrx_word' id='word_1_300' title='bbox 2246 1350 2426 1387; x_wconf 82' lang='grc' dir='ltr'>ἐπέταττε.</span> 
     </span>
     <span class='ocr_line' id='line_1_46' title="bbox 1409 1413 2427 1462; baseline -0.002 -11"><span class='ocrx_word' id='word_1_301' title='bbox 1409 1413 1477 1451; x_wconf 82' lang='grc' dir='ltr'><strong>Διὰ</strong></span> <span class='ocrx_word' id='word_1_302' title='bbox 1504 1417 1605 1451; x_wconf 83' lang='grc' dir='ltr'>τοῦτο</span> <span class='ocrx_word' id='word_1_303' title='bbox 1635 1413 1729 1450; x_wconf 82' lang='grc' dir='ltr'><strong>καὶὸ</strong></span> <span class='ocrx_word' id='word_1_304' title='bbox 1749 1414 1889 1454; x_wconf 89' lang='grc' dir='ltr'>Παῦλος</span> <span class='ocrx_word' id='word_1_305' title='bbox 1911 1414 2063 1449; x_wconf 71' lang='grc' dir='ltr'>ἐντεῦθεν</span> <span class='ocrx_word' id='word_1_306' title='bbox 2095 1414 2273 1462; x_wconf 67' lang='grc' dir='ltr'>πανταχοῦ</span> <span class='ocrx_word' id='word_1_307' title='bbox 2303 1426 2427 1462; x_wconf 87' lang='grc' dir='ltr'>προοι-</span> 
     </span>
     <span class='ocr_line' id='line_1_47' title="bbox 1411 1470 2426 1523; baseline -0.002 -12"><span class='ocrx_word' id='word_1_308' title='bbox 1411 1474 1570 1523; x_wconf 83' lang='grc' dir='ltr'>μιάζεται</span> <span class='ocrx_word' id='word_1_309' title='bbox 1582 1502 1592 1520; x_wconf 87' lang='grc'>,</span> <span class='ocrx_word' id='word_1_310' title='bbox 1614 1473 1682 1511; x_wconf 76' lang='grc' dir='ltr'><strong>ἀπὸ</strong></span> <span class='ocrx_word' id='word_1_311' title='bbox 1701 1475 1762 1518; x_wconf 72' lang='grc' dir='ltr'><strong>τῆς</strong></span> <span class='ocrx_word' id='word_1_312' title='bbox 1774 1471 1917 1523; x_wconf 68' lang='grc' dir='ltr'>χάριτος</span> <span class='ocrx_word' id='word_1_313' title='bbox 1934 1471 1992 1509; x_wconf 77' lang='grc' dir='ltr'><strong>καὶ</strong></span> <span class='ocrx_word' id='word_1_314' title='bbox 2008 1473 2069 1515; x_wconf 70' lang='grc' dir='ltr'><strong>τῆς</strong></span> <span class='ocrx_word' id='word_1_315' title='bbox 2083 1470 2232 1523; x_wconf 76' lang='grc' dir='ltr'>εἰρήνης.</span> <span class='ocrx_word' id='word_1_316' title='bbox 2253 1471 2343 1510; x_wconf 78' lang='grc' dir='ltr'>Οὐδὲ</span> <span class='ocrx_word' id='word_1_317' title='bbox 2360 1471 2426 1523; x_wconf 82' lang='grc' dir='ltr'><strong>γὰρ</strong></span> 
     </span>
    </p>
   </div>
   <div class='ocr_carea' id='block_1_13' title="bbox 1734 1355 1868 1404">
    <p class='ocr_par' dir='ltr' id='par_1_14' title="bbox 1734 1355 1868 1404">
     <span class='ocr_line' id='line_1_48' title="bbox 1734 1355 1868 1404; baseline 0 -14"><span class='ocrx_word' id='word_1_318' title='bbox 1734 1355 1868 1404; x_wconf 74' lang='grc' dir='ltr'>πρῶτον</span> 
     </span>
    </p>
   </div>
   <div class='ocr_carea' id='block_1_14' title="bbox 1409 1530 2427 1708">
    <p class='ocr_par' dir='ltr' id='par_1_15' title="bbox 1409 1530 2427 1708">
     <span class='ocr_line' id='line_1_49' title="bbox 1411 1530 2426 1587; baseline -0.001 -16"><span class='ocrx_word' id='word_1_319' title='bbox 1411 1535 1532 1587; x_wconf 75' lang='grc' dir='ltr'>μικρὸν</span> <span class='ocrx_word' id='word_1_320' title='bbox 1555 1532 1742 1571; x_wconf 77' lang='grc' dir='ltr'>κατέλυσεν</span> <span class='ocrx_word' id='word_1_321' title='bbox 1757 1536 1774 1570; x_wconf 82' lang='grc' dir='ltr'>ὃ</span> <span class='ocrx_word' id='word_1_322' title='bbox 1790 1532 1939 1583; x_wconf 77' lang='grc' dir='ltr'>Χριστὸς</span> <span class='ocrx_word' id='word_1_323' title='bbox 1964 1532 2128 1582; x_wconf 85' lang='grc' dir='ltr'>πόλεμον,</span> <span class='ocrx_word' id='word_1_324' title='bbox 2150 1531 2239 1569; x_wconf 79' lang='grc' dir='ltr'>ἀλλὰ</span> <span class='ocrx_word' id='word_1_325' title='bbox 2264 1530 2323 1569; x_wconf 84' lang='grc' dir='ltr'><strong>καὶ</strong></span> <span class='ocrx_word' id='word_1_326' title='bbox 2350 1549 2426 1570; x_wconf 91' lang='grc' dir='ltr'>ποι-</span> 
     </span>
     <span class='ocr_line' id='line_1_50' title="bbox 1409 1592 2427 1644; baseline 0.001 -13"><span class='ocrx_word' id='word_1_327' title='bbox 1409 1594 1504 1632; x_wconf 90' lang='grc' dir='ltr'>κίλον</span> <span class='ocrx_word' id='word_1_328' title='bbox 1524 1594 1582 1632; x_wconf 76' lang='grc' dir='ltr'><strong>καὶ</strong></span> <span class='ocrx_word' id='word_1_329' title='bbox 1602 1594 1819 1632; x_wconf 79' lang='grc' dir='ltr'>παντοδαπὸν</span> <span class='ocrx_word' id='word_1_330' title='bbox 1840 1593 1899 1631; x_wconf 79' lang='grc' dir='ltr'><strong>καὶ</strong></span> <span class='ocrx_word' id='word_1_331' title='bbox 1911 1592 2060 1644; x_wconf 60' lang='grc' dir='ltr'>χρόνιον,</span> <span class='ocrx_word' id='word_1_332' title='bbox 2080 1592 2139 1630; x_wconf 72' lang='grc' dir='ltr'><strong>καὶ</strong></span> <span class='ocrx_word' id='word_1_333' title='bbox 2158 1595 2275 1630; x_wconf 87' lang='grc' dir='ltr'>τοῦτον</span> <span class='ocrx_word' id='word_1_334' title='bbox 2299 1595 2361 1631; x_wconf 82' lang='grc' dir='ltr'><strong>οὐκ</strong></span> <span class='ocrx_word' id='word_1_335' title='bbox 2387 1595 2427 1632; x_wconf 79' lang='grc' dir='ltr'>ἐκ</span> 
     </span>
     <span class='ocr_line' id='line_1_51' title="bbox 1409 1652 2427 1708; baseline 0 -16"><span class='ocrx_word' id='word_1_336' title='bbox 1409 1658 1476 1692; x_wconf 79' lang='grc' dir='ltr'><strong>τῶν</strong></span> <span class='ocrx_word' id='word_1_337' title='bbox 1504 1655 1682 1708; x_wconf 73' lang='grc' dir='ltr'>ἡμετέρων</span> <span class='ocrx_word' id='word_1_338' title='bbox 1711 1654 1838 1701; x_wconf 87' lang='grc' dir='ltr'>πόνων,</span> <span class='ocrx_word' id='word_1_339' title='bbox 1864 1654 1952 1691; x_wconf 78' lang='grc' dir='ltr'>ἀλλὰ</span> <span class='ocrx_word' id='word_1_340' title='bbox 1973 1652 2030 1690; x_wconf 76' lang='grc' dir='ltr'><strong>διὰ</strong></span> <span class='ocrx_word' id='word_1_341' title='bbox 2050 1656 2112 1699; x_wconf 71' lang='grc' dir='ltr'><strong>τῆς</strong></span> <span class='ocrx_word' id='word_1_342' title='bbox 2143 1655 2244 1690; x_wconf 78' lang='grc' dir='ltr'>αὐτοῦ</span> <span class='ocrx_word' id='word_1_343' title='bbox 2273 1653 2427 1704; x_wconf 80' lang='grc' dir='ltr'>χάριτος.</span> 
     </span>
    </p>
   </div>
   <div class='ocr_carea' id='block_1_15' title="bbox 351 1711 2426 1766">
    <p class='ocr_par' dir='ltr' id='par_1_16' title="bbox 351 1711 2426 1766">
     <span class='ocr_line' id='line_1_52' title="bbox 351 1711 2426 1766; baseline -0.001 -14"><span class='ocrx_word' id='word_1_344' title='bbox 351 1716 464 1766; x_wconf 85' lang='lat' dir='ltr'><strong>gratia</strong></span> <span class='ocrx_word' id='word_1_345' title='bbox 482 1728 605 1766; x_wconf 88' lang='lat' dir='ltr'><strong>pacem</strong></span> <span class='ocrx_word' id='word_1_346' title='bbox 632 1713 759 1751; x_wconf 83' lang='lat' dir='ltr'><strong>dedit:</strong></span> <span class='ocrx_word' id='word_1_347' title='bbox 782 1713 848 1750; x_wconf 91' lang='lat' dir='ltr'><strong>hac</strong></span> <span class='ocrx_word' id='word_1_348' title='bbox 868 1713 1089 1750; x_wconf 85' lang='lat' dir='ltr'><strong>salutationis</strong></span> <span class='ocrx_word' id='word_1_349' title='bbox 1118 1714 1230 1751; x_wconf 85' lang='lat' dir='ltr'><strong>forma</strong></span> <span class='ocrx_word' id='word_1_350' title='bbox 1249 1728 1335 1766; x_wconf 89' lang='lat' dir='ltr'><strong>pro-</strong></span> <span class='ocrx_word' id='word_1_351' title='bbox 1356 1732 1382 1760; x_wconf 59' lang='lat' dir='ltr'>A</span> <span class='ocrx_word' id='word_1_352' title='bbox 1410 1716 1512 1755; x_wconf 79' lang='grc' dir='ltr'>Ἐπεὶ</span> <span class='ocrx_word' id='word_1_353' title='bbox 1538 1711 1594 1754; x_wconf 71' lang='grc' dir='ltr'><strong>οῦν</strong></span> <span class='ocrx_word' id='word_1_354' title='bbox 1611 1719 1633 1762; x_wconf 80' lang='grc' dir='ltr'>ἡ</span> <span class='ocrx_word' id='word_1_355' title='bbox 1658 1715 1719 1766; x_wconf 81' lang='grc' dir='ltr'><strong>μὲν</strong></span> <span class='ocrx_word' id='word_1_356' title='bbox 1751 1715 1870 1766; x_wconf 83' lang='grc' dir='ltr'>ἀγάπη</span> <span class='ocrx_word' id='word_1_357' title='bbox 1897 1714 1960 1761; x_wconf 78' lang='grc' dir='ltr'><strong>τὴν</strong></span> <span class='ocrx_word' id='word_1_358' title='bbox 1991 1713 2107 1765; x_wconf 76' lang='grc' dir='ltr'>χάριν,</span> <span class='ocrx_word' id='word_1_359' title='bbox 2124 1717 2146 1759; x_wconf 76' lang='grc' dir='ltr'><strong>ἡ</strong></span> <span class='ocrx_word' id='word_1_360' title='bbox 2168 1712 2202 1751; x_wconf 79' lang='grc' dir='ltr'><strong>δὲ</strong></span> <span class='ocrx_word' id='word_1_361' title='bbox 2233 1714 2336 1765; x_wconf 81' lang='grc' dir='ltr'>χάρις</span> <span class='ocrx_word' id='word_1_362' title='bbox 2363 1715 2426 1761; x_wconf 80' lang='grc' dir='ltr'><strong>τὴν</strong></span> 
     </span>
    </p>
   </div>
   <div class='ocr_carea' id='block_1_16' title="bbox 346 1774 1337 2859">
    <p class='ocr_par' dir='ltr' id='par_1_17' title="bbox 346 1774 1337 2859">
     <span class='ocr_line' id='line_1_53' title="bbox 349 1774 1336 1827; baseline 0 -15"><span class='ocrx_word' id='word_1_363' title='bbox 349 1775 435 1824; x_wconf 83' lang='lat' dir='ltr'><strong>lata,</strong></span> <span class='ocrx_word' id='word_1_364' title='bbox 464 1783 627 1827; x_wconf 80' lang='lat' dir='ltr'><strong>precatur</strong></span> <span class='ocrx_word' id='word_1_365' title='bbox 655 1787 795 1811; x_wconf 87' lang='lat' dir='ltr'><strong>manere</strong></span> <span class='ocrx_word' id='word_1_366' title='bbox 828 1782 997 1825; x_wconf 86' lang='lat' dir='ltr'><strong>perpetua</strong></span> <span class='ocrx_word' id='word_1_367' title='bbox 1026 1782 1059 1811; x_wconf 90' lang='lat' dir='ltr'><strong>et</strong></span> <span class='ocrx_word' id='word_1_368' title='bbox 1095 1774 1260 1821; x_wconf 81' lang='lat' dir='ltr'><strong>immota,</strong></span> <span class='ocrx_word' id='word_1_369' title='bbox 1293 1789 1336 1812; x_wconf 91' lang='lat' dir='ltr'><strong>ne</strong></span> 
     </span>
     <span class='ocr_line' id='line_1_54' title="bbox 349 1833 1333 1887; baseline 0.001 -14"><span class='ocrx_word' id='word_1_370' title='bbox 349 1849 471 1873; x_wconf 84' lang='lat' dir='ltr'><strong>rursus</strong></span> <span class='ocrx_word' id='word_1_371' title='bbox 488 1834 588 1872; x_wconf 89' lang='lat' dir='ltr'><strong>aliud</strong></span> <span class='ocrx_word' id='word_1_372' title='bbox 610 1835 782 1872; x_wconf 74' lang='lat' dir='ltr'><strong>excitetur</strong></span> <span class='ocrx_word' id='word_1_373' title='bbox 808 1833 959 1885; x_wconf 80' lang='lat' dir='ltr'><strong>bellum,</strong></span> <span class='ocrx_word' id='word_1_374' title='bbox 983 1843 1017 1873; x_wconf 89' lang='lat' dir='ltr'><strong>et</strong></span> <span class='ocrx_word' id='word_1_375' title='bbox 1036 1834 1197 1873; x_wconf 85' lang='lat' dir='ltr'><strong>datorem</strong></span> <span class='ocrx_word' id='word_1_376' title='bbox 1219 1846 1333 1887; x_wconf 81' lang='lat' dir='ltr'><strong>rogat,</strong></span> 
     </span>
     <span class='ocr_line' id='line_1_55' title="bbox 350 1893 1337 1942; baseline 0.001 -9"><span class='ocrx_word' id='word_1_377' title='bbox 350 1910 390 1933; x_wconf 87' lang='lat' dir='ltr'><strong>ca</strong></span> <span class='ocrx_word' id='word_1_378' title='bbox 415 1895 521 1933; x_wconf 84' lang='lat' dir='ltr'><strong>firma</strong></span> <span class='ocrx_word' id='word_1_379' title='bbox 540 1903 736 1942; x_wconf 77' lang='lat' dir='ltr'><strong>conservet,</strong></span> <span class='ocrx_word' id='word_1_380' title='bbox 762 1893 818 1932; x_wconf 91' lang='lat' dir='ltr'><strong>his</strong></span> <span class='ocrx_word' id='word_1_381' title='bbox 836 1894 955 1933; x_wconf 87' lang='lat' dir='ltr'><strong>verbis</strong></span> <span class='ocrx_word' id='word_1_382' title='bbox 973 1910 980 1931; x_wconf 91' lang='lat'>:</span> <span class='ocrx_word' id='word_1_383' title='bbox 1001 1895 1144 1933; x_wconf 80' lang='lat' dir='ltr'><strong>Gratia</strong></span> <span class='ocrx_word' id='word_1_384' title='bbox 1169 1898 1282 1934; x_wconf 80' lang='lat' dir='ltr'><strong>vobis</strong></span> <span class='ocrx_word' id='word_1_385' title='bbox 1301 1906 1337 1934; x_wconf 83' lang='lat' dir='ltr'><strong>et</strong></span> 
     </span>
     <span class='ocr_line' id='line_1_56' title="bbox 347 1957 1336 2007; baseline 0.001 -14"><span class='ocrx_word' id='word_1_386' title='bbox 347 1970 428 2007; x_wconf 63' lang='lat' dir='ltr'><strong>pax</strong></span> <span class='ocrx_word' id='word_1_387' title='bbox 457 1970 481 1993; x_wconf 88' lang='lat' dir='ltr'><strong>a</strong></span> <span class='ocrx_word' id='word_1_388' title='bbox 510 1957 595 1993; x_wconf 82' lang='lat' dir='ltr'><strong>Deo</strong></span> <span class='ocrx_word' id='word_1_389' title='bbox 627 1957 749 1993; x_wconf 78' lang='lat' dir='ltr'><strong>Patre</strong></span> <span class='ocrx_word' id='word_1_390' title='bbox 778 1964 928 2001; x_wconf 82' lang='lat' dir='ltr'><strong>nostro,</strong></span> <span class='ocrx_word' id='word_1_391' title='bbox 969 1964 1005 1992; x_wconf 82' lang='lat' dir='ltr'><strong>et</strong></span> <span class='ocrx_word' id='word_1_392' title='bbox 1041 1957 1211 1993; x_wconf 87' lang='lat' dir='ltr'><strong>Domino</strong></span> <span class='ocrx_word' id='word_1_393' title='bbox 1241 1957 1336 1995; x_wconf 77' lang='lat' dir='ltr'><strong>Jesu</strong></span> 
     </span>
     <span class='ocr_line' id='line_1_57' title="bbox 352 2015 1335 2063; baseline 0.001 -9"><span class='ocrx_word' id='word_1_394' title='bbox 352 2017 517 2054; x_wconf 76' lang='lat' dir='ltr'><strong>Christo.</strong></span> <span class='ocrx_word' id='word_1_395' title='bbox 539 2017 632 2055; x_wconf 87' lang='lat' dir='ltr'><strong>Eece</strong></span> <span class='ocrx_word' id='word_1_396' title='bbox 657 2016 724 2054; x_wconf 91' lang='lat' dir='ltr'><strong>hoc</strong></span> <span class='ocrx_word' id='word_1_397' title='bbox 750 2015 828 2054; x_wconf 90' lang='lat' dir='ltr'><strong>loco</strong></span> <span class='ocrx_word' id='word_1_398' title='bbox 857 2015 970 2063; x_wconf 84' lang='lat' dir='ltr'><strong>illud,</strong></span> <span class='ocrx_word' id='word_1_399' title='bbox 1000 2030 1046 2063; x_wconf 85' lang='lat' dir='ltr'><strong>a,</strong></span> <span class='ocrx_word' id='word_1_400' title='bbox 1079 2031 1266 2055; x_wconf 89' lang='lat' dir='ltr'><strong>commune</strong></span> <span class='ocrx_word' id='word_1_401' title='bbox 1284 2028 1335 2056; x_wconf 81' lang='lat' dir='ltr'><strong>est</strong></span> 
     </span>
     <span class='ocr_line' id='line_1_58' title="bbox 350 2076 1335 2128; baseline 0.003 -13"><span class='ocrx_word' id='word_1_402' title='bbox 350 2077 450 2115; x_wconf 77' lang='lat' dir='ltr'><strong>Patri</strong></span> <span class='ocrx_word' id='word_1_403' title='bbox 468 2087 501 2115; x_wconf 86' lang='lat' dir='ltr'><strong>et</strong></span> <span class='ocrx_word' id='word_1_404' title='bbox 517 2077 629 2126; x_wconf 80' lang='lat' dir='ltr'><strong>Filio3</strong></span> <span class='ocrx_word' id='word_1_405' title='bbox 647 2076 743 2127; x_wconf 90' lang='lat' dir='ltr'><strong>quod</strong></span> <span class='ocrx_word' id='word_1_406' title='bbox 759 2076 906 2128; x_wconf 88' lang='lat' dir='ltr'><strong>perinde</strong></span> <span class='ocrx_word' id='word_1_407' title='bbox 932 2086 984 2116; x_wconf 87' lang='lat' dir='ltr'><strong>est</strong></span> <span class='ocrx_word' id='word_1_408' title='bbox 1002 2092 1041 2115; x_wconf 89' lang='lat' dir='ltr'><strong>ac</strong></span> <span class='ocrx_word' id='word_1_409' title='bbox 1060 2078 1089 2115; x_wconf 92' lang='lat' dir='ltr'><strong>si</strong></span> <span class='ocrx_word' id='word_1_410' title='bbox 1106 2078 1259 2127; x_wconf 86' lang='lat' dir='ltr'><strong>diceret,</strong></span> <span class='ocrx_word' id='word_1_411' title='bbox 1279 2081 1335 2118; x_wconf 79' lang='lat' dir='ltr'><strong>Ex</strong></span> 
     </span>
     <span class='ocr_line' id='line_1_59' title="bbox 351 2139 1334 2192; baseline 0.004 -17"><span class='ocrx_word' id='word_1_412' title='bbox 351 2153 432 2189; x_wconf 89' lang='lat' dir='ltr'><strong>quo.</strong></span> <span class='ocrx_word' id='word_1_413' title='bbox 450 2140 571 2190; x_wconf 84' lang='lat' dir='ltr'><strong>Neque</strong></span> <span class='ocrx_word' id='word_1_414' title='bbox 586 2139 680 2177; x_wconf 87' lang='lat' dir='ltr'><strong>enim</strong></span> <span class='ocrx_word' id='word_1_415' title='bbox 694 2139 806 2189; x_wconf 81' lang='lat' dir='ltr'><strong>dixit,</strong></span> <span class='ocrx_word' id='word_1_416' title='bbox 824 2139 949 2177; x_wconf 84' lang='lat' dir='ltr'><strong>Gratia</strong></span> <span class='ocrx_word' id='word_1_417' title='bbox 965 2139 1069 2177; x_wconf 75' lang='lat' dir='ltr'><strong>vobis</strong></span> <span class='ocrx_word' id='word_1_418' title='bbox 1085 2149 1118 2178; x_wconf 87' lang='lat' dir='ltr'><strong>et</strong></span> <span class='ocrx_word' id='word_1_419' title='bbox 1133 2155 1205 2192; x_wconf 71' lang='lat' dir='ltr'><strong>pax</strong></span> <span class='ocrx_word' id='word_1_420' title='bbox 1220 2155 1239 2179; x_wconf 90' lang='lat' dir='ltr'><strong>a</strong></span> <span class='ocrx_word' id='word_1_421' title='bbox 1259 2143 1334 2179; x_wconf 90' lang='lat' dir='ltr'><strong>Deo</strong></span> 
     </span>
     <span class='ocr_line' id='line_1_60' title="bbox 350 2198 1333 2250; baseline 0.002 -14"><span class='ocrx_word' id='word_1_422' title='bbox 350 2201 453 2237; x_wconf 87' lang='lat' dir='ltr'><strong>Patre</strong></span> <span class='ocrx_word' id='word_1_423' title='bbox 480 2213 543 2250; x_wconf 84' lang='lat' dir='ltr'><strong>per</strong></span> <span class='ocrx_word' id='word_1_424' title='bbox 572 2198 767 2236; x_wconf 87' lang='lat' dir='ltr'><strong>Dominum</strong></span> <span class='ocrx_word' id='word_1_425' title='bbox 794 2207 955 2236; x_wconf 89' lang='lat' dir='ltr'><strong>nostrum</strong></span> <span class='ocrx_word' id='word_1_426' title='bbox 983 2201 1104 2238; x_wconf 87' lang='lat' dir='ltr'><strong>Jesum</strong></span> <span class='ocrx_word' id='word_1_427' title='bbox 1132 2201 1314 2238; x_wconf 89' lang='lat' dir='ltr'><strong>Christum</strong></span> <span class='ocrx_word' id='word_1_428' title='bbox 1323 2217 1333 2249; x_wconf 82' lang='lat'><em>3</em></span> 
     </span>
     <span class='ocr_line' id='line_1_61' title="bbox 351 2257 1333 2305; baseline 0.004 -11"><span class='ocrx_word' id='word_1_429' title='bbox 351 2257 435 2305; x_wconf 83' lang='lat' dir='ltr'><strong>sed,</strong></span> <span class='ocrx_word' id='word_1_430' title='bbox 461 2259 502 2295; x_wconf 85' lang='lat' dir='ltr'><em>A</em></span> <span class='ocrx_word' id='word_1_431' title='bbox 537 2259 620 2295; x_wconf 86' lang='lat' dir='ltr'><strong>Deo</strong></span> <span class='ocrx_word' id='word_1_432' title='bbox 654 2259 774 2294; x_wconf 84' lang='lat' dir='ltr'><strong>Patre</strong></span> <span class='ocrx_word' id='word_1_433' title='bbox 808 2266 845 2295; x_wconf 87' lang='lat' dir='ltr'><strong>et</strong></span> <span class='ocrx_word' id='word_1_434' title='bbox 878 2259 1048 2295; x_wconf 79' lang='lat' dir='ltr'><em>Domino</em></span> <span class='ocrx_word' id='word_1_435' title='bbox 1081 2268 1211 2297; x_wconf 76' lang='lat' dir='ltr'><strong>nostro</strong></span> <span class='ocrx_word' id='word_1_436' title='bbox 1239 2262 1333 2298; x_wconf 77' lang='lat' dir='ltr'><strong>Jeszc</strong></span> 
     </span>
     <span class='ocr_line' id='line_1_62' title="bbox 354 2318 1333 2370; baseline 0.002 -15"><span class='ocrx_word' id='word_1_437' title='bbox 354 2319 520 2356; x_wconf 78' lang='lat' dir='ltr'><strong>Christo.</strong></span> <span class='ocrx_word' id='word_1_438' title='bbox 544 2319 648 2370; x_wconf 79' lang='lat' dir='ltr'><strong>Papae</strong></span> <span class='ocrx_word' id='word_1_439' title='bbox 668 2327 841 2368; x_wconf 85' lang='lat' dir='ltr'><strong>quantum</strong></span> <span class='ocrx_word' id='word_1_440' title='bbox 858 2318 972 2370; x_wconf 86' lang='lat' dir='ltr'><strong>potuit</strong></span> <span class='ocrx_word' id='word_1_441' title='bbox 998 2320 1067 2357; x_wconf 90' lang='lat' dir='ltr'><strong>Dei</strong></span> <span class='ocrx_word' id='word_1_442' title='bbox 1080 2319 1243 2358; x_wconf 67' lang='lat' dir='ltr'><strong>dilectio!</strong></span> <span class='ocrx_word' id='word_1_443' title='bbox 1260 2322 1333 2359; x_wconf 92' lang='lat' dir='ltr'><strong>Ini-</strong></span> 
     </span>
     <span class='ocr_line' id='line_1_63' title="bbox 352 2378 1326 2430; baseline 0.005 -15"><span class='ocrx_word' id='word_1_444' title='bbox 352 2379 435 2416; x_wconf 88' lang='lat' dir='ltr'><strong>mici</strong></span> <span class='ocrx_word' id='word_1_445' title='bbox 449 2388 482 2416; x_wconf 85' lang='lat' dir='ltr'><strong>et</strong></span> <span class='ocrx_word' id='word_1_446' title='bbox 495 2378 637 2430; x_wconf 84' lang='lat' dir='ltr'><strong>reprobi</strong></span> <span class='ocrx_word' id='word_1_447' title='bbox 658 2387 798 2430; x_wconf 88' lang='lat' dir='ltr'><strong>repente</strong></span> <span class='ocrx_word' id='word_1_448' title='bbox 814 2378 925 2415; x_wconf 83' lang='lat' dir='ltr'><strong>sancti</strong></span> <span class='ocrx_word' id='word_1_449' title='bbox 947 2388 979 2416; x_wconf 90' lang='lat' dir='ltr'><strong>et</strong></span> <span class='ocrx_word' id='word_1_450' title='bbox 999 2379 1066 2416; x_wconf 84' lang='lat' dir='ltr'><strong>filii</strong></span> <span class='ocrx_word' id='word_1_451' title='bbox 1091 2389 1172 2418; x_wconf 89' lang='lat' dir='ltr'><strong>sunt</strong></span> <span class='ocrx_word' id='word_1_452' title='bbox 1198 2381 1326 2420; x_wconf 88' lang='lat' dir='ltr'><strong>effecti.</strong></span> 
     </span>
     <span class='ocr_line' id='line_1_64' title="bbox 352 2439 1330 2491; baseline 0.003 -14"><span class='ocrx_word' id='word_1_453' title='bbox 352 2440 443 2477; x_wconf 88' lang='lat' dir='ltr'><strong>Cum</strong></span> <span class='ocrx_word' id='word_1_454' title='bbox 471 2440 565 2477; x_wconf 90' lang='lat' dir='ltr'><strong>enim</strong></span> <span class='ocrx_word' id='word_1_455' title='bbox 584 2442 722 2478; x_wconf 85' lang='lat' dir='ltr'><strong>Patrem</strong></span> <span class='ocrx_word' id='word_1_456' title='bbox 743 2448 860 2488; x_wconf 77' lang='lat' dir='ltr'><strong>vocat,</strong></span> <span class='ocrx_word' id='word_1_457' title='bbox 886 2439 978 2478; x_wconf 83' lang='lat' dir='ltr'><strong>filios</strong></span> <span class='ocrx_word' id='word_1_458' title='bbox 1000 2440 1156 2491; x_wconf 77' lang='lat' dir='ltr'><strong>indicat3</strong></span> <span class='ocrx_word' id='word_1_459' title='bbox 1183 2456 1265 2480; x_wconf 89' lang='lat' dir='ltr'><strong>cum</strong></span> <span class='ocrx_word' id='word_1_460' title='bbox 1284 2443 1330 2480; x_wconf 88' lang='lat' dir='ltr'><strong>fi-</strong></span> 
     </span>
     <span class='ocr_line' id='line_1_65' title="bbox 349 2500 1326 2548; baseline 0.005 -12"><span class='ocrx_word' id='word_1_461' title='bbox 349 2500 416 2538; x_wconf 86' lang='lat' dir='ltr'><strong>lios</strong></span> <span class='ocrx_word' id='word_1_462' title='bbox 445 2500 544 2548; x_wconf 88' lang='lat' dir='ltr'><strong>dicit,</strong></span> <span class='ocrx_word' id='word_1_463' title='bbox 573 2514 713 2538; x_wconf 86' lang='lat' dir='ltr'><strong>omnem</strong></span> <span class='ocrx_word' id='word_1_464' title='bbox 740 2500 915 2538; x_wconf 89' lang='lat' dir='ltr'><strong>bonorum</strong></span> <span class='ocrx_word' id='word_1_465' title='bbox 940 2500 1149 2538; x_wconf 87' lang='lat' dir='ltr'><strong>thesaurum</strong></span> <span class='ocrx_word' id='word_1_466' title='bbox 1179 2503 1326 2541; x_wconf 75' lang='lat' dir='ltr'><strong>revelat.</strong></span> 
     </span>
     <span class='ocr_line' id='line_1_66' title="bbox 349 2561 1331 2614; baseline 0.004 -15"><span class='ocrx_word' id='word_1_467' title='bbox 349 2563 618 2599; x_wconf 71' lang='lat' dir='ltr'><strong>Perseveremus</strong></span> <span class='ocrx_word' id='word_1_468' title='bbox 650 2562 742 2599; x_wconf 90' lang='lat' dir='ltr'><strong>bono</strong></span> <span class='ocrx_word' id='word_1_469' title='bbox 774 2570 871 2599; x_wconf 89' lang='lat' dir='ltr'><strong>tanto</strong></span> <span class='ocrx_word' id='word_1_470' title='bbox 905 2561 1051 2614; x_wconf 84' lang='lat' dir='ltr'><strong>dignam</strong></span> <span class='ocrx_word' id='word_1_471' title='bbox 1083 2563 1195 2602; x_wconf 76' lang='lat' dir='ltr'><strong>vitam</strong></span> <span class='ocrx_word' id='word_1_472' title='bbox 1228 2565 1331 2603; x_wconf 80' lang='lat' dir='ltr'><strong>exhi-</strong></span> 
     </span>
     <span class='ocr_line' id='line_1_67' title="bbox 347 2622 1328 2674; baseline 0.004 -14"><span class='ocrx_word' id='word_1_473' title='bbox 347 2623 483 2669; x_wconf 85' lang='lat' dir='ltr'><strong>bentes,</strong></span> <span class='ocrx_word' id='word_1_474' title='bbox 498 2632 530 2660; x_wconf 90' lang='lat' dir='ltr'><strong>et</strong></span> <span class='ocrx_word' id='word_1_475' title='bbox 542 2636 666 2674; x_wconf 88' lang='lat' dir='ltr'><strong>pacem</strong></span> <span class='ocrx_word' id='word_1_476' title='bbox 680 2622 971 2673; x_wconf 85' lang='lat' dir='ltr'><strong>sanctitatemque</strong></span> <span class='ocrx_word' id='word_1_477' title='bbox 982 2633 1171 2662; x_wconf 77' lang='lat' dir='ltr'><strong>servantes.</strong></span> <span class='ocrx_word' id='word_1_478' title='bbox 1187 2625 1328 2664; x_wconf 85' lang='lat' dir='ltr'><strong>Caeterae</strong></span> 
     </span>
     <span class='ocr_line' id='line_1_68' title="bbox 346 2683 1329 2739; baseline 0.005 -19"><span class='ocrx_word' id='word_1_479' title='bbox 346 2685 478 2736; x_wconf 83' lang='lat' dir='ltr'><strong>quippe</strong></span> <span class='ocrx_word' id='word_1_480' title='bbox 496 2683 687 2735; x_wconf 80' lang='lat' dir='ltr'><strong>dignitates</strong></span> <span class='ocrx_word' id='word_1_481' title='bbox 710 2692 944 2735; x_wconf 84' lang='lat' dir='ltr'><strong>temporaneae</strong></span> <span class='ocrx_word' id='word_1_482' title='bbox 961 2694 1055 2733; x_wconf 87' lang='lat' dir='ltr'><strong>sunt,</strong></span> <span class='ocrx_word' id='word_1_483' title='bbox 1074 2699 1115 2722; x_wconf 91' lang='lat' dir='ltr'><strong>ac</strong></span> <span class='ocrx_word' id='word_1_484' title='bbox 1137 2700 1219 2724; x_wconf 88' lang='lat' dir='ltr'><strong>cum</strong></span> <span class='ocrx_word' id='word_1_485' title='bbox 1236 2702 1329 2739; x_wconf 85' lang='lat' dir='ltr'><strong>prae-</strong></span> 
     </span>
     <span class='ocr_line' id='line_1_69' title="bbox 346 2745 1326 2797; baseline 0.004 -14"><span class='ocrx_word' id='word_1_486' title='bbox 346 2745 434 2783; x_wconf 88' lang='lat' dir='ltr'><strong>senti</strong></span> <span class='ocrx_word' id='word_1_487' title='bbox 464 2747 536 2782; x_wconf 77' lang='lat' dir='ltr'><strong>vita</strong></span> <span class='ocrx_word' id='word_1_488' title='bbox 566 2745 727 2793; x_wconf 75' lang='lat' dir='ltr'><strong>avolant5</strong></span> <span class='ocrx_word' id='word_1_489' title='bbox 756 2745 906 2797; x_wconf 88' lang='lat' dir='ltr'><strong>pecunia</strong></span> <span class='ocrx_word' id='word_1_490' title='bbox 932 2760 1070 2797; x_wconf 86' lang='lat' dir='ltr'><strong>quaque</strong></span> <span class='ocrx_word' id='word_1_491' title='bbox 1091 2747 1326 2787; x_wconf 77' lang='lat' dir='ltr'><strong>venduntur:</strong></span> 
     </span>
     <span class='ocr_line' id='line_1_70' title="bbox 346 2804 1329 2859; baseline 0.005 -17"><span class='ocrx_word' id='word_1_492' title='bbox 346 2805 442 2842; x_wconf 88' lang='lat' dir='ltr'><strong>unde</strong></span> <span class='ocrx_word' id='word_1_493' title='bbox 459 2819 527 2842; x_wconf 91' lang='lat' dir='ltr'><strong>non</strong></span> <span class='ocrx_word' id='word_1_494' title='bbox 553 2804 743 2856; x_wconf 75' lang='lat' dir='ltr'><strong>dignitates</strong></span> <span class='ocrx_word' id='word_1_495' title='bbox 764 2805 844 2855; x_wconf 88' lang='lat' dir='ltr'><strong>quis</strong></span> <span class='ocrx_word' id='word_1_496' title='bbox 862 2804 1005 2855; x_wconf 77' lang='lat' dir='ltr'><strong>dixerit,</strong></span> <span class='ocrx_word' id='word_1_497' title='bbox 1027 2806 1088 2844; x_wconf 85' lang='lat' dir='ltr'><strong>sed</strong></span> <span class='ocrx_word' id='word_1_498' title='bbox 1112 2806 1329 2859; x_wconf 86' lang='lat' dir='ltr'><strong>dignitatum</strong></span> 
     </span>
    </p>
   </div>
   <div class='ocr_carea' id='block_1_17' title="bbox 146 2865 1328 2918">
    <p class='ocr_par' dir='ltr' id='par_1_18' title="bbox 146 2865 1328 2918">
     <span class='ocr_line' id='line_1_71' title="bbox 146 2865 1328 2918; baseline 0.003 -15"><span class='ocrx_word' id='word_1_499' title='bbox 146 2890 207 2916; x_wconf 75' lang='lat' dir='ltr'><strong>que</strong></span> <span class='ocrx_word' id='word_1_500' title='bbox 241 2891 332 2917; x_wconf 83' lang='lat' dir='ltr'><strong>pecu</strong></span> <span class='ocrx_word' id='word_1_501' title='bbox 346 2866 490 2903; x_wconf 85' lang='lat' dir='ltr'><strong>nomina</strong></span> <span class='ocrx_word' id='word_1_502' title='bbox 515 2874 667 2913; x_wconf 86' lang='lat' dir='ltr'><strong>tantum,</strong></span> <span class='ocrx_word' id='word_1_503' title='bbox 685 2879 762 2916; x_wconf 79' lang='lat' dir='ltr'><strong>quae</strong></span> <span class='ocrx_word' id='word_1_504' title='bbox 783 2865 818 2903; x_wconf 90' lang='lat' dir='ltr'><strong>in</strong></span> <span class='ocrx_word' id='word_1_505' title='bbox 840 2866 993 2903; x_wconf 80' lang='lat' dir='ltr'><strong>vestium</strong></span> <span class='ocrx_word' id='word_1_506' title='bbox 1018 2868 1278 2918; x_wconf 84' lang='lat' dir='ltr'><strong>magnificentia</strong></span> <span class='ocrx_word' id='word_1_507' title='bbox 1295 2879 1328 2907; x_wconf 88' lang='lat' dir='ltr'><strong>et</strong></span> 
     </span>
    </p>
   </div>
   <div class='ocr_carea' id='block_1_18' title="bbox 145 2966 194 2987">
    <p class='ocr_par' dir='ltr' id='par_1_19' title="bbox 145 2966 194 2987">
     <span class='ocr_line' id='line_1_72' title="bbox 145 2966 194 2987; baseline 0 0"><span class='ocrx_word' id='word_1_508' title='bbox 145 2966 194 2987; x_wconf 73' lang='lat' dir='ltr'><strong>tue</strong></span> 
     </span>
    </p>
   </div>
   <div class='ocr_carea' id='block_1_19' title="bbox 145 2923 1328 2990">
    <p class='ocr_par' dir='ltr' id='par_1_20' title="bbox 145 2923 1328 2990">
     <span class='ocr_line' id='line_1_73' title="bbox 145 2923 1328 2990; baseline 0.003 -26"><span class='ocrx_word' id='word_1_509' title='bbox 145 2930 191 2947; x_wconf 71' lang='lat'><strong>¹¹¹³</strong></span> <span class='ocrx_word' id='word_1_510' title='bbox 229 2923 333 2990; x_wconf 45' lang='grc' dir='ltr'><strong>γοῗῖζζ</strong></span> <span class='ocrx_word' id='word_1_511' title='bbox 345 2926 537 2964; x_wconf 88' lang='lat' dir='ltr'><strong>satellitum</strong></span> <span class='ocrx_word' id='word_1_512' title='bbox 556 2925 758 2962; x_wconf 88' lang='lat' dir='ltr'><strong>adulatione</strong></span> <span class='ocrx_word' id='word_1_513' title='bbox 779 2925 854 2963; x_wconf 83' lang='lat' dir='ltr'><strong>vim</strong></span> <span class='ocrx_word' id='word_1_514' title='bbox 871 2926 1016 2964; x_wconf 85' lang='lat' dir='ltr'><strong>habent.</strong></span> <span class='ocrx_word' id='word_1_515' title='bbox 1032 2929 1106 2966; x_wconf 91' lang='lat' dir='ltr'><strong>Hoc</strong></span> <span class='ocrx_word' id='word_1_516' title='bbox 1122 2937 1254 2979; x_wconf 83' lang='lat' dir='ltr'><strong>autem,</strong></span> <span class='ocrx_word' id='word_1_517' title='bbox 1274 2939 1328 2968; x_wconf 92' lang='lat' dir='ltr'><strong>ut-</strong></span> 
     </span>
    </p>
   </div>
   <div class='ocr_carea' id='block_1_20' title="bbox 144 2985 1328 3038">
    <p class='ocr_par' dir='ltr' id='par_1_21' title="bbox 144 2985 1328 3038">
     <span class='ocr_line' id='line_1_74' title="bbox 144 2985 1328 3038; baseline 0.004 -15"><span class='ocrx_word' id='word_1_518' title='bbox 144 3004 263 3038; x_wconf 73' lang='lat' dir='ltr'><strong>proprie</strong></span> <span class='ocrx_word' id='word_1_519' title='bbox 283 3005 330 3031; x_wconf 75' lang='lat' dir='ltr'><strong>di-</strong></span> <span class='ocrx_word' id='word_1_520' title='bbox 343 2995 424 3037; x_wconf 91' lang='lat' dir='ltr'><strong>pote</strong></span> <span class='ocrx_word' id='word_1_521' title='bbox 447 3000 467 3023; x_wconf 91' lang='lat' dir='ltr'><strong>a</strong></span> <span class='ocrx_word' id='word_1_522' title='bbox 495 2988 567 3023; x_wconf 89' lang='lat' dir='ltr'><strong>Deo</strong></span> <span class='ocrx_word' id='word_1_523' title='bbox 600 2985 784 3035; x_wconf 76' lang='lat' dir='ltr'><strong>collatum,</strong></span> <span class='ocrx_word' id='word_1_524' title='bbox 814 2985 948 3026; x_wconf 84' lang='lat' dir='ltr'><strong>donum</strong></span> <span class='ocrx_word' id='word_1_525' title='bbox 978 2987 1266 3027; x_wconf 83' lang='lat' dir='ltr'><strong>sanctificationis</strong></span> <span class='ocrx_word' id='word_1_526' title='bbox 1296 2999 1328 3028; x_wconf 86' lang='lat' dir='ltr'><strong>et</strong></span> 
     </span>
    </p>
   </div>
   <div class='ocr_carea' id='block_1_21' title="bbox 144 3043 245 3077">
    <p class='ocr_par' dir='ltr' id='par_1_22' title="bbox 144 3043 245 3077">
     <span class='ocr_line' id='line_1_75' title="bbox 144 3043 245 3077; baseline 0.011 -9"><span class='ocrx_word' id='word_1_527' title='bbox 144 3043 245 3077; x_wconf 73' lang='lat' dir='ltr'><strong>gnilas.</strong></span> 
     </span>
    </p>
   </div>
   <div class='ocr_carea' id='block_1_22' title="bbox 343 3045 1326 3101">
    <p class='ocr_par' dir='ltr' id='par_1_23' title="bbox 343 3045 1326 3101">
     <span class='ocr_line' id='line_1_76' title="bbox 343 3045 1326 3101; baseline 0.005 -18"><span class='ocrx_word' id='word_1_528' title='bbox 343 3046 554 3098; x_wconf 78' lang='lat' dir='ltr'><strong>adoptionis,</strong></span> <span class='ocrx_word' id='word_1_529' title='bbox 567 3054 679 3082; x_wconf 90' lang='lat' dir='ltr'><strong>morte</strong></span> <span class='ocrx_word' id='word_1_530' title='bbox 688 3059 756 3083; x_wconf 91' lang='lat' dir='ltr'><strong>non</strong></span> <span class='ocrx_word' id='word_1_531' title='bbox 771 3045 922 3094; x_wconf 78' lang='lat' dir='ltr'><strong>tollitur3</strong></span> <span class='ocrx_word' id='word_1_532' title='bbox 937 3046 998 3084; x_wconf 87' lang='lat' dir='ltr'><strong>sed</strong></span> <span class='ocrx_word' id='word_1_533' title='bbox 1008 3057 1041 3084; x_wconf 91' lang='lat' dir='ltr'><strong>et</strong></span> <span class='ocrx_word' id='word_1_534' title='bbox 1054 3048 1111 3086; x_wconf 88' lang='lat' dir='ltr'><strong>hic</strong></span> <span class='ocrx_word' id='word_1_535' title='bbox 1122 3049 1326 3101; x_wconf 86' lang='lat' dir='ltr'><strong>splendidos</strong></span> 
     </span>
    </p>
   </div>
   <div class='ocr_carea' id='block_1_23' title="bbox 1405 1774 2428 2315">
    <p class='ocr_par' dir='ltr' id='par_1_24' title="bbox 1405 1774 2428 2315">
     <span class='ocr_line' id='line_1_77' title="bbox 1410 1774 2427 1830; baseline 0 -16"><span class='ocrx_word' id='word_1_536' title='bbox 1410 1777 1549 1829; x_wconf 79' lang='grc' dir='ltr'>εἰρήνην</span> <span class='ocrx_word' id='word_1_537' title='bbox 1582 1777 1800 1830; x_wconf 81' lang='grc' dir='ltr'>ἐδωρήσατο,</span> <span class='ocrx_word' id='word_1_538' title='bbox 1827 1778 1874 1819; x_wconf 79' lang='grc' dir='ltr'><strong>ὡς</strong></span> <span class='ocrx_word' id='word_1_539' title='bbox 1900 1777 1934 1812; x_wconf 80' lang='grc' dir='ltr'><strong>ἐν</strong></span> <span class='ocrx_word' id='word_1_540' title='bbox 1960 1774 2054 1818; x_wconf 82' lang='grc' dir='ltr'>τάξει</span> <span class='ocrx_word' id='word_1_541' title='bbox 2079 1774 2312 1827; x_wconf 83' lang='grc' dir='ltr'>προσηγορίας</span> <span class='ocrx_word' id='word_1_542' title='bbox 2338 1776 2427 1814; x_wconf 80' lang='grc' dir='ltr'>αὐτὰ</span> 
     </span>
     <span class='ocr_line' id='line_1_78' title="bbox 1410 1834 2425 1890; baseline -0.004 -14"><span class='ocrx_word' id='word_1_543' title='bbox 1410 1839 1478 1882; x_wconf 81' lang='grc' dir='ltr'>θεὶς</span> <span class='ocrx_word' id='word_1_544' title='bbox 1490 1868 1498 1884; x_wconf 84' lang='grc'>,</span> <span class='ocrx_word' id='word_1_545' title='bbox 1516 1837 1700 1890; x_wconf 76' lang='grc' dir='ltr'>ἐπεύχεται</span> <span class='ocrx_word' id='word_1_546' title='bbox 1720 1836 1833 1888; x_wconf 81' lang='grc' dir='ltr'>μένειν</span> <span class='ocrx_word' id='word_1_547' title='bbox 1851 1837 1992 1881; x_wconf 70' lang='grc' dir='ltr'>διηνεκῆ</span> <span class='ocrx_word' id='word_1_548' title='bbox 2009 1834 2068 1873; x_wconf 83' lang='grc' dir='ltr'><strong>καὶ</strong></span> <span class='ocrx_word' id='word_1_549' title='bbox 2086 1835 2232 1882; x_wconf 83' lang='grc' dir='ltr'>ἀκίνητα</span> <span class='ocrx_word' id='word_1_550' title='bbox 2245 1865 2254 1883; x_wconf 86' lang='grc'>,</span> <span class='ocrx_word' id='word_1_551' title='bbox 2269 1835 2358 1873; x_wconf 85' lang='grc' dir='ltr'>ὥστε</span> <span class='ocrx_word' id='word_1_552' title='bbox 2377 1837 2425 1887; x_wconf 78' lang='grc' dir='ltr'><strong>μὴ</strong></span> 
     </span>
     <span class='ocr_line' id='line_1_79' title="bbox 1409 1895 2428 1951; baseline -0.002 -16"><span class='ocrx_word' id='word_1_553' title='bbox 1409 1900 1514 1937; x_wconf 88' lang='grc' dir='ltr'>πάλιν</span> <span class='ocrx_word' id='word_1_554' title='bbox 1541 1899 1655 1951; x_wconf 81' lang='grc' dir='ltr'>ἕτερον</span> <span class='ocrx_word' id='word_1_555' title='bbox 1679 1900 1970 1949; x_wconf 73' lang='grc' dir='ltr'>ἀναῤῥιπισῡῆναι</span> <span class='ocrx_word' id='word_1_556' title='bbox 1998 1896 2170 1946; x_wconf 82' lang='grc' dir='ltr'>πόλεμον·</span> <span class='ocrx_word' id='word_1_557' title='bbox 2191 1895 2249 1933; x_wconf 82' lang='grc' dir='ltr'><strong>καὶ</strong></span> <span class='ocrx_word' id='word_1_558' title='bbox 2269 1912 2428 1948; x_wconf 86' lang='grc' dir='ltr'>παρακα-</span> 
     </span>
     <span class='ocr_line' id='line_1_80' title="bbox 1408 1957 2427 2010; baseline -0.003 -12"><span class='ocrx_word' id='word_1_559' title='bbox 1408 1961 1462 1999; x_wconf 83' lang='grc' dir='ltr'><strong>λεῖ</strong></span> <span class='ocrx_word' id='word_1_560' title='bbox 1479 1960 1536 1999; x_wconf 75' lang='grc' dir='ltr'><strong>τὸν</strong></span> <span class='ocrx_word' id='word_1_561' title='bbox 1554 1959 1747 2004; x_wconf 73' lang='grc' dir='ltr'>δεδωκότα,</span> <span class='ocrx_word' id='word_1_562' title='bbox 1779 1958 1891 2010; x_wconf 86' lang='grc' dir='ltr'>πάγια</span> <span class='ocrx_word' id='word_1_563' title='bbox 1910 1961 2021 1995; x_wconf 88' lang='grc' dir='ltr'>ταῦτα</span> <span class='ocrx_word' id='word_1_564' title='bbox 2040 1958 2227 2009; x_wconf 80' lang='grc' dir='ltr'>διατηρεῖν,</span> <span class='ocrx_word' id='word_1_565' title='bbox 2251 1957 2339 1994; x_wconf 81' lang='grc' dir='ltr'>οὕτω</span> <span class='ocrx_word' id='word_1_566' title='bbox 2370 1958 2427 1996; x_wconf 80' lang='grc' dir='ltr'><strong>λέ-</strong></span> 
     </span>
     <span class='ocr_line' id='line_1_81' title="bbox 1407 2018 2424 2074; baseline -0.002 -16"><span class='ocrx_word' id='word_1_567' title='bbox 1407 2037 1476 2072; x_wconf 88' lang='grc' dir='ltr'><strong>γων</strong></span> <span class='ocrx_word' id='word_1_568' title='bbox 1493 2037 1499 2044; x_wconf 93' lang='grc'>·</span> <span class='ocrx_word' id='word_1_569' title='bbox 1517 2021 1629 2074; x_wconf 83' lang='grc' dir='ltr'>Χάρις</span> <span class='ocrx_word' id='word_1_570' title='bbox 1649 2023 1729 2070; x_wconf 80' lang='grc' dir='ltr'>ὑμῖν</span> <span class='ocrx_word' id='word_1_571' title='bbox 1744 2020 1802 2057; x_wconf 84' lang='grc' dir='ltr'><strong>καὶ</strong></span> <span class='ocrx_word' id='word_1_572' title='bbox 1822 2019 1940 2070; x_wconf 85' lang='grc' dir='ltr'>εἰρήνη</span> <span class='ocrx_word' id='word_1_573' title='bbox 1961 2018 2029 2056; x_wconf 81' lang='grc' dir='ltr'><strong>ἀπὸ</strong></span> <span class='ocrx_word' id='word_1_574' title='bbox 2049 2020 2139 2057; x_wconf 88' lang='grc' dir='ltr'>Θεοῦ</span> <span class='ocrx_word' id='word_1_575' title='bbox 2155 2018 2293 2069; x_wconf 81' lang='grc' dir='ltr'>Πατρὸς</span> <span class='ocrx_word' id='word_1_576' title='bbox 2311 2021 2424 2068; x_wconf 81' lang='grc' dir='ltr'>ἡμῶν,</span> 
     </span>
     <span class='ocr_line' id='line_1_82' title="bbox 1407 2081 1940 2134; baseline -0.008 -14"><span class='ocrx_word' id='word_1_577' title='bbox 1407 2083 1466 2120; x_wconf 82' lang='grc' dir='ltr'><strong>καὶ</strong></span> <span class='ocrx_word' id='word_1_578' title='bbox 1485 2082 1613 2134; x_wconf 81' lang='grc' dir='ltr'>Κυρίου</span> <span class='ocrx_word' id='word_1_579' title='bbox 1640 2081 1756 2126; x_wconf 87' lang='grc' dir='ltr'>Ἰησοῦ</span> <span class='ocrx_word' id='word_1_580' title='bbox 1776 2081 1940 2131; x_wconf 80' lang='grc' dir='ltr'>Χριστοῦ.</span> 
     </span>
     <span class='ocr_line' id='line_1_83' title="bbox 1407 2138 2425 2192; baseline -0.005 -11"><span class='ocrx_word' id='word_1_581' title='bbox 1407 2142 1518 2181; x_wconf 89' lang='grc' dir='ltr'>κοινόν</span> <span class='ocrx_word' id='word_1_582' title='bbox 1537 2145 1609 2181; x_wconf 74' lang='grc' dir='ltr'>ἔστι</span> <span class='ocrx_word' id='word_1_583' title='bbox 1625 2141 1763 2192; x_wconf 76' lang='grc' dir='ltr'>Πατρὸς</span> <span class='ocrx_word' id='word_1_584' title='bbox 1784 2140 1844 2178; x_wconf 81' lang='grc' dir='ltr'><strong>καὶ</strong></span> <span class='ocrx_word' id='word_1_585' title='bbox 1869 2140 1974 2186; x_wconf 81' lang='grc' dir='ltr'>Υἱοῦ,</span> <span class='ocrx_word' id='word_1_586' title='bbox 1996 2138 2080 2191; x_wconf 77' lang='grc' dir='ltr'>ὅπερ</span> <span class='ocrx_word' id='word_1_587' title='bbox 2103 2139 2194 2177; x_wconf 76' lang='grc' dir='ltr'>ἐστὶν</span> <span class='ocrx_word' id='word_1_588' title='bbox 2213 2138 2287 2177; x_wconf 83' lang='grc' dir='ltr'>ἴσον</span> <span class='ocrx_word' id='word_1_589' title='bbox 2307 2143 2374 2191; x_wconf 83' lang='grc' dir='ltr'><strong>τῷ,</strong></span> <span class='ocrx_word' id='word_1_590' title='bbox 2392 2139 2425 2184; x_wconf 79' lang='grc' dir='ltr'><strong>ἐξ</strong></span> 
     </span>
     <span class='ocr_line' id='line_1_84' title="bbox 1407 2196 2425 2254; baseline -0.001 -14"><span class='ocrx_word' id='word_1_591' title='bbox 1407 2198 1457 2242; x_wconf 73' lang='grc' dir='ltr'><strong>οῦ.</strong></span> <span class='ocrx_word' id='word_1_592' title='bbox 1488 2204 1540 2242; x_wconf 81' lang='grc' dir='ltr'><strong>Οὐ</strong></span> <span class='ocrx_word' id='word_1_593' title='bbox 1562 2203 1628 2254; x_wconf 76' lang='grc' dir='ltr'><strong>γὰρ</strong></span> <span class='ocrx_word' id='word_1_594' title='bbox 1649 2196 1745 2248; x_wconf 64' lang='grc' dir='ltr'>εἰπε,</span> <span class='ocrx_word' id='word_1_595' title='bbox 1770 2200 1873 2253; x_wconf 82' lang='grc' dir='ltr'>χάρις</span> <span class='ocrx_word' id='word_1_596' title='bbox 1903 2202 1984 2250; x_wconf 77' lang='grc' dir='ltr'>ὑμῖν</span> <span class='ocrx_word' id='word_1_597' title='bbox 2012 2200 2072 2238; x_wconf 77' lang='grc' dir='ltr'><strong>καὶ</strong></span> <span class='ocrx_word' id='word_1_598' title='bbox 2100 2199 2219 2250; x_wconf 84' lang='grc' dir='ltr'>εἰρήνη</span> <span class='ocrx_word' id='word_1_599' title='bbox 2247 2199 2315 2238; x_wconf 83' lang='grc' dir='ltr'><strong>ἀπὸ</strong></span> <span class='ocrx_word' id='word_1_600' title='bbox 2334 2202 2425 2239; x_wconf 84' lang='grc' dir='ltr'>Θεοῦ</span> 
     </span>
     <span class='ocr_line' id='line_1_85' title="bbox 1405 2261 2422 2315; baseline -0.001 -15"><span class='ocrx_word' id='word_1_601' title='bbox 1405 2264 1544 2315; x_wconf 78' lang='grc' dir='ltr'>Πατρὸς</span> <span class='ocrx_word' id='word_1_602' title='bbox 1564 2264 1621 2301; x_wconf 81' lang='grc' dir='ltr'><strong>διὰ</strong></span> <span class='ocrx_word' id='word_1_603' title='bbox 1642 2267 1701 2301; x_wconf 86' lang='grc' dir='ltr'><strong>τοῦ</strong></span> <span class='ocrx_word' id='word_1_604' title='bbox 1730 2261 1858 2313; x_wconf 85' lang='grc' dir='ltr'>Κυρίου</span> <span class='ocrx_word' id='word_1_605' title='bbox 1885 2263 1986 2310; x_wconf 81' lang='grc' dir='ltr'>ἡμῶν</span> <span class='ocrx_word' id='word_1_606' title='bbox 2002 2261 2119 2307; x_wconf 88' lang='grc' dir='ltr'>Ἰησοῦ</span> <span class='ocrx_word' id='word_1_607' title='bbox 2137 2262 2308 2313; x_wconf 83' lang='grc' dir='ltr'>Χριστοῦ,</span> <span class='ocrx_word' id='word_1_608' title='bbox 2331 2263 2422 2308; x_wconf 73' lang='grc' dir='ltr'>ἀλλ”,</span> 
     </span>
    </p>
   </div>
   <div class='ocr_carea' id='block_1_24' title="bbox 1970 2078 2425 2127">
    <p class='ocr_par' dir='ltr' id='par_1_25' title="bbox 1970 2078 2425 2127">
     <span class='ocr_line' id='line_1_86' title="bbox 1970 2078 2425 2127; baseline 0.002 -11"><span class='ocrx_word' id='word_1_609' title='bbox 1970 2078 2059 2116; x_wconf 76' lang='grc' dir='ltr'>Ἰδοὺ</span> <span class='ocrx_word' id='word_1_610' title='bbox 2087 2080 2234 2116; x_wconf 79' lang='grc' dir='ltr'>ἐνταῦθα</span> <span class='ocrx_word' id='word_1_611' title='bbox 2255 2078 2314 2127; x_wconf 82' lang='grc' dir='ltr'><strong>τὸ,</strong></span> <span class='ocrx_word' id='word_1_612' title='bbox 2337 2080 2425 2127; x_wconf 76' lang='grc' dir='ltr'>ἀπὸ,</span> 
     </span>
    </p>
   </div>
   <div class='ocr_carea' id='block_1_25' title="bbox 1406 2321 2421 2373">
    <p class='ocr_par' dir='ltr' id='par_1_26' title="bbox 1406 2321 2421 2373">
     <span class='ocr_line' id='line_1_87' title="bbox 1406 2321 2421 2373; baseline -0.001 -13"><span class='ocrx_word' id='word_1_613' title='bbox 1406 2323 1488 2360; x_wconf 78' lang='grc' dir='ltr'><strong>Ἀπὸ</strong></span> <span class='ocrx_word' id='word_1_614' title='bbox 1508 2325 1599 2362; x_wconf 85' lang='grc' dir='ltr'>Θεοῦ</span> <span class='ocrx_word' id='word_1_615' title='bbox 1616 2323 1757 2373; x_wconf 76' lang='grc' dir='ltr'>Πατρὸς</span> <span class='ocrx_word' id='word_1_616' title='bbox 1773 2321 1831 2358; x_wconf 78' lang='grc' dir='ltr'><strong>καὶ</strong></span> <span class='ocrx_word' id='word_1_617' title='bbox 1850 2321 1979 2373; x_wconf 83' lang='grc' dir='ltr'>Κυρίου</span> <span class='ocrx_word' id='word_1_618' title='bbox 1999 2323 2097 2371; x_wconf 76' lang='grc' dir='ltr'>ἡμῶν</span> <span class='ocrx_word' id='word_1_619' title='bbox 2121 2321 2235 2368; x_wconf 87' lang='grc' dir='ltr'>Ἰησοῦ</span> <span class='ocrx_word' id='word_1_620' title='bbox 2257 2323 2421 2373; x_wconf 85' lang='grc' dir='ltr'>Χριστοῦ.</span> 
     </span>
    </p>
   </div>
   <div class='ocr_carea' id='block_1_26' title="bbox 1352 2381 2421 2434">
    <p class='ocr_par' dir='ltr' id='par_1_27' title="bbox 1352 2381 2421 2434">
     <span class='ocr_line' id='line_1_88' title="bbox 1352 2381 2416 2421; baseline -0.003 0"><span class='ocrx_word' id='word_1_621' title='bbox 1352 2383 1514 2421; x_wconf 59' lang='lat' dir='ltr'><strong>nssae*</strong></span> <span class='ocrx_word' id='word_1_622' title='bbox 1556 2383 1602 2407; x_wconf 69' lang='lat'><strong>—&#39;</strong></span> <span class='ocrx_word' id='word_1_623' title='bbox 1682 2382 1696 2396; x_wconf 62' lang='lat'><em>⁹</em></span> <span class='ocrx_word' id='word_1_624' title='bbox 1791 2384 1861 2403; x_wconf 43' lang='grc' dir='ltr'><strong>»τ</strong></span> <span class='ocrx_word' id='word_1_625' title='bbox 1927 2381 2156 2419; x_wconf 45' lang='lat' dir='ltr'><strong>”o—M‘</strong></span> <span class='ocrx_word' id='word_1_626' title='bbox 2219 2383 2416 2404; x_wconf 65' lang='grc'><strong>-“</strong></span> 
     </span>
     <span class='ocr_line' id='line_1_89' title="bbox 1485 2386 2421 2434; baseline -0.001 -14"><span class='ocrx_word' id='word_1_627' title='bbox 1485 2400 1539 2431; x_wconf 71' lang='grc' dir='ltr'><strong>αἱ,</strong></span> <span class='ocrx_word' id='word_1_628' title='bbox 1561 2399 1661 2421; x_wconf 71' lang='grc' dir='ltr'>ιιΟσΟν</span> <span class='ocrx_word' id='word_1_629' title='bbox 1685 2397 1821 2433; x_wconf 60' lang='grc' dir='ltr'>ισχυσελθ</span> <span class='ocrx_word' id='word_1_630' title='bbox 1843 2395 1865 2426; x_wconf 72' lang='grc' dir='ltr'>η</span> <span class='ocrx_word' id='word_1_631' title='bbox 1888 2397 1947 2419; x_wconf 73' lang='lat' dir='ltr'><strong>‘tou</strong></span> <span class='ocrx_word' id='word_1_632' title='bbox 2009 2398 2063 2419; x_wconf 63' lang='lat'><strong>:00</strong></span> <span class='ocrx_word' id='word_1_633' title='bbox 2090 2397 2207 2432; x_wconf 75' lang='grc' dir='ltr'>αγαπη</span> <span class='ocrx_word' id='word_1_634' title='bbox 2253 2398 2283 2420; x_wconf 87' lang='grc' dir='ltr'><strong>Οῑ</strong></span> <span class='ocrx_word' id='word_1_635' title='bbox 2304 2386 2421 2434; x_wconf 31' lang='grc' dir='ltr'>Εχύθρῡῑ.</span> 
     </span>
    </p>
   </div>
   <div class='ocr_carea' id='block_1_27' title="bbox 1400 2441 2420 2800">
    <p class='ocr_par' dir='ltr' id='par_1_28' title="bbox 1400 2441 2420 2800">
     <span class='ocr_line' id='line_1_90' title="bbox 1403 2441 2416 2495; baseline -0.002 -14"><span class='ocrx_word' id='word_1_636' title='bbox 1403 2444 1462 2481; x_wconf 76' lang='grc' dir='ltr'><strong>καὶ</strong></span> <span class='ocrx_word' id='word_1_637' title='bbox 1481 2443 1697 2495; x_wconf 74' lang='grc' dir='ltr'>ἠτιμωμένοι</span> <span class='ocrx_word' id='word_1_638' title='bbox 1723 2442 1812 2493; x_wconf 79' lang='grc' dir='ltr'>ἅγιοι</span> <span class='ocrx_word' id='word_1_639' title='bbox 1841 2441 1900 2480; x_wconf 80' lang='grc' dir='ltr'><strong>καὶ</strong></span> <span class='ocrx_word' id='word_1_640' title='bbox 1928 2441 2016 2480; x_wconf 74' lang='lat' dir='ltr'><strong>au‘iol</strong></span> <span class='ocrx_word' id='word_1_641' title='bbox 2041 2441 2220 2492; x_wconf 83' lang='grc' dir='ltr'>γεγόνασιν</span> <span class='ocrx_word' id='word_1_642' title='bbox 2242 2441 2416 2495; x_wconf 75' lang='grc' dir='ltr'>ἐξαίφνης.</span> 
     </span>
     <span class='ocr_line' id='line_1_91' title="bbox 1401 2502 2419 2558; baseline -0.002 -15"><span class='ocrx_word' id='word_1_643' title='bbox 1401 2504 1515 2543; x_wconf 45' lang='grc' dir='ltr'>ςΌταν</span> <span class='ocrx_word' id='word_1_644' title='bbox 1539 2504 1607 2558; x_wconf 73' lang='grc' dir='ltr'><strong>γὰρ</strong></span> <span class='ocrx_word' id='word_1_645' title='bbox 1631 2503 1766 2555; x_wconf 81' lang='grc' dir='ltr'>πατέρα</span> <span class='ocrx_word' id='word_1_646' title='bbox 1782 2503 1912 2554; x_wconf 77' lang='grc' dir='ltr'>καλέσῃ</span> <span class='ocrx_word' id='word_1_647' title='bbox 1927 2533 1937 2550; x_wconf 85' lang='grc'>,</span> <span class='ocrx_word' id='word_1_648' title='bbox 1957 2502 2047 2546; x_wconf 75' lang='grc' dir='ltr'>υἱοὺς</span> <span class='ocrx_word' id='word_1_649' title='bbox 2068 2503 2238 2549; x_wconf 80' lang='grc' dir='ltr'>ἐδήλωσεν</span> <span class='ocrx_word' id='word_1_650' title='bbox 2253 2518 2261 2526; x_wconf 87' lang='grc'><em>·</em></span> <span class='ocrx_word' id='word_1_651' title='bbox 2282 2502 2362 2541; x_wconf 79' lang='grc' dir='ltr'>ὅταν</span> <span class='ocrx_word' id='word_1_652' title='bbox 2383 2502 2419 2541; x_wconf 78' lang='grc' dir='ltr'><strong>δὲ</strong></span> 
     </span>
     <span class='ocr_line' id='line_1_92' title="bbox 1402 2563 2420 2616; baseline -0.001 -13"><span class='ocrx_word' id='word_1_653' title='bbox 1402 2566 1493 2610; x_wconf 72' lang='grc' dir='ltr'>υἱοὺς</span> <span class='ocrx_word' id='word_1_654' title='bbox 1515 2566 1593 2616; x_wconf 76' lang='grc' dir='ltr'>εἴπῃ</span> <span class='ocrx_word' id='word_1_655' title='bbox 1607 2595 1616 2613; x_wconf 89' lang='grc'>,</span> <span class='ocrx_word' id='word_1_656' title='bbox 1637 2565 1774 2603; x_wconf 83' lang='grc' dir='ltr'>ἅπαντα</span> <span class='ocrx_word' id='word_1_657' title='bbox 1790 2568 1857 2602; x_wconf 81' lang='grc' dir='ltr'><strong>τῶν</strong></span> <span class='ocrx_word' id='word_1_658' title='bbox 1879 2566 2015 2616; x_wconf 79' lang='grc' dir='ltr'>ἀγαθῶν</span> <span class='ocrx_word' id='word_1_659' title='bbox 2035 2564 2092 2602; x_wconf 83' lang='grc' dir='ltr'><strong>τὸν</strong></span> <span class='ocrx_word' id='word_1_660' title='bbox 2111 2563 2280 2614; x_wconf 82' lang='grc' dir='ltr'>θησαυρὸν</span> <span class='ocrx_word' id='word_1_661' title='bbox 2299 2564 2420 2602; x_wconf 86' lang='grc' dir='ltr'>ἀνεκά-</span> 
     </span>
     <span class='ocr_line' id='line_1_93' title="bbox 1400 2624 2418 2678; baseline -0.001 -14"><span class='ocrx_word' id='word_1_662' title='bbox 1400 2628 1497 2678; x_wconf 66' lang='grc' dir='ltr'>λυψε.</span> <span class='ocrx_word' id='word_1_663' title='bbox 1512 2626 1681 2677; x_wconf 75' lang='grc' dir='ltr'>Μένωμεν</span> <span class='ocrx_word' id='word_1_664' title='bbox 1697 2626 1808 2664; x_wconf 87' lang='grc' dir='ltr'>τοίνυν</span> <span class='ocrx_word' id='word_1_665' title='bbox 1824 2625 1920 2669; x_wconf 81' lang='grc' dir='ltr'>ἀξίαν</span> <span class='ocrx_word' id='word_1_666' title='bbox 1936 2628 1998 2671; x_wconf 76' lang='grc' dir='ltr'><strong>τῆς</strong></span> <span class='ocrx_word' id='word_1_667' title='bbox 2014 2626 2143 2676; x_wconf 81' lang='grc' dir='ltr'>δωρεᾶς</span> <span class='ocrx_word' id='word_1_668' title='bbox 2161 2624 2223 2671; x_wconf 72' lang='grc' dir='ltr'><strong>τὴν</strong></span> <span class='ocrx_word' id='word_1_669' title='bbox 2242 2626 2418 2663; x_wconf 87' lang='grc' dir='ltr'>πολιτείαν</span> 
     </span>
     <span class='ocr_line' id='line_1_94' title="bbox 1402 2685 2418 2738; baseline -0.004 -12"><span class='ocrx_word' id='word_1_670' title='bbox 1402 2687 1648 2738; x_wconf 79' lang='grc' dir='ltr'>ἐνδεικνύμενοι</span> <span class='ocrx_word' id='word_1_671' title='bbox 1665 2717 1674 2734; x_wconf 89' lang='grc'><strong>,</strong></span> <span class='ocrx_word' id='word_1_672' title='bbox 1703 2687 1762 2724; x_wconf 83' lang='grc' dir='ltr'><strong>καὶ</strong></span> <span class='ocrx_word' id='word_1_673' title='bbox 1787 2686 1850 2734; x_wconf 75' lang='grc' dir='ltr'><strong>τὴν</strong></span> <span class='ocrx_word' id='word_1_674' title='bbox 1884 2686 2021 2737; x_wconf 86' lang='grc' dir='ltr'>εἰρήνην</span> <span class='ocrx_word' id='word_1_675' title='bbox 2050 2685 2109 2723; x_wconf 79' lang='grc' dir='ltr'><strong>καὶ</strong></span> <span class='ocrx_word' id='word_1_676' title='bbox 2135 2685 2198 2732; x_wconf 86' lang='grc' dir='ltr'><strong>τὴν</strong></span> <span class='ocrx_word' id='word_1_677' title='bbox 2224 2685 2418 2736; x_wconf 82' lang='grc' dir='ltr'>ἁγιωσύνην</span> 
     </span>
     <span class='ocr_line' id='line_1_95' title="bbox 1403 2738 2419 2800; baseline -0.005 -14"><span class='ocrx_word' id='word_1_678' title='bbox 1403 2749 1652 2800; x_wconf 84' lang='grc' dir='ltr'>διατηροῦντες.</span> <span class='ocrx_word' id='word_1_679' title='bbox 1672 2747 1729 2786; x_wconf 84' lang='grc' dir='ltr'><strong>Τὰ</strong></span> <span class='ocrx_word' id='word_1_680' title='bbox 1746 2747 1806 2798; x_wconf 78' lang='grc' dir='ltr'><strong>μὲν</strong></span> <span class='ocrx_word' id='word_1_681' title='bbox 1823 2746 1891 2799; x_wconf 82' lang='grc' dir='ltr'><strong>γὰρ</strong></span> <span class='ocrx_word' id='word_1_682' title='bbox 1917 2746 2006 2784; x_wconf 80' lang='grc' dir='ltr'>ἄλλα</span> <span class='ocrx_word' id='word_1_683' title='bbox 2023 2738 2203 2794; x_wconf 81' lang='grc' dir='ltr'>ἀξιώματα</span> <span class='ocrx_word' id='word_1_684' title='bbox 2222 2744 2419 2797; x_wconf 83' lang='grc' dir='ltr'>πρόσκαιρά</span> 
     </span>
    </p>
   </div>
   <div class='ocr_carea' id='block_1_28' title="bbox 1400 2804 2419 2861">
    <p class='ocr_par' dir='ltr' id='par_1_29' title="bbox 1400 2804 2419 2861">
     <span class='ocr_line' id='line_1_96' title="bbox 1400 2804 2419 2861; baseline -0.006 -13.861"><span class='ocrx_word' id='word_1_685' title='bbox 1400 2809 1558 2857; x_wconf 80' lang='grc' dir='ltr'>τέεστι,</span> <span class='ocrx_word' id='word_1_686' title='bbox 1592 2825 1651 2847; x_wconf 89' lang='grc' dir='ltr'><strong>και</strong></span> <span class='ocrx_word' id='word_1_687' title='bbox 1676 2825 1725 2846; x_wconf 78' lang='grc' dir='ltr'><strong>τι)</strong></span> <span class='ocrx_word' id='word_1_688' title='bbox 1755 2808 1902 2861; x_wconf 84' lang='grc' dir='ltr'>παρόντι</span> <span class='ocrx_word' id='word_1_689' title='bbox 1934 2805 2209 2857; x_wconf 86' lang='grc' dir='ltr'>συγκαταλυεται</span> <span class='ocrx_word' id='word_1_690' title='bbox 2241 2804 2331 2857; x_wconf 81' lang='grc' dir='ltr'>βίω,</span> <span class='ocrx_word' id='word_1_691' title='bbox 2360 2821 2419 2842; x_wconf 88' lang='grc' dir='ltr'><strong>και</strong></span> 
     </span>
    </p>
   </div>
   <div class='ocr_carea' id='block_1_29' title="bbox 2016 2865 2204 2896">
    <p class='ocr_par' dir='ltr' id='par_1_30' title="bbox 2016 2865 2204 2896">
     <span class='ocr_line' id='line_1_97' title="bbox 2016 2865 2204 2896; baseline 0.006 -16.133"><span class='ocrx_word' id='word_1_692' title='bbox 2016 2865 2204 2896; x_wconf 47' lang='lat' dir='ltr'><strong>sxgbzogr</strong></span> 
     </span>
    </p>
   </div>
   <div class='ocr_carea' id='block_1_30' title="bbox 1400 2867 2419 3064">
    <p class='ocr_par' dir='ltr' id='par_1_31' title="bbox 1400 2867 2419 3041">
     <span class='ocr_line' id='line_1_98' title="bbox 1400 2867 2419 2943; baseline -0.006 -33.994"><span class='ocrx_word' id='word_1_693' title='bbox 1400 2871 1544 2943; x_wconf 65' lang='grc' dir='ltr'>γρναάτ</span> <span class='ocrx_word' id='word_1_694' title='bbox 1533 2886 1594 2908; x_wconf 88' lang='grc' dir='ltr'><strong>ων</strong></span> <span class='ocrx_word' id='word_1_695' title='bbox 1615 2870 1706 2908; x_wconf 79' lang='grc' dir='ltr'>ἐστιν</span> <span class='ocrx_word' id='word_1_696' title='bbox 1729 2869 1863 2915; x_wconf 84' lang='grc' dir='ltr'>ὠνητά·</span> <span class='ocrx_word' id='word_1_697' title='bbox 1893 2869 1969 2907; x_wconf 84' lang='grc' dir='ltr'>οΌεν</span> <span class='ocrx_word' id='word_1_698' title='bbox 1994 2883 2069 2905; x_wconf 87' lang='grc' dir='ltr'>ουοε</span> <span class='ocrx_word' id='word_1_699' title='bbox 2127 2882 2309 2916; x_wconf 83' lang='grc' dir='ltr'>αςιωματα</span> <span class='ocrx_word' id='word_1_700' title='bbox 2332 2867 2419 2904; x_wconf 86' lang='grc' dir='ltr'>αὐτα</span> 
     </span>
     <span class='ocr_line' id='line_1_99' title="bbox 1403 2926 2419 3003; baseline -0.006 -34"><span class='ocrx_word' id='word_1_701' title='bbox 1403 2935 1489 2969; x_wconf 88' lang='grc' dir='ltr'>εἰναι</span> <span class='ocrx_word' id='word_1_702' title='bbox 1510 2931 1549 2968; x_wconf 74' lang='grc' dir='ltr'><strong>ἄν</strong></span> <span class='ocrx_word' id='word_1_703' title='bbox 1567 2947 1618 2974; x_wconf 87' lang='grc' dir='ltr'><strong>τις</strong></span> <span class='ocrx_word' id='word_1_704' title='bbox 1638 2929 1722 3003; x_wconf 70' lang='grc' dir='ltr'>ραίη</span> <span class='ocrx_word' id='word_1_705' title='bbox 1739 2959 1746 2976; x_wconf 81' lang='lat'>‚</span> <span class='ocrx_word' id='word_1_706' title='bbox 1765 2930 1840 2967; x_wconf 87' lang='grc' dir='ltr'>ἀλλ’</span> <span class='ocrx_word' id='word_1_707' title='bbox 1857 2928 2010 2978; x_wconf 83' lang='grc' dir='ltr'>ὀνόματα</span> <span class='ocrx_word' id='word_1_708' title='bbox 2026 2926 2230 2976; x_wconf 68' lang='grc' dir='ltr'>ἀξιωμάτων</span> <span class='ocrx_word' id='word_1_709' title='bbox 2253 2926 2367 2977; x_wconf 83' lang='grc' dir='ltr'>μόνον,</span> <span class='ocrx_word' id='word_1_710' title='bbox 2385 2928 2419 2964; x_wconf 75' lang='grc' dir='ltr'><strong>ἐν</strong></span> 
     </span>
     <span class='ocr_line' id='line_1_100' title="bbox 1401 2987 2419 3064; baseline -0.006 -34"><span class='ocrx_word' id='word_1_711' title='bbox 1401 2995 1444 3043; x_wconf 79' lang='grc' dir='ltr'><strong>τῇ</strong></span> <span class='ocrx_word' id='word_1_712' title='bbox 1463 3008 1531 3029; x_wconf 91' lang='grc' dir='ltr'><strong>των</strong></span> <span class='ocrx_word' id='word_1_713' title='bbox 1550 2991 1699 3041; x_wconf 88' lang='grc' dir='ltr'>ιματίων</span> <span class='ocrx_word' id='word_1_714' title='bbox 1719 2989 1885 3041; x_wconf 66' lang='grc' dir='ltr'>περιῧολ</span> <span class='ocrx_word' id='word_1_715' title='bbox 1856 3006 1885 3040; x_wconf 81' lang='grc' dir='ltr'>ῃ</span> <span class='ocrx_word' id='word_1_716' title='bbox 1899 3017 1908 3035; x_wconf 86' lang='grc'>,</span> <span class='ocrx_word' id='word_1_717' title='bbox 1925 3004 1983 3026; x_wconf 90' lang='grc' dir='ltr'><strong>και</strong></span> <span class='ocrx_word' id='word_1_718' title='bbox 1998 3004 2040 3039; x_wconf 87' lang='grc' dir='ltr'><strong>τῃ</strong></span> <span class='ocrx_word' id='word_1_719' title='bbox 2061 3004 2128 3025; x_wconf 76' lang='grc' dir='ltr'><strong>των</strong></span> <span class='ocrx_word' id='word_1_720' title='bbox 2145 2987 2339 3064; x_wconf 75' lang='grc' dir='ltr'>δορυφόρων</span> <span class='ocrx_word' id='word_1_721' title='bbox 2357 3003 2419 3025; x_wconf 83' lang='grc' dir='ltr'><strong>κο-</strong></span> 
     </span>
    </p>
   </div>
   <div class='ocr_carea' id='block_1_31' title="bbox 1401 3048 2418 3101">
    <p class='ocr_par' dir='ltr' id='par_1_32' title="bbox 1401 3048 2418 3101">
     <span class='ocr_line' id='line_1_101' title="bbox 1401 3048 2418 3101; baseline -0.007 -10"><span class='ocrx_word' id='word_1_722' title='bbox 1401 3052 1525 3091; x_wconf 70' lang='grc' dir='ltr'>λακίια</span> <span class='ocrx_word' id='word_1_723' title='bbox 1546 3068 1608 3098; x_wconf 76' lang='grc' dir='ltr'><strong>Την</strong></span> <span class='ocrx_word' id='word_1_724' title='bbox 1638 3050 1784 3101; x_wconf 51' lang='grc' dir='ltr'>Ούναίῷιν</span> <span class='ocrx_word' id='word_1_725' title='bbox 1810 3050 1934 3101; x_wconf 58' lang='grc' dir='ltr'>ἔχοντα</span> <span class='ocrx_word' id='word_1_726' title='bbox 1947 3080 1956 3097; x_wconf 74' lang='lat'>5</span> <span class='ocrx_word' id='word_1_727' title='bbox 1973 3064 2073 3087; x_wconf 70' lang='grc' dir='ltr'><strong>του““0</strong></span> <span class='ocrx_word' id='word_1_728' title='bbox 2091 3064 2146 3096; x_wconf 76' lang='grc' dir='ltr'><strong>ΟΞ,</strong></span> <span class='ocrx_word' id='word_1_729' title='bbox 2171 3049 2230 3085; x_wconf 71' lang='grc' dir='ltr'><strong>ἅτε</strong></span> <span class='ocrx_word' id='word_1_730' title='bbox 2243 3048 2339 3099; x_wconf 75' lang='grc' dir='ltr'>παρὰ</span> <span class='ocrx_word' id='word_1_731' title='bbox 2360 3064 2418 3086; x_wconf 69' lang='lat' dir='ltr'><strong>&#39;&#39;l-⁸01)</strong></span> 
     </span>
    </p>
   </div>
   <div class='ocr_carea' id='block_1_32' title="bbox 341 3106 2420 3163">
    <p class='ocr_par' dir='ltr' id='par_1_33' title="bbox 341 3106 2420 3163">
     <span class='ocr_line' id='line_1_102' title="bbox 341 3106 2420 3163; baseline 0.001 -19"><span class='ocrx_word' id='word_1_732' title='bbox 341 3107 464 3156; x_wconf 76' lang='lat' dir='ltr'><strong>efficit,</strong></span> <span class='ocrx_word' id='word_1_733' title='bbox 485 3116 518 3144; x_wconf 88' lang='lat' dir='ltr'><strong>et</strong></span> <span class='ocrx_word' id='word_1_734' title='bbox 540 3106 586 3143; x_wconf 91' lang='lat' dir='ltr'><strong>ad</strong></span> <span class='ocrx_word' id='word_1_735' title='bbox 611 3106 767 3144; x_wconf 86' lang='lat' dir='ltr'><strong>futuram</strong></span> <span class='ocrx_word' id='word_1_736' title='bbox 792 3106 904 3144; x_wconf 83' lang='lat' dir='ltr'><strong>vitam</strong></span> <span class='ocrx_word' id='word_1_737' title='bbox 926 3108 1111 3148; x_wconf 80' lang='lat' dir='ltr'><strong>nobiscum</strong></span> <span class='ocrx_word' id='word_1_738' title='bbox 1137 3110 1324 3163; x_wconf 85' lang='lat' dir='ltr'><strong>demigrat</strong></span> <span class='ocrx_word' id='word_1_739' title='bbox 1349 3121 1372 3150; x_wconf 94' lang='lat' dir='ltr'>C</span> <span class='ocrx_word' id='word_1_740' title='bbox 1402 3114 1493 3151; x_wconf 89' lang='grc' dir='ltr'>Θεοῦ</span> <span class='ocrx_word' id='word_1_741' title='bbox 1510 3111 1616 3158; x_wconf 76' lang='grc' dir='ltr'>δοθὲν,</span> <span class='ocrx_word' id='word_1_742' title='bbox 1640 3111 1680 3148; x_wconf 80' lang='grc' dir='ltr'><strong>τὸ</strong></span> <span class='ocrx_word' id='word_1_743' title='bbox 1705 3111 1813 3163; x_wconf 78' lang='grc' dir='ltr'>δωρον</span> <span class='ocrx_word' id='word_1_744' title='bbox 1833 3126 1871 3148; x_wconf 84' lang='grc' dir='ltr'><strong>το</strong></span> <span class='ocrx_word' id='word_1_745' title='bbox 1890 3126 1951 3155; x_wconf 86' lang='grc' dir='ltr'><strong>της</strong></span> <span class='ocrx_word' id='word_1_746' title='bbox 1971 3108 2165 3159; x_wconf 57' lang='lat' dir='ltr'><strong>Quocum&lt;</strong></span> <span class='ocrx_word' id='word_1_747' title='bbox 2185 3124 2244 3147; x_wconf 82' lang='grc' dir='ltr'><strong>και</strong></span> <span class='ocrx_word' id='word_1_748' title='bbox 2266 3111 2327 3154; x_wconf 78' lang='grc' dir='ltr'><strong>τῆς</strong></span> <span class='ocrx_word' id='word_1_749' title='bbox 2345 3124 2420 3146; x_wconf 87' lang='grc' dir='ltr'>υιο-</span> 
     </span>
    </p>
   </div>
   <div class='ocr_carea' id='block_1_33' title="bbox 341 3141 1324 3218">
    <p class='ocr_par' dir='ltr' id='par_1_34' title="bbox 341 3141 1324 3218">
     <span class='ocr_line' id='line_1_103' title="bbox 341 3141 1324 3218; baseline 0.007 -14"><span class='ocrx_word' id='word_1_750' title='bbox 341 3168 434 3205; x_wconf 86' lang='lat' dir='ltr'><strong>Nam</strong></span> <span class='ocrx_word' id='word_1_751' title='bbox 455 3167 515 3218; x_wconf 87' lang='lat' dir='ltr'><strong>qui</strong></span> <span class='ocrx_word' id='word_1_752' title='bbox 539 3166 766 3218; x_wconf 88' lang='lat' dir='ltr'><strong>adoptionem</strong></span> <span class='ocrx_word' id='word_1_753' title='bbox 794 3181 872 3204; x_wconf 70' lang='lat' dir='ltr'><strong>serx</strong></span> <span class='ocrx_word' id='word_1_754' title='bbox 875 3176 922 3217; x_wconf 82' lang='lat' dir='ltr'><strong>at,</strong></span> <span class='ocrx_word' id='word_1_755' title='bbox 952 3177 985 3206; x_wconf 93' lang='lat' dir='ltr'><strong>et</strong></span> <span class='ocrx_word' id='word_1_756' title='bbox 1010 3141 1324 3210; x_wconf 50' lang='lat' dir='ltr'><strong>sanctificationum]</strong></span> 
     </span>
    </p>
   </div>
   <div class='ocr_carea' id='block_1_34' title="bbox 383 3271 1344 3321">
    <p class='ocr_par' dir='ltr' id='par_1_35' title="bbox 383 3271 1344 3321">
     <span class='ocr_line' id='line_1_104' title="bbox 383 3271 1344 3321; baseline 0.012 -19"><span class='ocrx_word' id='word_1_757' title='bbox 383 3282 395 3296; x_wconf 57' lang='grc' dir='ltr'><strong>ε</strong></span> <span class='ocrx_word' id='word_1_758' title='bbox 407 3271 513 3304; x_wconf 81' lang='lat' dir='ltr'><strong>Iidem</strong></span> <span class='ocrx_word' id='word_1_759' title='bbox 530 3275 667 3316; x_wconf 65' lang='grc' dir='ltr'>διάκρισις</span> <span class='ocrx_word' id='word_1_760' title='bbox 683 3277 700 3309; x_wconf 81' lang='grc' dir='ltr'>ἢ</span> <span class='ocrx_word' id='word_1_761' title='bbox 717 3276 763 3305; x_wconf 76' lang='grc' dir='ltr'><strong>καὶ</strong></span> <span class='ocrx_word' id='word_1_762' title='bbox 781 3275 912 3307; x_wconf 64' lang='grc' dir='ltr'>δείκνυσι.</span> <span class='ocrx_word' id='word_1_763' title='bbox 925 3275 977 3316; x_wconf 79' lang='grc' dir='ltr'><strong>[Α.</strong></span> <span class='ocrx_word' id='word_1_764' title='bbox 991 3283 1023 3308; x_wconf 77' lang='lat' dir='ltr'><strong>el,</strong></span> <span class='ocrx_word' id='word_1_765' title='bbox 1039 3288 1144 3321; x_wconf 79' lang='lat' dir='ltr'><strong>marg.</strong></span> <span class='ocrx_word' id='word_1_766' title='bbox 1155 3277 1259 3311; x_wconf 62' lang='lat' dir='ltr'><strong>Savil..</strong></span> <span class='ocrx_word' id='word_1_767' title='bbox 1272 3282 1344 3313; x_wconf 70' lang='grc' dir='ltr'>διαί-</span> 
     </span>
    </p>
   </div>
   <div class='ocr_carea' id='block_1_35' title="bbox 336 3324 573 3366">
    <p class='ocr_par' dir='ltr' id='par_1_36' title="bbox 336 3324 573 3366">
     <span class='ocr_line' id='line_1_105' title="bbox 336 3324 573 3366; baseline -0.004 -10"><span class='ocrx_word' id='word_1_768' title='bbox 336 3338 415 3366; x_wconf 61' lang='grc' dir='ltr'>ρεσις</span> <span class='ocrx_word' id='word_1_769' title='bbox 428 3328 444 3359; x_wconf 78' lang='grc' dir='ltr'>ἢ</span> <span class='ocrx_word' id='word_1_770' title='bbox 463 3328 510 3355; x_wconf 71' lang='grc' dir='ltr'><strong>καὶ</strong></span> <span class='ocrx_word' id='word_1_771' title='bbox 530 3324 573 3364; x_wconf 76' lang='grc' dir='ltr'><strong>ὃ.]</strong></span> 
     </span>
    </p>
   </div>
   <div class='ocr_carea' id='block_1_36' title="bbox 380 3374 953 3470">
    <p class='ocr_par' dir='ltr' id='par_1_37' title="bbox 380 3374 953 3470">
     <span class='ocr_line' id='line_1_106' title="bbox 381 3374 953 3413; baseline 0.01 -10"><span class='ocrx_word' id='word_1_772' title='bbox 381 3374 397 3397; x_wconf 84' lang='lat' dir='ltr'><strong>d</strong></span> <span class='ocrx_word' id='word_1_773' title='bbox 421 3374 474 3405; x_wconf 74' lang='lat' dir='ltr'><strong>Sic</strong></span> <span class='ocrx_word' id='word_1_774' title='bbox 492 3375 566 3406; x_wconf 73' lang='lat' dir='ltr'><strong>Mss.</strong></span> <span class='ocrx_word' id='word_1_775' title='bbox 584 3384 681 3407; x_wconf 83' lang='lat' dir='ltr'><strong>recte.</strong></span> <span class='ocrx_word' id='word_1_776' title='bbox 699 3375 790 3408; x_wconf 74' lang='lat' dir='ltr'><strong>Ediii</strong></span> <span class='ocrx_word' id='word_1_777' title='bbox 809 3378 953 3413; x_wconf 68' lang='grc' dir='ltr'>δηλονότι.</span> 
     </span>
     <span class='ocr_line' id='line_1_107' title="bbox 380 3423 873 3470; baseline 0.012 -16"><span class='ocrx_word' id='word_1_778' title='bbox 380 3431 391 3444; x_wconf 70' lang='lat'><strong>⁶</strong></span> <span class='ocrx_word' id='word_1_779' title='bbox 416 3423 519 3458; x_wconf 83' lang='lat' dir='ltr'><strong>Iidem</strong></span> <span class='ocrx_word' id='word_1_780' title='bbox 538 3426 583 3466; x_wconf 63' lang='lat' dir='ltr'><strong>{et</strong></span> <span class='ocrx_word' id='word_1_781' title='bbox 602 3427 654 3468; x_wconf 67' lang='lat' dir='ltr'><strong>A]</strong></span> <span class='ocrx_word' id='word_1_782' title='bbox 667 3431 751 3470; x_wconf 63' lang='grc' dir='ltr'>ῥῆμα</span> <span class='ocrx_word' id='word_1_783' title='bbox 770 3431 873 3469; x_wconf 69' lang='grc' dir='ltr'>λέγειν.</span> 
     </span>
    </p>
   </div>
   <div class='ocr_carea' id='block_1_37' title="bbox 1403 3168 2418 3221">
    <p class='ocr_par' dir='ltr' id='par_1_38' title="bbox 1403 3168 2418 3221">
     <span class='ocr_line' id='line_1_108' title="bbox 1403 3168 2418 3221; baseline -0.008 -9"><span class='ocrx_word' id='word_1_784' title='bbox 1403 3172 1538 3221; x_wconf 80' lang='grc' dir='ltr'>Οεσίας,</span> <span class='ocrx_word' id='word_1_785' title='bbox 1567 3171 1644 3211; x_wconf 84' lang='grc' dir='ltr'>οὐδε</span> <span class='ocrx_word' id='word_1_786' title='bbox 1667 3171 1773 3209; x_wconf 55' lang='lat' dir='ltr'><strong>(savir</strong></span> <span class='ocrx_word' id='word_1_787' title='bbox 1776 3188 1803 3207; x_wconf 65' lang='grc' dir='ltr'><strong>ι)</strong></span> <span class='ocrx_word' id='word_1_788' title='bbox 1820 3169 2066 3216; x_wconf 84' lang='grc' dir='ltr'>διακόπτεται,</span> <span class='ocrx_word' id='word_1_789' title='bbox 2088 3168 2178 3207; x_wconf 80' lang='grc' dir='ltr'>ἀλλα</span> <span class='ocrx_word' id='word_1_790' title='bbox 2201 3167 2418 3207; x_wconf 78' lang='grc' dir='ltr'>καιένταῦθα</span> 
     </span>
    </p>
   </div>
   <div class='ocr_carea' id='block_1_38' title="bbox 1409 3273 2419 3421">
    <p class='ocr_par' dir='ltr' id='par_1_39' title="bbox 1409 3273 2419 3421">
     <span class='ocr_line' id='line_1_109' title="bbox 1453 3273 2419 3321; baseline -0.005 -12"><span class='ocrx_word' id='word_1_791' title='bbox 1453 3289 1466 3303; x_wconf 81' lang='lat'><strong>³</strong></span> <span class='ocrx_word' id='word_1_792' title='bbox 1491 3277 1597 3309; x_wconf 86' lang='lat' dir='ltr'><strong>Iidem</strong></span> <span class='ocrx_word' id='word_1_793' title='bbox 1615 3278 1669 3319; x_wconf 84' lang='lat' dir='ltr'><strong>[et</strong></span> <span class='ocrx_word' id='word_1_794' title='bbox 1688 3276 1741 3321; x_wconf 82' lang='lat' dir='ltr'><strong>A.]</strong></span> <span class='ocrx_word' id='word_1_795' title='bbox 1765 3282 1818 3310; x_wconf 77' lang='grc' dir='ltr'>υἱοὶ</span> <span class='ocrx_word' id='word_1_796' title='bbox 1843 3283 2013 3318; x_wconf 70' lang='grc' dir='ltr'>γεγόναμεν.</span> <span class='ocrx_word' id='word_1_797' title='bbox 2042 3274 2136 3306; x_wconf 84' lang='lat' dir='ltr'><strong>Infra</strong></span> <span class='ocrx_word' id='word_1_798' title='bbox 2158 3273 2256 3306; x_wconf 84' lang='lat' dir='ltr'><strong>iidem</strong></span> <span class='ocrx_word' id='word_1_799' title='bbox 2275 3279 2419 3317; x_wconf 65' lang='grc' dir='ltr'>θησαυρὸν</span> 
     </span>
     <span class='ocr_line' id='line_1_110' title="bbox 1409 3329 2164 3373; baseline -0.005 -9"><span class='ocrx_word' id='word_1_800' title='bbox 1409 3332 1578 3373; x_wconf 62' lang='grc' dir='ltr'>ἑξεκάλυψε.</span> <span class='ocrx_word' id='word_1_801' title='bbox 1593 3330 1635 3361; x_wconf 86' lang='lat' dir='ltr'><strong>Et</strong></span> <span class='ocrx_word' id='word_1_802' title='bbox 1653 3340 1731 3361; x_wconf 73' lang='lat' dir='ltr'><strong>mox</strong></span> <span class='ocrx_word' id='word_1_803' title='bbox 1748 3329 1838 3370; x_wconf 85' lang='lat' dir='ltr'><strong>[cum</strong></span> <span class='ocrx_word' id='word_1_804' title='bbox 1857 3329 1911 3370; x_wconf 78' lang='lat' dir='ltr'><strong>A.]</strong></span> <span class='ocrx_word' id='word_1_805' title='bbox 1930 3331 2164 3370; x_wconf 64' lang='grc' dir='ltr'>ἐπιδεικνύμενοι.</span> 
     </span>
     <span class='ocr_line' id='line_1_111' title="bbox 1453 3379 1996 3421; baseline -0.004 -8"><span class='ocrx_word' id='word_1_806' title='bbox 1453 3383 1469 3405; x_wconf 82' lang='lat' dir='ltr'><strong>b</strong></span> <span class='ocrx_word' id='word_1_807' title='bbox 1494 3379 1608 3414; x_wconf 72' lang='lat' dir='ltr'><strong>Mox-el.</strong></span> <span class='ocrx_word' id='word_1_808' title='bbox 1629 3380 1716 3412; x_wconf 88' lang='lat' dir='ltr'><strong>solus</strong></span> <span class='ocrx_word' id='word_1_809' title='bbox 1733 3383 1812 3415; x_wconf 70' lang='grc' dir='ltr'>οὐδὲν</span> <span class='ocrx_word' id='word_1_810' title='bbox 1826 3385 1996 3421; x_wconf 62' lang='grc' dir='ltr'>ἀξώματα.</span> 
     </span>
    </p>
   </div>
  </div>
 </body>
</html>
