2502 3810
714 286 757 317 m·
797 287 936 317 EPIST.

65 367 184 420 μένως.
202 368 250 407 Τί
276 367 344 421 γὰρ
377 368 415 405 ἂν
449 368 574 415 εἴποις,
595 368 711 420 φησὶν,
742 368 795 406 ὅτι
821 370 883 406 οὐκ
914 368 1006 409 οἶδας
1038 366 1081 404 τὰ

61 429 421 483 πρακτέα;Μάλιο-τα
449 428 511 479 μὲν
541 428 650 467 εἶκαὶ
677 428 725 479 μὴ
754 429 868 480 ᾔδεις,
892 427 932 466 σὺ
954 427 1078 474 αἴτιος,

58 492 78 526 ὃ
98 489 195 541 ἀφεὶς
212 489 268 527 τὸν
283 489 501 541 γνωρίσαντα
521 488 694 528 σοιΘεόν·
718 493 774 526 νῦν
790 488 898 526 δὲκαὶ
919 487 975 525 διὰ
986 489 1076 525 πολ-

550 548 567 569 ¹³
579 549 638 586 καὶ
654 549 766 587 ἑκοντὶ
790 549 1075 598 πλημμελοῦντα.

58 551 129 587 λῶν
151 565 188 588 σε
207 549 384 600 δείκνυμεν
401 549 532 595 εἰδότα,

59 609 152 648 Ἀλλ’
173 610 240 647 ὑπὸ
259 614 317 646 τοῦ
333 609 464 653 πάθους
486 609 592 660 ἕλκῃ,
611 609 657 647 Τί
674 603 730 646 οῦν
747 608 806 646 καὶ
822 607 1076 660 συμπράττεις,

60 670 121 708 καὶ
141 671 310 717 ἕπαινεῖς;
325 672 379 708 Οὐ
392 670 459 723 γὰρ
475 669 574 721 μόνον
593 669 681 707 αὐτὰ
696 670 973 720 ποιοῦσι,φτ,σ“ιν,
989 667 1078 706 ἀλλὰ

60 731 121 768 καὶ
133 732 373 769 συνευδοκοῦσι
387 737 457 773 τοῖς
468 729 752 782 πράσσουσι.Τὴν
762 724 817 766 οὖν
826 728 1076 781 χαλεπωτέραν

61 791 227 843 πρότερον
244 792 312 834 θεὶς
332 792 391 829 καὶ
407 791 657 843 ἀσόγγνωστον,
673 790 730 827 ἵνα
748 790 811 840 ἕλῃ
831 789 918 837 (καὶ
934 789 1000 840 γὰρ
1019 792 1077 826 τοῦ

977 286 1034 315 ΑΒ
1072 284 1160 315 nOM
1173 305 1179 313 .

2044 271 2126 292 [νο

1219 284 1372 315 HOMlL.
1413 286 1458 316 V.
2041 288 2098 316 'QO
2117 291 2127 313 )

1149 367 1257 417 digni
1275 375 1362 404 sunt
1384 376 1528 414 morte,·
1551 382 1627 406 non
1642 370 1767 407 solum
1784 371 2024 421 ipsifaciztnt
2039 400 2047 415 ,
2064 371 2133 406 sed

1152 429 1269 463 etiam
1277 428 1521 478 facientibus
1540 433 1794 468 consentiunt.
1823 431 1913 468 Cum
1951 429 2040 468 duas
2067 445 2132 482 po-

1149 486 1275 524 suisset
1293 487 1504 538 antitheses,
1525 489 1584 527 hic
1606 491 1727 528 ambas
1747 491 1925 543 praecipue
1942 490 1987 529 de
2013 490 2130 529 medio

1149 547 1253 584 tollit.
1281 547 1380 595 Quid
1396 550 1489 586 enim
1509 550 1666 601 dixeris,
1686 551 1821 602 inquit,
1850 561 1882 589 te
1908 551 2042 590 nescire
2067 566 2128 600 ea,

1149 621 1227 657 quae
1251 608 1412 646 facienda
1439 611 1546 647 sunt?
1576 612 1676 649 Certe
1701 612 1729 649 si
1763 626 1832 650 non
1865 627 2006 661 nosses,
2027 622 2065 650 tu
2095 612 2131 649 in

1149 680 1252 704 causa
1264 682 1369 716 esses,
1385 669 1508 707 relicto
1527 671 1690 721 Deo,qui
1710 672 1775 709 tibi
1791 674 1867 711 haec
1886 683 1966 710 nota
1983 673 2129 711 fecerat:

1150 740 1244 764 nunc
1260 741 1342 765 x‘ero
1362 729 1483 766 multis
1501 731 1693 781 probamus
1713 741 1745 769 te
1766 733 1827 769 illa
1844 733 1954 782 scire,
1975 743 2007 770 et
2026 747 2132 785 spon-

1150 795 1184 823 te
1202 801 1357 838 peccare.
1379 789 1451 826 Sed
1467 790 1511 827 ab
1525 791 1653 828 affectu
1668 793 1818 830 traheris
1835 794 1851 830 ἶ)
1867 794 1940 830 Cur
1954 808 2036 844 ergo
2052 808 2132 831 coo-

59 854 347 898 πληιιιιελοῦντος
362 855 379 890 ὁ
397 851 459 898 τὴν
480 851 652 902 ἁμαρτίαν
671 853 820 889 ἐπαινῶν
838 848 1081 901 χαλεπώτερος
1102 859 1126 888 D
1152 848 1286 898 peruris
1298 858 1330 885 et
1341 849 1465 887 laudas
1477 851 1495 887 ‚⁹
1510 853 1600 888 Non
1615 854 1739 890 solum
1755 857 1858 891 enim
1875 856 2129 907 illccfaciztnt‚

139 890 145 903 Ι
167 890 173 902 Ι

60 913 187 961 πολύ)·
196 919 295 952 τοῦτο
309 907 366 951 οῦν
377 915 550 966 πρῶτονει
539 911 638 959 ἶπὼν,
651 911 707 948 διὰ
720 925 841 948 τουτου
854 908 980 960 σφοδρό
983 923 1078 959 τερον

63 974 199 1012 πάλιν
184 990 218 1011 εν
237 979 306 1017 τοῖς
322 973 398 1018 εξῆς
415 973 514 1010 αὐτὸν
529 974 724 1024 χειροῦται,
749 969 859 1020 λέγων
884 968 989 1005 οὕτω·
1017 967 1080 1005 Διὸ

61 1034 320 1083 ἀναπολόγητος
349 1037 398 1080 εἰ,
426 1035 454 1069 ὠ
482 1032 656 1083 ἄνθρωπε,
673 1037 740 1073 πᾶς
770 1033 787 1067 ὁ
806 1029 952 1081 κρίνων·
970 1028 1031 1066 Εν
1052 1032 1080 1079 ᾧ

60 1094 131 1166 γὰρ
158 1095 284 1145 κρίνεις
310 1094 368 1131 τὸν
399 1092 437 1130 ἔτ
439 1107 526 1145 ερον,
546 1091 688 1129 σεαυτὸν
707 1090 937 1141 κατακρίνεις.
956 1091 1081 1127 Ταῦτα

60 1154 179 1205 πρὸς
162 1153 240 1196 τους
259 1154 428 1206 ἄρχοντας
453 1152 716 1202 ἀποτεινόμενος
734 1150 861 1201 ἔλεγεν,
884 1149 1001 1197 επειδῆ
1022 1165 1081 1187 και

60 1217 82 1260 ἡ
102 1213 202 1256 πόλις
219 1213 296 1250 τότε
317 1213 430 1259 ἐκείνη
454 1212 517 1259 τὴν
534 1215 604 1264 ἀρχ
604 1211 645 1258 τν
661 1215 702 1258 ἦν
720 1210 1004 1263 ἐγκεχειρισμὲνη
1020 1214 1083 1256 τῆς

61 1272 275 1323 οἰκουμένης.
297 1272 491 1324 Προλαοὼν
514 1276 570 1310 οὐν
595 1287 699 1324 φησι·
722 1276 848 1310 σαυτοῦ
869 1273 998 1323 ἀφαιρῇ·
1020 1286 1081 1317 την

61 1332 249 1385 ἀπολογίαν
265 1340 332 1376 πᾶς
349 1349 441 1376 οστις
460 1334 500 1370 ἂν
513 1337 578 1385 ᾐς·
602 1333 683 1372 οταν
704 1333 771 1385 γὰρ
797 1348 1009 1384 κατακρινῃς
1025 1348 1082 1369 τον

62 1394 198 1446 μοιχὸν,
216 1394 382 1447 μοιχεόῃς
397 1395 432 1432 δὲ
456 1394 516 1432 καὶ
536 1394 636 1436 αὐτὸς
644 1424 653 1442 ,
673 1393 736 1430 κᾶν
756 1393 876 1443 μηδεὶς
893 1391 1083 1446 ἀνθρώπων

61 1471 101 1494 σε
122 1455 242 1506 δικάζῃ
255 1486 263 1502 ,
283 1457 316 1493 ἐν
343 1459 386 1505 τῇ
403 1455 482 1507 περὶ
499 1459 558 1502 τοῦ
586 1453 772 1493 ὑπευθύνου
789 1454 893 1507 ψήφῳ
915 1453 975 1492 καὶ
994 1452 1084 1491 κατὰ

65 1519 190 1554 σαυτοῦ
209 1515 270 1562 τὴν
293 1515 466 1567 ἀπόφασιν
496 1515 654 1566 ἤνεγκας.
677 1514 832 1564 Οἴδαμεν
859 1514 949 1566 γὰρ,
965 1514 1018 1552 ὅτι
1045 1513 1084 1551 τὸ

63 1576 174 1628 κρίμα
210 1579 268 1613 τοῦ
301 1578 392 1614 Θεοῦ
426 1578 498 1613 ἐστι
528 1575 620 1613 κατὰ
651 1575 813 1621 ἀλήθειαν
846 1574 903 1613 ἐπὶ
931 1574 1010 1618 τοὺς
1040 1574 1084 1612 τὰ

63 1639 207 1673 τοιαῦτα
228 1635 457 1687 πράσσοντας.
477 1635 555 1673 Ἵνα
574 1635 642 1689 γὰρ
665 1635 712 1686 μὴ
729 1634 812 1687 λέγῃ
834 1651 902 1682 τις,
924 1635 975 1673 ὅτι
1000 1635 1085 1678 τέως

63 1701 77 1716 “”·
97 1696 266 1747 διέφυγον,
286 1696 399 1748 φοὸῶν
421 1711 537 1747 φησιν,
557 1695 610 1733 ὅτι
624 1698 689 1747 οὐχ
707 1695 812 1738 οὕτως
832 1695 905 1734 ἐστὶ
919 1695 1015 1748 παρὰ
1034 1698 1084 1747 τῷ

64 1758 147 1795 Θεῶ
170 1772 288 1808 ωσπερ
309 1759 467 1795 ἐνταῦθα.
483 1756 655 1795 Ενταῦθα
674 1756 742 1809 γαρ
765 1760 782 1794 ὃ
800 1773 860 1806 μεν
882 1757 967 1795 κολ
938 1758 1083 1805 αζεται,

64 1820 82 1854 ὁ
101 1796 136 1854 δὲΙ
162 1818 281 1869 διαφεύ
285 1834 337 1869 (ει
368 1817 411 1855 τὰ
444 1818 532 1855 αυτα
561 1820 692 1856 ποιῶν·
712 1819 783 1855 ἐκεῖ
804 1817 839 1856 δὲ
870 1833 934 1869 ουχ
965 1833 1082 1860 ουτως.

63 1877 149 1916 “O-t
172 1895 213 1929 με
216 1894 232 1915 ν
252 1881 308 1916 οὖν
325 1872 393 1916 οἶδε
407 1894 445 1916 το
466 1878 595 1916 δίκαιον
613 1880 629 1915 ὃ
649 1877 788 1929 κρίνων,
806 1882 898 1916 εἰπε·
919 1878 1021 1917 πόθεν
1049 1878 1084 1916 δὲ

65 1932 165 1984 οἶδεν,
185 1941 245 1977 οὐκ
261 1939 311 1976 ἔτι
331 1938 524 1990 προσεθηκε
540 1955 547 1962 ·
569 1954 729 1990 περιττον
750 1938 816 1990 γὰρ
842 1943 896 1985 ἠν.
913 1939 997 1977 Ἐπὶ
1020 1939 1084 1990 μὲν

64 1998 131 2049 γὰρ
157 2003 219 2046 τῆς
256 1999 415 2043 &caesione
446 1999 626 2051 ἀμφότερα
657 1999 824 2046 δείκνυσι,
850 1999 910 2036 καὶ
941 1999 994 2038 ὅτι
1026 2001 1083 2039 τὸν

64 2059 152 2096 Θεὸν
176 2060 273 2103 εἰδὼς
286 2088 295 2103 ,
314 2060 434 2105 ἦσέὸει
447 2090 456 2105 ,
476 2060 535 2097 καὶ
559 2059 661 2097 πόθεν
690 2059 809 2107 εἰδὼς,
830 2059 898 2097 ἀπὸ
929 2063 991 2106 τῆς
1010 2060 1084 2098 κτί-

65 2132 162 2161 σεως.
181 2121 324 2166 Ἐπειδὴ
344 2120 409 2172 γὰρ
424 2122 486 2158 οὐκ
507 2115 548 2167 ἦν
567 2121 668 2166 δῆλον
691 2120 838 2169 ἅπασιν,
855 2114 930 2159 εἷπε
944 2122 1004 2159 καὶ
1019 2121 1081 2168 τὴν

65 2178 177 2216 αἰτίαν
189 2195 195 2202 ·
209 2182 352 2218 ἐνταῦθα
372 2180 407 2219 δὲ
424 2183 469 2224 ὡς
479 2180 762 2232 ὡμολογημένου,
777 2181 956 2234 παρίησιν.
969 2182 1081 2220 ςΌτοιν

64 2241 99 2277 δὲ
121 2240 200 2292 εἴπῃ
216 2270 224 2286 ,
240 2243 317 2284 Πᾶς
340 2244 358 2279 ὁ
377 2241 515 2292 κρίνων,
539 2242 575 2279 οὐ
606 2248 676 2284 τοῖς
710 2242 856 2295 ἄρχουσι
886 2242 1081 2294 διαλέγεται

62 2301 178 2352 μόνον,
200 2303 287 2340 ἀλλὰ
305 2302 364 2340 καὶ
379 2302 531 2345 ἰδιώταις
547 2302 605 2340 καὶ
625 2303 841 2355 ἀρχομένοις.

60 2800 150 2849 μηδὲ
170 2800 311 2851 δημίους
327 2801 385 2838 καὶ
402 2800 510 2848 ξύλον,
528 2803 602 2839 ἀλλ’
618 2801 712 2853 ὅμως
730 2803 788 2841 καὶ
806 2804 901 2842 αὐτοὶ
919 2806 1074 2858 κρίνουσι

59 2859 138 2903 τοὺς
157 2861 429 2914 ἁμαρτάνοντας,
450 2863 484 2899 ἐν
511 2863 682 2907 διαλέξεσι
699 2863 758 2901 καὶ
777 2869 791 2884 ³
804 2872 929 2909 κοινοῖς
948 2867 1072 2906 συλλό-

59 2935 132 2971 γοις
153 2921 210 2958 καὶ
234 2937 275 2958 w
297 2939 354 2961 τοι,
377 2923 569 2967 συνειδότος
587 2923 712 2977 ψήρῳ·
734 2940 794 2963 και
813 2926 922 2970 οὐδεὶς
941 2927 980 2964 ἂν
1000 2929 1075 2966 τολ-

65 2981 202 3030 μήσειεν
235 2984 366 3030 εἰπεῖν,
387 2985 425 3022 ὅτ
430 3000 440 3021 ι
470 2987 531 3022 οὐκ
566 2984 658 3029 ἄξιος
687 2986 861 3030 κολάσεως
890 2991 907 3026 ὃ
939 2989 1071 3040 μοιγός.

60 3039 151 3077 Αλλ’
171 3042 325 3093 ἑτέρους,
357 3045 462 3093 φησὶ,
493 3045 798 3096 καταδικάζουσιν,
827 3064 891 3100 ουχ
920 3050 1072 3093 ἑαυτούς.

60 3100 128 3136 Διὰ
153 3101 220 3153 γὰρ
248 3105 348 3140 τοῦτο
374 3105 486 3141 αὐτων
518 3121 576 3143 και
570 3107 750 3166 ’.σφοδρῶς
771 3107 1071 3157 κατεξανίσταται,

60 3159 192 3210 λεγων·
215 3162 343 3214 Λογιζῃ
367 3164 402 3202 δε
426 3169 546 3213 τοῦτο,
566 3168 594 3202 ὠ
614 3166 794 3218 ἄνθρωπε,
813 3172 830 3207 ὅ
849 3168 975 3245 κρίνων
993 3186 1071 3213 τους

60 3234 103 3255 τα
130 3225 270 3258 τοιαῦτα
301 3223 542 3274 πράττοντας,
575 3242 634 3264 και
664 3242 772 3266 ποιων
805 3245 869 3267 αυτ
873 3229 918 3276 ὰ,
952 3246 1005 3268 οτι
1029 3245 1068 3267 συ

103 3341 118 3363 ¹¹
142 3341 214 3382 [καὶ
229 3345 331 3376 ἑκόντα
347 3343 382 3375 Α.
402 3344 413 3385 ]

102 3403 114 3416 c
139 3392 281 3432 Quidam
297 3397 427 3437 διὲρυγον
443 3401 538 3441 ,τόξα-κ,
558 3405 635 3445 ρητί.

273 3468 364 3491 TOM.
398 3470 449 3493 lx.

1088 2713 1135 2739 462

114 2739 184 2777 Καὶ
203 2739 269 2791 γὰρ
291 2739 438 2784 ἅπαντες
458 2740 644 2791 ἅνθρωποι,
667 2741 731 2779 κᾶν
752 2742 800 2793 μὴ
818 2743 933 2795 θρόνον
951 2744 1072 2796 ἔχωσι,
1099 2750 1125 2778 Α

1153 907 1283 956 inquit,
1310 910 1428 946 sedet
1443 911 1688 961 facientibus
1716 917 1975 952 consentiunt.
2011 916 2134 953 Priore

1151 967 1264 1018 igitm
1278 969 1390 1019 posita
1408 999 1418 1018 ,
1436 985 1516 1020 quae
1531 975 1633 1009 xenia
1649 973 1794 1040 indigna
1815 983 1891 1023 est,
1913 984 1953 1012 ut
1968 975 2067 1012 illam
2091 976 2136 1013 de

1153 1027 1271 1065 medio
1299 1029 1400 1066 tollat
1418 1032 1598 1081 (peccante
1611 1033 1756 1083 enimis‚
1777 1035 1838 1084 qui
1857 1045 2041 1087 peccatum
2054 1037 2133 1074 lau·
2149 1042 2211 1079 Qui
2233 1052 2337 1080 pecca-

1154 1087 1229 1134 dat,
1246 1088 1350 1140 longe
1369 1092 1550 1129 nocentior
1563 1093 2063 1148 est);h0c,1nquam,p1imum
2077 1112 2139 1150 po-

1154 1147 1248 1195 sito,
1273 1149 1356 1188 hinc
1377 1151 1646 1191 vehementius
1637 1168 1674 1191 m
1703 1156 1929 1205 sequentibus
1954 1157 2060 1195 illum
2084 1172 2140 1196 ar

1156 1208 1233 1259 guit
1249 1218 1282 1246 et
1302 1211 1412 1263 carpit
1432 1212 1489 1250 his
1506 1214 1655 1252 verbis:
1677 1217 1710 1252 1.
1734 1218 1946 1268 Propterea
1978 1221 2137 1257 inexcu-

1156 1271 1292 1308 sabilis
1306 1286 1368 1318 es,
1388 1275 1535 1311 ohomo
1551 1278 1753 1328 ,quisquis
1774 1279 1963 1330 judicas:
1984 1282 2034 1316 In
2065 1295 2164 1332 quo

1156 1334 1259 1369 enim
1290 1333 1457 1371 alterum
1483 1338 1666 1388 judicas,
1704 1341 1864 1390 teipsum
1891 1342 2138 1380 condemnas.

1156 1392 1238 1430 Haec
1263 1394 1442 1447 principes
1473 1397 1663 1448 respiciens
1694 1397 1782 1436 dicit
1801 1429 1811 1448 ,
1847 1400 1930 1451 quia
1970 1401 2051 1439 urbi
2086 1402 2140 1440 illi

1156 1461 1241 1490 tunc
1263 1456 1431 1506 temporis
1452 1455 1643 1509 imperium
1667 1458 1702 1497 in
1735 1468 1850 1497 totum
1871 1461 1993 1498 orbem
2021 1463 2139 1500 tradi—

1106 1514 1130 1544 Ε
1155 1522 1231 1551 tum
1259 1515 1383 1554 fuerat.
1404 1517 1465 1556 Sic
1487 1518 1598 1569 igitur
1627 1520 1768 1559 ordiens
1793 1522 1865 1559 ait:
1891 1523 2141 1562 Defensionem

1156 1574 1219 1611 tibi
1250 1577 1388 1626 aufers,
1418 1578 1579 1630 quisquis
1603 1580 1654 1618 sis
1680 1597 1688 1616 :
1720 1581 1808 1620 dum
1838 1583 1930 1620 enin]
1962 1585 2141 1623 moechum

1155 1635 1325 1684 damnas,
1346 1647 1380 1676 et
1396 1648 1435 1676 tu
1449 1640 1524 1691 ipse
1542 1642 1750 1689 moecharis,
1770 1644 1908 1683 etiamsi
1930 1647 2048 1685 nullus
2077 1648 2142 1685 bo—

1157 1710 1215 1734 mo
1232 1706 1265 1735 te
1272 1698 1409 1750 Judlcet
1424 1710 1456 1737 et
1473 1701 1642 1752 damnet,
1663 1705 1871 1743 sententiam
1886 1706 2009 1753 illam,
2032 1723 2140 1759 quam

1157 1757 1194 1794 in
1214 1767 1348 1796 sontem
1373 1760 1512 1811 tulisti,
1540 1762 1576 1799 in
1601 1762 1754 1815 teipsum
1773 1765 1900 1802 tulisti.
1927 1769 1963 1806 ΕΞ.
1993 1769 2141 1807 Scimus

1156 1823 1286 1867 enim,
1323 1825 1506 1874 quoniam
1526 1826 1719 1876 judicium
1747 1828 1823 1864 Dei
1853 1837 1909 1866 est
1931 1832 2142 1868 secundum

1158 1884 1366 1919 veritatem
1400 1899 1442 1920 ιη
1466 1898 1555 1931 eos,
1582 1888 1650 1937 qui
1677 1888 1776 1924 talia
1806 1898 1939 1939 agunt.
1977 1892 2031 1928 Ne
2061 1892 2140 1942 quis

1157 1941 1251 1978 enim
1265 1942 1418 1992 diceret,
1435 1945 1581 1982 Interim
1602 1947 1735 1998 effugi.
1758 1957 1796 1985 ut
1816 1957 1954 1998 terreat,
1974 1951 2048 1999 ait,
2071 1966 2141 1990 non

1156 2002 1205 2040 ita
1221 2017 1257 2040 se
1272 2018 1346 2041 rem
1364 2005 1494 2043 habere
1510 2007 1609 2057 apud
1638 2008 1754 2045 Deum
1783 2018 1822 2046 ut
1841 2010 1936 2061 apud
1966 2025 2051 2049 nos·
2078 2013 2138 2051 hic

1156 2064 1251 2102 enim
1266 2064 1358 2102 alius
1379 2067 1543 2117 punitur,
1565 2067 1656 2105 alius
1675 2067 1800 2120 effugit
1820 2099 1829 2117 ‚
1853 2070 1915 2120 qui
1933 2071 2054 2109 eadem
2074 2073 2141 2111 ad-

1155 2125 1321 2172 miserat;
1354 2125 1430 2163 illic
1450 2141 1534 2165 vero
1566 2141 1636 2165 non
1666 2128 1762 2167 item.
1803 2130 1909 2176 Quod
1931 2145 2013 2183 ergo
2045 2134 2141 2184 justa

1154 2187 1295 2223 noverit
1310 2216 1318 2234 ,
1347 2187 1376 2224 is
1391 2188 1452 2238 qui
1467 2188 1620 2240 judicat,
1636 2189 1751 2239 dixit3
1769 2191 1863 2228 unde
1879 2207 1964 2230 vero
1979 2195 2137 2241 noverit,

1153 2261 1222 2285 non
1246 2248 1355 2285 item:
1376 2250 1597 2301 superfluum
1623 2252 1716 2288 enim
1741 2252 1875 2292 fuisset.
1899 2254 1999 2292 Circa
2020 2256 2141 2308 impie-

1153 2318 1260 2348 tatem
1297 2311 1443 2361 quidem
1488 2321 1682 2363 utrumque
1713 2314 1951 2366 demonstrat,
1984 2326 2018 2355 et
2045 2319 2140 2368 quod

1153 2372 1214 2409 ille
1228 2373 1345 2410 Deum
1361 2387 1572 2424 cognoscens
1584 2403 1594 2422 ,
1612 2374 1721 2427 impie
1735 2377 1862 2427 egerit3
1878 2386 1910 2414 et
1926 2378 2018 2416 unde
2032 2394 2139 2418 nove-

1153 2434 1224 2484 rit,
1247 2449 1372 2487 nempe
1389 2449 1434 2472 ex
1449 2435 1555 2473 rebus
1571 2437 1708 2475 creatis.
1724 2438 1817 2484 Quia
1833 2439 1927 2477 enim
1942 2455 2011 2479 non
2026 2443 2139 2480 omni-

1151 2495 1219 2533 bus
1239 2504 1362 2533 notum
1381 2505 1476 2545 erat,
1500 2511 1642 2535 causam
1662 2498 1766 2536 etiam
1797 2499 1892 2538 dixit
1906 2516 1917 2550 3
1940 2501 2000 2539 hie
2025 2517 2110 2542 vero
2122 2535 2134 2554 ‚

1153 2556 1235 2607 quia
1248 2571 1302 2594 res
1318 2556 1355 2594 in
1374 2558 1528 2595 confesso
1544 2567 1638 2608 erat,
1656 2561 1822 2610 praeterit.
1841 2562 1930 2599 Cum
1946 2572 2063 2601 autem
2078 2565 2136 2602 di-

1150 2617 1218 2666 cit,
1242 2620 1375 2655 Omnis
1388 2621 1454 2670 qui
1465 2620 1620 2670 judicat
1633 2649 1644 2666 ‚
1668 2634 1737 2657 non
1764 2621 1986 2674 principibus
2015 2625 2134 2676 loqui—

1150 2687 1208 2716 tur
1227 2687 1364 2716 tantum
1377 2708 1387 2727 ,
1401 2679 1462 2716 sed
1480 2679 1586 2716 etiam
1607 2680 1756 2731 privatis
1776 2691 1810 2719 et
1826 2683 1989 2721 subditis.

1201 2743 1238 2778 Q.
1260 2740 1402 2777 Etenim
1417 2753 1535 2777 omnes
1547 2740 1721 2790 homines,
1735 2742 1871 2780 etiamsi
1883 2743 2050 2782 thronum
2061 2760 2131 2784 non

1147 2801 1318 2847 habeant,
1346 2814 1416 2838 non
1445 2801 1625 2839 carnifices
1660 2817 1723 2840 nec
1740 2803 1898 2854 lignum,
1924 2814 2074 2844 attamen
2096 2818 2130 2846 et

1147 2862 1216 2915 ipsi
1236 2862 1279 2900 de
1299 2861 1341 2899 iis
1358 2891 1367 2904 ,
1392 2861 1452 2912 qui
1474 2871 1634 2912 peccant,
1651 2862 1814 2914 judicant
1835 2865 1870 2902 in
1891 2866 2076 2917 colloquiis
2095 2879 2128 2907 et

1147 2924 1296 2961 ccetibus
1311 2952 1321 2971 ‚
1343 2937 1387 2960 ex
1408 2922 1627 2960 conscientiae
1647 2937 1772 2976 nempe
1791 2925 1926 2964 calculo
1943 2943 1950 2963 :
1972 2937 2005 2965 et
2023 2943 2126 2968 nemo

1145 2985 1261 3022 dicere
1279 2983 1370 3021 ausit
1388 2982 1566 3021 moechum
1586 2997 1653 3021 non
1673 2998 1745 3022 esse
1762 2985 1910 3036 dignum
1930 2988 2124 3040 punitione.

1146 3046 1219 3086 Sed
1237 3046 1338 3092 alios,
1362 3045 1498 3095 inquit,
1521 3044 1710 3093 damnant,
1730 3060 1799 3083 non
1818 3047 1966 3099 seipsos.
1985 3050 2068 3087 Ideo
2088 3052 2125 3088 in

1143 3108 1224 3145 illos
1243 3106 1467 3144 vehementer
1485 3105 1637 3156 insurgit
1654 3136 1662 3152 ‚
1684 3106 1804 3144 dicens
1826 3123 1833 3143 :
1852 3109 1887 3145 5.
1909 3111 2125 3150 Existimas

1144 3177 1273 3206 autem
1289 3169 1380 3212 hoc,
1401 3180 1422 3203 ο
1437 3167 1562 3212 Ῐιοηιο,
1582 3168 1814 3218 quijudicas
1837 3169 1927 3207 illos
1943 3174 2010 3222 qui
2025 3172 2125 3210 talia

1143 3239 1277 3281 agunt,
1294 3236 1329 3265 et
1347 3229 1454 3280 facis
1481 3241 1540 3272 ea,
1561 3228 1665 3278 quod
1681 3236 1720 3264 lu
1742 3229 1910 3281 effugies
1928 3233 2123 3283 judicium

1166 3359 1178 3373 ²
1204 3348 1263 3380 Alii
1281 3355 1382 3384 κοινοῖς
1404 3351 1615 3389 wwoyfqu.

1865 3468 1915 3503 06

2152 1089 2182 1110 tu
2166 1093 2213 1110 um
2237 1085 2337 1112 iaudat

2187 1127 2339 1152 nocentior

2154 1176 2182 1192 85
2188 1171 2196 1192 t
2218 1176 2342 1203 peccan-

2156 1213 2194 1234 le.

2154 1249 2195 1274 C
2202 1256 2231 1274 1>
2257 1256 2294 1275 ιι.

2154 1289 2267 1317 ἾῙαιιΙι.
2274 1301 2288 1329 3·
2297 1297 2337 1317 ..2
