2502 3810
699 258 741 285 {N
779 258 861 286 ACT
868 258 891 285 Α
930 257 954 284 Α
962 253 1210 285 POSTOLORU
1217 254 1245 282 M
1256 273 1265 281 .

131 354 187 377 ται
207 337 381 380 ποιοῦντες
410 337 469 375 καὶ
487 336 661 388 λέγοντες,
680 330 781 389 Ἆρον
817 335 935 375 αὐτόν·
956 335 1146 382 τουτέστιν,

131 402 169 438 ἐκ
196 402 263 436 τῶν
280 397 414 441 ζώντων
433 397 579 443 ποίησον
592 401 717 450 ἀφανῆ.
739 398 841 441 Τινὲς
855 397 941 445 δὲ,ὃ
959 399 1042 449 παρ’
1060 400 1145 446 ἡμῖν

129 459 267 510 λέγουσι
295 457 385 495 κατὰ
409 457 471 503 τὴν
495 457 698 509 Ῥωμαϊκὴν
721 458 921 504 συνήθειαν,
942 458 976 494 ἐν
996 463 1066 500 τοῖς
1091 455 1146 494 σίἡ

129 531 220 565 γνοις
241 516 339 554 αὐτὸν
360 516 621 566 ἔμδαλε,τοῦτο
635 510 721 553 εἶναι
741 516 801 562 τὸ,
824 510 910 566 Αἶρε
924 514 1034 553 αὐτὸν.
1053 513 1148 551 Μέλ-

130 578 198 613 λων
220 575 254 614 δὲ
275 578 322 619 εἷς
341 576 404 622 τὴν
423 576 649 629 παρεμὲολὴν
668 575 892 628 εἰσάγεσθαιὸ
912 576 1071 619 Παῦλος,
1088 572 1146 611 λε’-

131 653 184 687 γει
198 639 247 688 τῷ
266 637 461 689 χιλιάρχῳ,
483 639 511 674 εἰ
531 636 641 681 ἔξεστί
663 653 721 687 μοι
740 639 847 674 εἰπεῖν
875 636 959 686 πρὸς
985 635 1042 681 σές
1063 633 1147 671 Ἐπὶ

132 697 209 740 τοὺς
225 696 442 747 ἀναὸαθμοὺς
458 698 661 750 φερόμενος,
682 698 768 742 ἀξιοῖ
786 697 869 749 πρὸς
888 697 944 734 τὸν
964 695 1146 747 χιλίαρχον
1168 697 1191 728 C

132 759 240 794 εἰπεῖν
255 774 300 795 τι.
320 757 389 796 Καὶ
409 758 472 808 ὅρα
487 761 560 800 πῶς
580 759 758 801 ἐπιεικῶς·
777 759 820 795 Εἰ
834 756 944 800 ἔξεστί
961 772 1019 806 μοι
1040 757 1147 792 εἰπεῖν

132 833 166 854 τι
187 818 271 869 πρὸς
290 817 351 865 σέ;
373 818 488 871 φησίν.
507 817 552 856 ‘O
584 817 618 854 ’δὲ
650 818 714 868 ἔφη
728 832 736 840 ·
759 815 932 862 ἑλληνιστὶ
949 814 1148 865 γινώσκεις,

133 880 210 916 Οὐκ
230 879 297 930 ἄρα
315 877 355 916 σὺ
382 872 415 915 εἷ
438 882 456 916 6
475 877 681 929 Αἰγύπτιος,
700 880 717 914 6
735 876 802 929 πρὸ
821 875 949 913 τούτων
968 877 1036 911 τῶν
1056 877 1148 924 ἠμε-

133 940 201 988 ρῶν
224 938 489 984 ἀναστατώσας,
512 937 571 975 καὶ
593 936 766 987 ἐξαγαγὼν
785 938 832 978 εἰς
845 934 907 981 τὴν
927 935 1054 985 ἔρημον
1070 932 1148 976 τοὺς

131 998 427 1050 τετρακισχιλίους
454 998 580 1049 ἄνδρας
601 999 668 1034 τῶν
689 995 875 1047 σικαρίων,
891 988 1026 1036 ἷίΟὗτος
1041 997 1058 1031 6
1079 995 1147 1030 Αἰ-

130 1060 271 1109 γύπτιος
291 1057 467 1109 ἅνθρωπός
493 1073 544 1099 τις
570 1055 813 1107 νεωτεροποιὸς
843 1054 960 1106 γέγονε
981 1053 1040 1091 καὶ
1059 1068 1146 1090 στα-

131 1118 286 1164 σιαστής.
314 1117 409 1169 Πρὸς
438 1116 478 1162 δὴ
503 1119 605 1152 τοῦτο
626 1116 847 1165 ἀπολογεῖται
866 1117 883 1151 6
902 1114 1060 1159 Παῦλος,
1087 1112 1147 1150 καὶ

131 1178 175 1215 δι’
195 1172 241 1214 ὧν
262 1171 355 1214 εἶπεν
381 1177 507 1226 ἀπάγει
540 1179 602 1221 τῆς
629 1174 778 1226 ὑποψίας
808 1173 923 1212 αὐτόν.
943 1172 1090 1224 Ἴδωμεν
1111 1172 1147 1212 δὲ

130 1237 257 1275 ἄνωθεν
277 1236 322 1274 τὰ
344 1234 598 1286 ἀνεγνωσμένα.
630 1234 728 1272 Εἰσὶν
753 1238 838 1284 ἡμῖν
869 1234 1006 1284 ἄνδρες,
1038 1232 1147 1284 φησὶ,

129 1296 293 1348 τέσσαρες
310 1295 413 1348 εὐχὴν
430 1295 564 1347 ἔχοντες
586 1295 638 1346 ἐφ’
654 1298 783 1333 ἑαυτῶν
799 1310 806 1318 ·
826 1294 965 1337 τούτους
985 1295 1148 1346 παραλα-

130 1357 218 1403 ίῖὼν,
240 1356 418 1407 ἁγνίσθητι
449 1355 509 1393 σὺν
525 1358 648 1399 αὐτοῖς.
678 1355 772 1407 Πρὸς
793 1354 833 1402 δὴ
849 1360 948 1393 τοῦτο
967 1355 1027 1392 οὐκ
1055 1355 1148 1390 ἀντι·
1168 1365 1193 1394 D

130 1418 251 1456 πίπτει
266 1421 283 1455 6
302 1418 441 1459 Παῦλος
453 1445 462 1463 ,
483 1415 571 1454 ἀλλὰ
598 1416 764 1453 πείθεται.
782 1414 889 1453 εΌθεν
914 1417 1029 1461 δῆλον,
1044 1413 1096 1452 ὅτι
1113 1414 1150 1452 οὒ

130 1477 396 1531 προηγουμένως
421 1477 488 1515 ἔδει
519 1481 618 1515 τοῦτο
643 1483 752 1515 ποιεῖν
775 1477 786 1528 (
806 1477 857 1514 διὸ
884 1476 944 1514 καὶ
975 1475 1150 1514 πείθουσιν

132 1540 272 1587 αὐτόν),
290 1538 367 1577 ἀλλ’
383 1538 435 1576 ὅτι
446 1538 621 1588 οἰκονομία
638 1538 676 1575 τὸ
690 1544 837 1590 πρᾶγμα
853 1538 912 1574 καὶ
932 1536 1153 1587 συγκατάέα·

130 1616 182 1643 σις
201 1595 254 1646 ἦν.
278 1601 355 1637 Οὐκ
382 1598 449 1650 ἄρα
469 1598 600 1650 ε’γκοπὴ
629 1602 688 1635 τοῦ
718 1597 941 1650 κηρύγματος
966 1601 1066 1634 τοῦτο
1091 1590 1152 1643 ἦν,

130 1660 216 1698 ὅπου
243 1675 281 1711 γε
309 1659 368 1697 καὶ
394 1659 490 1696 αὐτοὶ
516 1658 735 1709 ἐνομοθέτουν
757 1659 896 1700 ἐκείνοις
926 1657 970 1695 τὰ
1000 1661 1154 1695 τοιαῦτα.

129 1723 244 1759 Τοῦτο
257 1720 367 1757 τοίνυν
380 1721 567 1768 οἰκονομῶν
582 1718 641 1756 καὶ
657 1718 757 1762 αὐτὸς
772 1718 898 1771 Πέτρῳ
910 1720 1048 1769 ἐγκαλεῖ
1061 1717 1153 1755 ὕστε-

134 1797 188 1831 ρον
209 1797 216 1804 ·
237 1781 296 1818 καὶ
326 1783 390 1831 οὐχ
409 1780 527 1823 ἁπλῶς
551 1780 633 1817 αὐτὸ
654 1785 757 1817 ποιεῖ.
778 1778 894 1830 εὈτι-ερ
915 1778 984 1831 γὰρ
1008 1781 1155 1816 ἐνταῦθα

132 1840 292 1887 ἐποίησεν
313 1842 414 1883 αὐτὸς
427 1869 437 1887 ,
460 1843 561 1877 τοῦτο
589 1839 723 1892 Πέτρος
754 1841 824 1878 ἐκεῖ
845 1843 950 1891 σιγῶν
970 1839 1029 1877 καὶ
1049 1840 1154 1877 ἱστῶν

136 1903 237 1938 αὐτοῦ
254 1901 293 1937 τὸ
307 1900 431 1951 δόγμα.
453 1900 522 1938 Καὶ
541 1901 603 1938 οὒκ
621 1894 716 1938 εἷπον
728 1930 738 1947 ,
757 1900 809 1937 ὅτι
826 1902 862 1938 οὗ
878 1899 946 1952 χρὴ
970 1898 1049 1943 τοὺς
1064 1898 1154 1936 κατὰ

135 1961 178 1999 τὰ
198 1961 274 2007 ἔθνη
298 1962 492 2008 διδάσκειν,
512 1961 588 1999 οὐδὲ
620 1964 717 2012 ἀρκεῖ
747 1962 786 1999 τὸ
811 1960 860 2011 μὴ
886 1960 1032 2012 κηρῦξαι
1061 1963 1151 1998 ἐκεῖ·

136 2021 226 2059 ἀλλὰ
255 2023 304 2059 δεῖ
330 2021 388 2058 καὶ
408 2021 525 2059 πλεῖόν
544 2038 577 2058 τι
597 2025 741 2066 ποιῆσαι
754 2051 762 2067 ,
784 2021 840 2059 ἵνα
859 2024 1045 2059 πεισθῶσιν
1065 2023 1153 2059 ἐκεῖ·
1173 2029 1197 2058 Ε

136 2097 205 2129 νοι,
225 2081 277 2119 ὅτι
297 2081 476 2133 φυλάττεις
495 2082 551 2120 τὸν
567 2082 684 2132 νόμον.
708 2082 975 2133 Συγκατάὲασις
993 2081 1032 2119 τὸ
1059 2088 1155 2135 πρᾶ-

136 2142 209 2191 γμά
230 2144 321 2190 ἐστι,
357 2141 464 2191 μηδὲν
483 2142 647 2194 φοὸηθῇς.
680 2142 751 2180 Καὶ
780 2142 860 2193 ὅρα,
894 2141 957 2179 ιὀὐ
989 2141 1155 2193 πρότερον

136 2201 307 2240 πείθουσιν
331 2203 449 2251 αὐτὸν,
470 2202 533 2245 ἕως
556 2207 615 2240 τοῦ
635 2204 739 2240 εἰπεῖν
766 2201 828 2248 τὴν
850 2202 1046 2252 οἰκονομίαν
1061 2205 1157 2253 πρῶ-

136 2277 193 2300 τον
213 2263 271 2300 καὶ
286 2264 325 2301 τὸ
342 2263 472 2314 κέρδος.
495 2262 565 2300 Καὶ
599 2261 637 2299 τὸ
670 2264 703 2300 ἐν
725 2262 976 2314 Ἱεροσολύμοις
994 2262 1030 2300 δὲ
1057 2266 1159 2300 τοῦτο

134 2329 256 2370 ποιεῖν,
286 2323 445 2375 φορητόν.
474 2322 626 2369 Ποίησον
672 2322 781 2361 τοίνυν
806 2328 906 2362 τοῦτο
927 2326 1082 2371 ἐνταῦθα,
1103 2322 1160 2360 ῗνα

137 2383 194 2435 ἐξῇ
217 2400 270 2422 σοι
289 2384 354 2427 ἔξω
373 2389 482 2421 ποιεῖν
499 2385 620 2421 ε’κεῖνο.
638 2383 730 2421 Τότε
745 2383 980 2435 παραλαὸὼν,
994 2383 1120 2435 φησὶν,
1142 2385 1159 2420 6

139 2446 278 2488 Παῦλος
294 2444 369 2487 τοὺς
381 2445 505 2498 ἄνδρας
516 2448 558 2496 τῇ
571 2443 721 2496 ἐχομένῃ
735 2444 863 2496 ἡμέρᾳ,
875 2447 936 2483 οὒκ
949 2445 1137 2482 ἀνεὸάλετο
1147 2474 1173 2494 ,1

140 2506 215 2542 ἀλλ’
238 2505 327 2557 ἔργῳ
343 2505 473 2547 δεικνὺς
496 2505 558 2551 τὴν
574 2508 682 2543 πειθῶ
695 2533 704 2550 ,
725 2505 995 2558 παραλαμὸοίνει
1018 2507 1091 2556 μεθ’
1110 2499 1158 2542 ὧν

141 2565 282 2614 ἔμελλεν
297 2565 506 2616 ἁγνίζεσθαι.
527 2565 691 2604 Τοιοῦτόν
705 2565 737 2602 τί
757 2567 830 2603 ἐστι
850 2566 973 2618 θερμὸν
991 2569 1012 2612 ἡ
1029 2568 1159 2604 οἰκονο-

1117 2619 1137 2629 Ν

175 2625 182 2637 l
259 2627 268 2633 τ
296 2626 303 2640 ι
358 2629 379 2636 σν
509 2625 516 2637 ἱ
598 2627 609 2640 t
637 2628 646 2640 π
680 2626 689 2638 x
737 2629 757 2638 a·
797 2626 806 2639 2
863 2626 870 2640 ι
927 2626 936 2639 >
1002 2628 1015 2639 rx
1042 2632 1054 2637 .-
1123 2630 1133 2642 7

144 2641 218 2675 μια.
240 2627 308 2663 [και
328 2641 421 2673 πως,
440 2641 563 2677 φησιν,
581 2641 611 2663 οι
629 2641 696 2663 απο
716 2642 778 2672 της
803 2629 913 2669 Ασιας
940 2628 1087 2664 Ιουοαιοι
1105 2642 1158 2663 ει-

142 2687 197 2724 δον
216 2687 314 2724 αὐτὸν
332 2688 365 2723 ἐν
383 2689 432 2737 τῷ
454 2688 553 2738 ἱερῷ,
569 2686 673 2730 Εἰκὸς
697 2681 738 2733 ἦν
762 2687 882 2731 αὐτοὺς
907 2688 1040 2740 ἡμέρας
1065 2687 1159 2730 τινὰς

1305 253 1459 282 nomn„
1500 252 1622 282 xhvi.
2102 236 2194 298 385)

1214 346 1313 371 eum.
1337 331 1435 379 Quid
1471 341 1534 380 est,
1559 332 1667 370 Tolle
1696 345 1780 369 eum
1799 335 1815 368 Ρ
1832 332 1911 368 Μο5
1944 339 2018 368 erat
2049 330 2196 376 Judaeis‚

1216 401 1334 430 contra
1354 406 1427 439 eos,
1444 406 1532 442 quos
1549 391 1771 439 damnarent,
1794 390 1842 429 ita
1857 391 1970 441 loqui,
1990 399 2029 428 ut
2058 399 2091 427 et
2112 404 2196 427 cou-

1215 461 1269 489 tra
1290 452 1471 489 Christum
1487 452 1658 500 fecerunt,
1672 451 1838 500 dicentes,
1857 451 1965 488 Tolle
1979 451 2107 498 iZchm5
2130 450 2197 488 hoc

1216 521 1279 559 est,
1294 511 1339 549 de
1361 525 1506 549 numero
1528 511 1723 549 viventium
1750 510 1839 548 dele.
1859 510 2016 558 Quidam
2034 524 2120 549 vero
2138 509 2198 547 di-

1216 581 1311 619 cunt,
1329 571 1453 609 idesse
1468 571 1562 622 quod
1588 570 1683 623 apud
1705 585 1768 608 nos
1798 585 1842 610 ex
1868 572 2027 608 Romana
2053 584 2199 608 consue-

1216 632 1339 669 tudine
1370 632 1504 669 dicitur
1527 647 1534 667 :
1559 631 1714 669 Immitte
1742 631 1844 668 illum
1865 631 1900 668 in
1920 631 2033 682 signa.
2056 631 2118 668 57.
2143 632 2199 668 Et

1217 707 1305 730 enm
1320 695 1491 744 coepisset
1518 695 1560 729 in
1584 701 1714 729 castra
1742 693 1874 728 induci
1905 692 2071 738 Paulus,
2104 692 2198 728 dicit

1218 754 1371 789 tribuno
1393 768 1403 788 :
1422 753 1462 790 Si
1482 753 1570 789 licet
1592 753 1687 788 mihi
1705 752 1810 802 loqui
1831 753 1885 787 ad
1902 760 1951 788 te.
1979 752 2070 789 Cum
2087 760 2201 801 gesta-

1217 821 1315 849 retur
1339 812 1375 848 in
1395 811 1580 862 gradibus,
1604 810 1692 861 petit
1714 809 1886 859 quiddam
1901 810 2043 848 tribuno
2070 811 2199 848 dicere.

1218 873 1265 910 Et
1283 872 1366 911 vide
1384 886 1491 923 quam
1507 880 1687 908 mansuete
1709 886 1717 906 :
1736 872 1777 908 Si
1798 873 1892 907 mihi
1916 872 2006 908 licet
2024 872 2129 922 loqui
2150 872 2204 908 ad

1219 941 1267 977 te,
1290 932 1420 981 inquit.
1450 932 1524 980 Qui
1542 931 1654 976 dixit,
1675 930 1808 968 Groece
1828 933 1929 967 nosti
1944 934 1960 966 P
1984 931 2046 967 58.
2062 933 2203 967 [Vonne

1219 1001 1260 1029 ta
1276 1005 1314 1029 es
1341 993 1560 1043 AEgyptizts‚
1589 993 1765 1043 quiante
1796 992 1864 1028 hos
1886 992 1966 1027 dies
1997 992 2205 1028 tumultum

1218 1055 1435 1098 concitasti,
1449 1060 1485 1089 et
1496 1052 1663 1089 eduxisti
1677 1053 1717 1087 in
1730 1052 1919 1087 desertum
1934 1059 2102 1102 quatuor
2117 1052 2204 1087 mil-

1219 1113 1275 1150 lia
1300 1115 1473 1150 virorum
1503 1112 1732 1150 sicariorum
1753 1115 1769 1147 P
1793 1110 1861 1148 Hic
1883 1110 2076 1162 AEgyptius
2097 1110 2205 1148 homo

1217 1183 1306 1223 erat,
1327 1172 1492 1223 quaedam
1512 1172 1684 1209 innovans
1721 1180 1752 1208 et
1780 1170 1978 1208 seditiosus.
1999 1171 2074 1208 Hac
2097 1171 2141 1208 de
2168 1186 2206 1209 re

1219 1248 1291 1271 sese
1310 1241 1441 1285 purgat
1455 1232 1587 1269 Paulus
1597 1240 1631 1268 et
1640 1230 1745 1268 dietis
1757 1230 1831 1268 suis
1846 1230 1939 1268 tollit
1953 1230 2204 1282 suspicionem.

1219 1294 1357 1333 Verum
1378 1291 1640 1344 superiuslecta
1660 1299 1872 1342 repetamus.
1892 1291 1987 1328 Sunt
2006 1292 2127 1340 nobis,
2152 1290 2206 1327 in-

1218 1354 1309 1404 quit,
1322 1355 1401 1391 viri
1414 1361 1581 1405 quatuor
1595 1360 1730 1388 votum
1743 1352 1926 1388 habentes
1941 1364 2054 1402 super
2072 1364 2111 1387 se
2125 1352 2207 1388 :his

1220 1416 1402 1452 assumtis
1419 1412 1585 1464 purifica
1601 1420 1636 1448 te
1649 1424 1734 1448 cum
1752 1411 1844 1447 illis.
1865 1409 1924 1447 Ad
1938 1409 2013 1447 haec
2022 1423 2090 1446 non
2104 1409 2206 1446 obni-

1218 1477 1310 1514 titur
1336 1476 1481 1523 Paulus,
1519 1474 1582 1512 sed
1603 1488 1737 1511 morem
1761 1473 1862 1524 gerit.
1883 1472 1988 1510 Unde
2012 1473 2130 1524 palam
2154 1482 2207 1510 est

1223 1537 1290 1575 hoc
1305 1552 1374 1575 non
1388 1536 1580 1575 necessario
1592 1535 1794 1573 faciendum
1804 1534 1912 1572 fuisse
1932 1538 1944 1582 (
1960 1533 2109 1584 ideoque
2124 1548 2206 1586 per-

1223 1599 1371 1637 suadent
1384 1599 1467 1645 illi),
1488 1597 1549 1635 sed
1562 1597 1628 1635 hoc
1641 1611 1705 1648 per
1719 1595 1951 1634 oeconomiam
1968 1604 2003 1633 et
2017 1595 2208 1646 indulgen-

1223 1659 1309 1697 tiam
1321 1660 1453 1696 factum
1470 1672 1555 1695 esse.
1581 1658 1661 1694 Non
1675 1665 1748 1694 erat
1761 1670 1843 1708 ergo
1859 1657 1926 1694 hoc
1939 1656 2205 1708 praedicationis

1224 1720 1536 1772 impedimentum,
1578 1716 1758 1767 siquidem
1792 1727 1825 1754 et
1850 1718 2001 1769 apostoli
2031 1718 2107 1754 haee
2137 1716 2209 1753 illis

1224 1781 1436 1819 statuebant.
1459 1780 1535 1817 Hoc
1573 1779 1690 1829 itaque
1721 1777 1949 1830 dispensans,
1987 1778 2062 1829 ipse
2090 1786 2208 1814 tamen

1224 1843 1367 1881 Petrum
1389 1841 1555 1892 deinceps
1574 1840 1735 1886 incusat3
1755 1853 1817 1876 nec
1838 1839 1912 1876 sine
1936 1852 2039 1876 eausa
2068 1837 2137 1875 hoc
2157 1838 2208 1874 fe-

1223 1903 1272 1941 cit
1294 1917 1403 1940 :nam
1430 1901 1528 1952 quod
1553 1901 1611 1938 hic
1637 1901 1765 1937 fecerat
1793 1899 1889 1951 ipse,
1905 1899 1973 1936 hoc
2000 1898 2051 1935 ibi
2084 1899 2209 1935 Petrus

1221 1973 1339 2002 tacens
1362 1972 1397 2002 et
1422 1963 1602 2001 stabiliens
1625 1961 1754 2013 dogma
1773 1974 1889 1998 suum.
1905 1960 1984 1997 Non
2014 1958 2179 1996 dicebant
2198 1974 2205 1994 :

1223 2026 1303 2062 Non
1317 2033 1452 2076 oportet
1465 2023 1609 2075 gentiles
1619 2022 1744 2060 docere
1757 2037 1767 2071 3
1788 2035 1913 2071 neque,
1932 2019 2096 2058 Sufficiat
2113 2018 2209 2069 quod

1224 2099 1292 2123 non
1312 2084 1523 2137 praedicetur
1538 2083 1612 2120 illic
1629 2098 1636 2119 :
1654 2082 1716 2120 sed
1729 2090 1865 2133 oportet
1880 2080 1969 2131 quid
1990 2080 2142 2132 amplius
2157 2080 2209 2117 fa-

1225 2160 1314 2192 cere,
1337 2155 1376 2182 ut
1393 2144 1674 2197 persuadeantur
1687 2143 1742 2180 illi
1761 2151 1794 2179 te
1808 2142 1923 2192 legem
1937 2141 2125 2178 custodire.
2148 2143 2209 2176 At-

1226 2206 1433 2258 temperatio
1453 2213 1504 2242 est
1529 2218 1585 2241 res
1614 2203 1690 2249 illa,
1715 2216 1758 2240 ne
1781 2202 1917 2239 timeas.
1937 2201 1986 2238 Et
2013 2200 2120 2239 vide:
2141 2213 2212 2237 non

1226 2267 1327 2319 prius
1342 2264 1551 2317 persuadent
1567 2263 1635 2311 illi,
1651 2277 1758 2313 quam
1771 2269 2019 2313 repraesentent
2032 2269 2066 2297 et
2077 2273 2217 2296 oecon0‹

1228 2327 1337 2363 miam
1368 2335 1400 2363 et
1422 2325 1576 2362 lucrum.
1600 2323 1646 2360 Et
1666 2321 1761 2373 quod
1779 2321 2009 2373 Jerosolymae
2024 2320 2137 2367 fieret,
2161 2329 2213 2357 to-

1228 2387 1374 2425 lerabile
1391 2394 1477 2424 erat.
1493 2385 1571 2422 Hoc
1595 2383 1705 2435 igitur
1723 2382 1783 2420 bic
1802 2381 1923 2427 facito,
1944 2390 1984 2418 ut
2003 2380 2094 2418 illud
2113 2390 2214 2418 extra

1228 2448 1409 2486 civitatem
1423 2447 1514 2483 hanc
1542 2445 1607 2483 tibi
1626 2445 1738 2481 facere
1757 2443 1872 2480 liceat.
1910 2443 1943 2479 T
1943 2455 2016 2479 unc
2042 2442 2209 2487 Paulus,

1229 2507 1358 2559 inquit,
1381 2508 1561 2545 assumtis
1587 2507 1684 2542 viris
1703 2506 1878 2555 sequenti
1896 2504 1968 2541 die.
1996 2503 2076 2540 Non
2095 2502 2214 2539 distu-

1228 2569 1292 2616 lit,
1315 2568 1376 2606 sed
1403 2581 1506 2622 opere
1534 2574 1732 2603 monstrans
1750 2578 1786 2601 se
1810 2577 2017 2615 persuasum
2036 2576 2128 2608 esse,
2151 2576 2213 2599 as—

1229 2629 1336 2668 sumit
1357 2642 1413 2666 eos
1431 2626 1644 2677 quibuscum
1667 2638 1703 2662 se
1725 2623 1981 2675 purificaturus
2011 2631 2085 2659 erat
2102 2637 2109 2657 :
2126 2622 2214 2659 tanti

1228 2691 1377 2731 fervoris
1396 2699 1446 2728 est
1482 2686 1677 2726 oeconomia
1700 2684 1920 2736 hujusmodi.
1946 2684 1995 2721 Et
2018 2683 2210 2734 quomodo,

143 2748 213 2783 ἐκεῖ
239 2746 439 2798 διατρίὸειν.
455 2746 551 2799 ”Ορα
576 2748 611 2785 δὲ
637 2750 711 2790 πῶς
728 2746 788 2784 καὶ
803 2747 979 2796 οἰκονομία
1001 2748 1040 2785 τὸ
1061 2746 1215 2799 γενό-Μεᾖ
1230 2753 1368 2803 inquies
1388 2780 1399 2797 ,
1433 2748 1550 2789 Judaei
1574 2746 1718 2785 Asiatici
1745 2744 1912 2784 viderunt
1930 2745 2033 2781 illum
2058 2744 2095 2781 in
2119 2752 2213 2780 tem-

145 2822 242 2855 μὲνῠν
260 2802 300 2853 ἦν
315 2823 321 2829 “
345 2807 432 2857 μί’·ὰ
443 2807 509 2859 γὰρ
521 2808 559 2846 τὸ
574 2811 757 2853 nemo-”mm
770 2807 846 2850 τοὺς
863 2807 1067 2856 Ἰουδαίους,
1084 2808 1162 2847 τότε
1182 2811 1206 2839 Λ
1231 2813 1318 2866 plo?
1333 2809 1539 2851 Verisimile
1557 2817 1608 2845 est
1625 2820 1683 2844 005
1702 2805 1837 2855 aliquot
1851 2804 1977 2841 diebus
1997 2803 2102 2841 isthic
2127 2817 2212 2842 ver—

146 2866 370 2904 ἑπιτίθενται·
390 2868 548 2915 εἰκότως,
565 2868 621 2906 ἵνα
653 2868 700 2918 μὴ
723 2870 877 2906 κάκεῖνοι
901 2871 1161 2906 συνεπιθῶνται.

147 2926 321 2972 Βοηθεῖτε,
333 2926 453 2976 φησὶν,
471 2927 590 2978 ἄνδρες
610 2927 837 2980 Ἰσραηλῖται.
853 2925 920 2969 (Ὡς
932 2942 1020 2970 τινος
1040 2927 1163 2972 δυσθη-

150 2985 249 3035 ράτου
265 2985 323 3022 καὶ
343 2986 572 3039 δυσχειρώτου
585 2994 660 3032 ταῖς
673 2988 812 3026 ἐκείνων
827 2987 1035 3038 ἐμπεσόντος
1049 2988 1162 3040 χερσὶ,

149 3047 307 3089 llo-mostra
325 3075 334 3090 ‚
355 3048 502 3096 λέγουσι.
525 3049 666 3092 Πάντας
697 3052 877 3100 πανταχοῦ
906 3043 1003 3092 οὗτός
1030 3052 1121 3087 ἐστιν
1147 3051 1165 3086 6

148 3105 329 3167 διδάσκων.
350 3108 427 3144 Οὐκ
458 3109 603 3147 ἐνταῦθα
632 3109 754 3159 μόνον,
780 3109 897 3161 φησὶν,
920 3109 1009 3147 ἀλλὰ
1030 3124 1162 3147 παντα-

147 3169 221 3216 χοῦ.
252 3167 338 3203 Εἶτα
362 3167 420 3204 καὶ
445 3172 466 3214 ἧ
494 3170 685 3222 κατηγορία
715 3171 838 3221 μείζων
857 3171 925 3208 ἀπὸ
941 3174 1008 3208 τῶν
1030 3170 1163 3222 παρόν-

1232 2883 1324 2912 satos
1337 2886 1422 2910 esse.
1439 2869 1537 2910 Vide
1555 2877 1672 2906 autem
1688 2880 1761 2904 rem
1783 2879 1828 2903 ex
1843 2864 2101 2916 dispensatione
2126 2878 2214 2914 qua-

1231 2935 1315 2972 dam
1331 2934 1460 2970 factam
1478 2944 1562 2968 esse.
1582 2930 1773 2978 Postquam
1787 2925 1881 2963 enim
1904 2925 2061 2976 persuasi
2075 2926 2215 2962 fuerant

1233 2994 1372 3043 Judaei7
1393 3002 1478 3030 tunc
1493 2991 1681 3040 insurgunt
1706 2987 1742 3024 in
1762 2986 1865 3023 illum
1882 3001 1889 3022 :
1908 2995 1940 3023 et
1957 2999 1974 3022 e
1993 2999 2031 3022 re
2051 2984 2209 3035 quidem,

1235 3066 1274 3095 ut
1295 3071 1338 3094 ne
1356 3055 1410 3092 illi
1426 3054 1532 3091 ctiam
1548 3052 1583 3089 in
1602 3051 1718 3102 ipsum
1735 3048 1970 3099 insurgerent.
1991 3048 2208 3098 Adjzwate,

1235 3117 1420 3167 inquiunt,
1442 3116 1521 3152 viri
1547 3111 1747 3149 Israelitoe.
1771 3109 1821 3144 Ac
1837 3109 1866 3145 si
1887 3107 1965 3157 quis
1988 3116 2093 3158 captu
2114 3106 2212 3144 diffi-

1236 3175 1314 3213 cilis
1343 3175 1378 3211 in
1407 3185 1531 3209 eorum
1549 3181 1674 3207 manus
1693 3165 1892 3211 incidisset,
1915 3164 2133 3216 Adjzwate,
2155 3163 2211 3200 in-

149 3242 228 3263 Των·
255 3225 336 3263 Ἔτι
356 3226 411 3274 δὲ,
430 3229 529 3279 φησὶ,
553 3230 612 3268 καὶ
631 3231 858 3276 κεκοινώνηκε
891 3231 930 3268 τὸ
960 3230 1071 3282 ἱερὸν,
1099 3230 1162 3267 ἅν-
1188 3247 1211 3275 Β
1237 3235 1375 3285 quiunt.
1401 3235 1473 3269 Hic
1493 3239 1567 3275 est,
1597 3230 1662 3279 qui
1683 3229 1821 3277 ubique
1840 3238 1968 3262 omnes
1989 3225 2111 3263 docet.
2136 3225 2214 3262 Non

194 3367 205 3380 '¹
225 3356 305 3394 οὗτος
321 3360 334 3390 ὃ
353 3360 500 3399 Αἰγύπτιος
517 3359 549 3391 in
567 3370 631 3391 uuo
655 3359 757 3394 deest.

1261 3362 1276 3386 b
1294 3358 1388 3392 Idem
1404 3355 1489 3391 Cod.
1511 3359 1540 3390 o)
1558 3361 1704 3399 πρότερον
1720 3354 1908 3398 παραινοῦσιν
1925 3354 2024 3384 αὐτίκα.

1971 3404 2034 3447 97,
