2466 3805
650 239 692 268 m
730 239 813 268 ACT
820 239 844 268 A
880 235 1138 268 APOSTOLOR
1145 235 1205 265 ΠΜ
1212 255 1222 265 .

91 319 170 363 στὸς
191 320 348 369 ἑλόμενος
367 320 596 370 δεσμευθῆναι
609 350 618 367 ,
647 319 736 358 οὕτω
765 319 1039 371 θαυμαστότερος
1059 317 1108 368 μὴ

90 382 255 435 πρότερον
277 382 529 433 ἀναχωρήσας,
550 383 613 425 ἕως
638 382 696 421 ὅτε
725 389 796 427 τοῖς
825 382 963 425 οἰκείοις
992 381 1109 420 πάντα

92 443 293 494 ἀπήγγειλε.
310 443 379 480 Καὶ
398 437 472 481 εἷπε
484 471 494 489 ,
516 444 636 496 φησίν·
654 444 772 482 εἴπατε
788 444 948 495 'Imm-3515)
966 442 1025 481 καὶ
1039 448 1110 485 τοῖς

92 504 262 554 ἀδελφοῖς.
282 502 354 540 ῙῘ’Τί
375 503 502 550 δήποτε
528 505 660 543 κελεύει
689 508 818 553 εἰπεῖν,
836 504 914 543 Ἵνα
940 505 1108 556 χαρῶσιν,

90 562 146 601 ἵνα
168 564 215 614 μὴ
239 568 466 617 μεριμνῶσιν,
488 565 543 603 ἵνα
565 566 621 604 διὰ
641 566 769 605 τούτων
790 569 913 604 ἐκεῖνοι
934 565 1111 616 μανθάνω-

91 640 158 672 σιν,
185 626 247 663 οὒκ
275 626 369 664 αὐτοὶ
402 627 444 664 δι’
485 627 643 666 ἐκείνων·
669 627 758 666 οὕτω
783 631 841 666 τοῦ
868 626 1110 678 ταπεινοτέρου

93 685 218 737 μέρους
249 686 452 738 ἐφρόντιζεν.
489 688 601 726 Οὐδὲν
631 688 698 740 ἄρα
731 688 876 740 θλίψεως
911 686 1109 738 συμμέτρου

95 747 239 797 βέλτιον.
269 748 380 785 Ποίαν
402 749 465 787 οἴει
496 749 559 795 τὴν
588 749 726 787 ἐκείνων
753 743 840 786 εἶναι
866 747 944 785 τότε
972 746 1108 798 ψυχήν,

92 808 202 855 πόσης
228 811 353 855 ἡδονῆς
379 809 515 860 γέμειν,
545 812 620 848 Ποῦ
648 814 708 847 νῦν
730 813 764 848 αἱ
791 814 951 861 γυναῖκες
983 809 1018 844 αἱ
1052 805 1109 843 διὰ

92 869 207 916 πάσης
226 870 453 908 καθεύδουσαι
469 870 606 917 νυκτός,
624 874 689 907 ποῦ
710 869 745 906 δὲ
766 872 795 906 οἱ
821 868 941 921 ἄνδρες
968 870 1000 904 οἱ
1021 866 1109 916 μηδὲ

94 931 409 982 μεταστρεφόαενοι
441 931 497 969 ἐπὶ
525 946 588 976 της
623 930 758 978 κλίνης,
792 929 901 980 Ορᾷς
935 928 1108 979 νήφουσαν

92 991 227 1042 ψυγήη

93 1051 216 1089 Θεὸν’
199 1067 337 1101 υμνουν,
356 1050 592 1103 καθαρώτεροι
611 1054 669 1088 τοῦ
689 1052 830 1103 ουρανοῦ
850 1052 892 1099 τῇ·
911 1050 1023 1099 θλίψει
1046 1063 1109 1099 γε-

93 1112 240 1162 νόμενοι.
269 1114 341 1149 Νῦν
368 1111 424 1156 δὲ,
449 1111 487 1148 ἂν
510 1111 630 1162 μικρὸν
651 1110 777 1160 ἴδωμεν
794 1109 960 1157 κίνδυνον,
980 1107 1110 1146 ἀναπί-

243 990 344 1029 Met&
358 1007 529 1043 yuvcttnwv
546 1006 604 1028 xm
619 990 752 1027 παίδων
768 989 827 1026 καὶ
841 990 1034 1026 ffmtgtcxmv
1050 1002 1108 1025 Tov

91 1187 234 1222 πτομεν.
257 1170 366 1210 Οὐδὲν
388 1174 450 1217 τῆς
469 1171 683 1218 Ἐκκλησίας
711 1170 843 1218 ἐκείνης
867 1169 1109 1222 λαμπρότερον

89 1227 144 1279 ἦν.
164 1232 414 1284 Μιμησώμεθα
433 1232 591 1281 τούτους,
612 1232 840 1283 ζηλώσωμεν.
862 1234 915 1271 Οὐ
937 1231 994 1270 διὰ
1009 1235 1111 1270 τοῦτο

90 1293 227 1345 γέγονεν
245 1297 266 1340 ἡ
282 1293 359 1341 νὺξ,
388 1293 443 1331 ἵνα
468 1294 652 1337 διαπαντὸς
670 1293 890 1344 καθεύδωμεν
909 1293 968 1330 καὶ
992 1294 1110 1344 ἀργῶ-

92 1369 168 1405 μεν.
188 1355 258 1392 Καὶ
272 1359 372 1392 τοῦτο
389 1358 622 1407 μαρτυροῦσιν
637 1358 668 1393 οἱ
683 1354 920 1407 χειροτέχναι,
941 1356 971 1392 οἱ
985 1353 1110 1400 ὀνηλά-

89 1431 169 1462 ται,
192 1418 223 1454 oi
250 1415 420 1468 ἔμποροι,
445 1419 467 1462 ἡ
494 1415 691 1462 Ἐκκλησία
711 1421 771 1454 τοῦ
799 1418 890 1454 Θεοῦ
922 1417 961 1453 ἐκ
993 1415 1108 1466 με’σων

91 1477 302 1527 ἀνισταμένη
327 1480 470 1516 νυκτῶν.
490 1478 677 1523 Ἀνάστηθι
695 1477 754 1516 καὶ
776 1477 837 1524 σὺ,
867 1477 927 1515 καὶ
958 1477 1007 1514 ἴδε
1040 1481 1109 1515 τῶν

91 1537 227 1590 ἄστρων
242 1537 304 1585 τὴν
320 1538 474 1592 χορείαν,
501 1538 564 1585 τὴν
594 1542 734 1589 βαθεῖαν
749 1539 862 1591 σιγὴν,
881 1538 943 1586 τὴν
959 1538 1108 1590 ἡσυχίαν

90 1597 156 1643 τὴν
175 1598 325 1644 πολλήν·
346 1599 539 1650 ἐκπλάγηθι
568 1604 628 1637 τοῦ
652 1600 829 1638 Δεσπότου
850 1616 909 1638 σου
929 1599 992 1647 τὴν
1017 1603 1112 1638 οἷκο-
1131 1612 1155 1641 E.

91 1658 226 1708 νομίαν.
248 1660 485 1712 Καθαρωτέρα
513 1660 591 1698 τότε
610 1661 704 1698 ἐστὶν
733 1664 754 1706 ἡ
783 1660 878 1712 ψυχή
892 1676 899 1683 ·
921 1660 1111 1712 κουφοτέρα

91 1718 150 1757 καὶ
169 1719 362 1772 λεπτοτέρα
379 1720 510 1771 μᾶλλόν
532 1722 625 1768 ἐστι,
644 1721 812 1772 μετέωρος
837 1720 896 1759 καὶ
916 1721 1044 1774 κούφη·
1073 1721 1113 1760 τὸ

97 1779 217 1823 σκότος
237 1781 344 1828 αὐτὸ,
373 1784 394 1827 ἡ
422 1781 501 1832 σιγὴ
521 1784 541 1827 ἦ
559 1781 670 1827 πολλὴ
702 1784 750 1825 εἷς
768 1781 947 1826 κατάνυξιν
973 1784 1112 1834 ἀγαγεῖν

97 1841 211 1879 ἵκανά.
231 1841 290 1879 Ἂν
312 1841 346 1880 δὲ
369 1842 452 1880 θκαὶ
467 1843 524 1881 τὸν
543 1842 682 1893 οὐρανὸν
700 1842 777 1894 ἴδῃς
795 1849 864 1886 τοῖς
885 1844 1023 1894 ἄστροις
1039 1842 1113 1881 ὥσ-

95 1917 161 1954 περ
194 1902 264 1940 τισὶ
297 1903 430 1955 μυρίοις
461 1903 730 1954 κατεστιγμένον
759 1906 967 1956 ὀφθαλμοῖς,
999 1911 1113 1942 πᾶσαν

95 1963 221 2009 ἡδονὴν
241 1963 431 2015 καρπώσῃ,
461 1964 591 2002 ἔννοιαν
610 1964 727 2003 >mecm
748 1965 844 2010 εὐθὺς
866 1969 925 2004 τοῦ
953 1966 1115 2017 δημιουρ-

94 2028 167 2074 γοῦ.
183 2023 243 2062 Ἂν
261 2024 424 2076 ἐννοήσῃς
439 2055 448 2073 ,
469 2025 522 2064 ὅτι
541 2029 572 2064 οἳ
590 2028 663 2077 μεθ’
683 2026 818 2078 ἡμέραν
838 2027 1035 2078 κράζοντες,
1052 2043 1114 2078 γε-

94 2087 242 2131 λῶντες,
271 2089 495 2138 σκιρτῶντες,
515 2089 710 2136 πηδῶντες,
731 2089 947 2135 ἀδικοῦντες,
967 2089 1113 2126 πλεονε-

95 2151 255 2190 κτοῦντες
266 2178 277 2194 ,
295 2149 515 2192 ἀπειλοῦντες
528 2179 537 2196 ,
560 2149 665 2201 μυρία
685 2149 987 2200 ἓπανατεινόμενοι
1002 2148 1111 2195 δεινὰ,

95 2201 188 2246 otton
207 2211 264 2246 νῦν
288 2224 357 2246 των
382 2211 512 2260 νεκρῶν
535 2208 629 2248 ουδεν
654 2210 873 2261 διαφέρουσι,

1261 236 1417 268 noun..
1457 239 1582 271 xxvi.
2065 228 2147 270 251

1178 317 1349 357 miracula
1369 321 1450 372 Dei,
1473 322 1531 360 sed
1545 322 1591 360 ad
1615 323 1802 362 utilitatem
1822 330 1977 360 nostram
2004 321 2082 359 haee
2102 321 2158 358 di-

1177 378 1318 429 vulgari
1337 394 1511 431 curemUS,
1528 392 1560 421 et
1576 383 1621 421 ad
1640 384 1791 421 aliorum
1811 382 2093 421 aedificationem.
2109 384 2159 420 Ut

1178 439 1271 476 enim
1297 441 1522 481 admirabilis
1544 445 1624 495 fuit,
1648 445 1709 495 qui
1738 444 1843 495 ligari
1863 443 2003 493 voluit,
2029 443 2076 480 ita
2095 443 2160 481 ad-

1182 499 1382 539 mirabilior
1414 504 1474 553 qui
1503 519 1571 541 non
1606 505 1706 557 prius
1734 504 1923 553 discessit,
1951 518 2057 555 quam
2088 504 2161 541 suis

1182 561 1299 598 omnia
1316 564 1522 603 nuntiasset.
1543 566 1728 617 Dixitque,
1749 568 1938 605 quntiate
1957 567 2106 604 Jacobo
2125 575 2160 603 et

1171 623 1380 672 fratribus.
1397 627 1470 662 Cur
1488 626 1605 664 dicere
1616 628 1746 678 jubet?
1768 629 1818 666 Ut
1838 628 1891 665 illi
1909 628 2106 680 gaudeant,
2123 637 2161 664 ut

1183 696 1226 719 ne
1254 684 1396 722 solliciti
1415 686 1499 733 sint,
1522 697 1560 725 ut
1576 702 1638 739 per
1656 689 1720 725 hos
1742 689 1793 726 illi
1812 689 1963 737 discant,
1990 704 2058 727 non
2093 689 2162 741 ipsi

1182 756 1247 794 per
1279 743 1384 783 illos:
1406 746 1455 783 sic
1482 747 1526 784 de
1554 747 1710 785 inferiori
1731 759 1830 800 parte
1852 765 1974 787 euram
2003 751 2158 801 gerebat.

1183 802 1285 840 Nihil
1305 818 1388 855 ergo
1423 806 1604 844 moderata
1626 808 1816 846 afflictione
1850 810 1988 847 melius.
2013 811 2163 856 Qualem

1182 871 1285 913 putas
1299 863 1444 901 illorum
1464 872 1547 903 tuuc
1565 867 1673 904 fuisse
1698 868 1884 905 animam?
1905 879 2034 919 quanta
2053 871 2162 908 volu-

1183 932 1278 975 ptate
1298 925 1467 975 plenam?
1485 927 1559 965 Ubi
1573 937 1656 965 sunt
1681 943 1774 965 nune
1794 929 1974 978 mulieres,
1995 944 2073 979 quae
2092 939 2164 967 tota

1181 995 1282 1021 noete
1300 985 1511 1025 dormiunt?
1540 989 1600 1026 ubi
1632 989 1714 1038 viri,
1734 990 1794 1040 qui
1827 1004 1939 1040 neque
1965 991 2001 1027 in
2024 992 2113 1029 lecto
2130 1006 2165 1029 se

1180 1048 1351 1085 versant?
1372 1049 1497 1088 Viden'
1512 1051 1660 1102 vigilem
1677 1051 1857 1089 animam?
1875 1052 1965 1089 Cum
1978 1052 2165 1102 uxoribus,
2179 1071 2332 1106 vigilantia

1181 1108 1299 1158 pueris
1316 1118 1349 1146 et
1368 1110 1506 1148 ancillis
1530 1113 1647 1149 Deum
1666 1112 1903 1161 celebrabant,
1934 1127 1996 1164 per
2016 1113 2166 1151 tribula·
2179 1112 2326 1139 ¹⁸ss¹l³¹¹¹‘·

1179 1171 1312 1209 tionem
1337 1173 1498 1224 puriores
1518 1175 1603 1213 ezelo
1626 1175 1755 1213 effecti.
1778 1177 1882 1214 Nunc
1900 1190 1998 1223 vero,
2022 1177 2050 1214 si
2079 1192 2164 1228 par—

1181 1246 1269 1270 vum
1285 1233 1471 1272 videamus
1495 1236 1706 1287 periculum,
1727 1236 1958 1276 concidimus.
1976 1237 2077 1275 Nihil
2096 1238 2167 1276 Ee-

1180 1292 1283 1331 clesia
1296 1294 1355 1331 illa
1371 1296 1610 1347 splendidius.
1624 1298 1725 1350 Ipsos
1737 1297 1930 1346 imitemur,
1944 1300 2166 1336 aemulemur.

1182 1356 1260 1392 Non
1275 1354 1354 1393 ideo
1371 1357 1460 1395 facta
1477 1367 1527 1395 est
1543 1373 1627 1407 nos,
1650 1368 1689 1396 ut
1705 1373 1768 1411 per
1783 1368 1891 1396 totam
1905 1359 2123 1398 dormiamus
2136 1370 2168 1398 et

1180 1415 1344 1454 otiemur.
1373 1417 1448 1454 Hoc
1478 1419 1710 1456 testificantur
1727 1420 1895 1470 artifices,
1921 1420 2168 1472 negotiatores,

1180 1486 1409 1529 mercatores,
1433 1479 1590 1518 Ecclesia
1624 1481 1689 1518 Dei
1726 1480 1841 1518 media
1877 1495 2024 1533 surgens
2054 1492 2168 1521 nocte.

1181 1539 1295 1590 Surge
1308 1548 1340 1577 et
1359 1549 1410 1589 tu,
1425 1550 1458 1578 et
1474 1541 1558 1579 vide
1573 1542 1755 1580 stellarum
1768 1543 1929 1591 chorum,
1947 1545 2169 1595 profundum

1181 1598 1361 1637 silentium
1379 1631 1388 1648 ,
1409 1602 1562 1652 quictem
1584 1603 1734 1640 multam
1756 1619 1764 1640 :
1787 1604 1995 1656 obstupesce
2028 1604 2072 1643 de
2093 1608 2169 1643 Do—

1182 1659 1269 1696 mini
1292 1660 1344 1697 tui
1370 1661 1611 1713 providentia.
1634 1663 1761 1701 Purior
1791 1673 1877 1701 tune
1897 1674 1949 1702 est
1967 1665 2098 1717 anima,
2119 1667 2169 1705 le-

1183 1720 1272 1769 vior,
1292 1722 1472 1769 subtilior,
1492 1724 1672 1773 sublimis,
1694 1725 1861 1776 expedita
1878 1742 1887 1762 5
1906 1727 2058 1764 tenebrae
2072 1728 2169 1779 ipsae,

1183 1783 1365 1822 silentium
1395 1787 1570 1836 multum,
1596 1787 1632 1824 in
1666 1789 1976 1839 compunctionem
2003 1790 2171 1830 inducere

1185 1855 1347 1896 possunt.
1369 1846 1407 1884 Si
1427 1861 1510 1885 vero
1535 1848 1661 1886 eaelum
1678 1849 1847 1901 respicias
1864 1851 1976 1888 stellis
1993 1853 2094 1902 quasi
2112 1853 2169 1892 iu—

1184 1906 1340 1944 numeris
1371 1906 1580 1946 distinctum
1612 1909 1745 1959 oculis,
1766 1911 1968 1950 omnimoda
1988 1914 2169 1966 voluptate

1183 1966 1309 2005 frueris
1332 1968 1530 2006 Creatorem
1548 1970 1666 2007 statim
1683 1979 1801 2008 mente
1819 1981 1998 2023 reputans.
2019 1974 2056 2012 Si
2071 1976 2168 2027 cogi-

1183 2027 1314 2064 tax-eris
1325 2041 1396 2077 eos,
1409 2029 1470 2078 qui
1485 2028 1640 2066 interdiu
1655 2031 1823 2080 clamant,
1834 2031 1966 2080 rident,
1975 2035 2166 2085 exsultant,

1183 2089 1326 2137 saliunt,
1344 2089 1474 2141 injuste
1492 2100 1613 2141 agunt,
1628 2091 1788 2132 avaritiae
1804 2092 1960 2144 student,
1973 2095 2168 2146 minantur,

1183 2149 1368 2187 innumera
1391 2151 1484 2188 mala
1500 2151 1669 2201 inferunt,
1685 2161 1770 2190 tunc
1785 2167 1805 2190 a
1824 2155 1974 2193 mortuis
1987 2156 2078 2194 nihil
2092 2157 2168 2196 dif-

904 2208 1110 2261 καταγνώσῃ
1122 2233 1169 2257 213
1183 2212 1286 2259 seire,
1308 2211 1499 2249 humanam
1520 2227 1660 2251 omnem
1693 2215 1933 2264 arrogantiam
1962 2217 2164 2258 damnabis.

95 2285 157 2315 της
172 2269 389 2321 ἀνθρωπίνης
415 2268 658 2313 ᾱαῦθαδείας“
642 2270 791 2318 απάσης.
814 2270 947 2314 ε’1πνος
964 2272 1112 2318 ἐπῆλθε,
1134 2270 1160 2299 Α
1185 2274 1338 2312 Somnus
1352 2273 1510 2323 accessit,
1531 2283 1564 2311 et
1578 2284 1741 2312 naturam
1760 2277 1969 2327 superavit:
1985 2278 2103 2330 imago
2119 2291 2170 2319 est

97 2345 155 2367 και
186 2329 248 2377 τὴν
277 2330 377 2382 φύσιν
403 2330 563 2382 ἤλεγξεν·
594 2330 694 2369 εἰκών
719 2334 793 2370 ἐστι
817 2331 985 2379 θανάτου,
1012 2331 1113 2370 εἰκών

95 2391 169 2427 ἐστι
189 2390 396 2434 συντελείας.
415 2390 475 2430 Αν
497 2391 667 2445 διακύψης
694 2394 742 2436 εἷς
766 2393 823 2430 τὸν
845 2393 1033 2439 στενωπὸν,
1055 2394 1115 2430 οὐκ

96 2451 229 2504 ἀκούσῃ
249 2452 324 2491 οὐδὲ
350 2456 486 2504 φωνῆς·
506 2453 545 2491 ἂν
571 2453 645 2506 ἴδῃς
672 2457 716 2498 εἷς
746 2455 808 2502 τὴν
829 2455 953 2501 οἰκίαν,
982 2455 1115 2498 πάντας

95 2512 171 2564 ὄψει
190 2513 347 2565 καθάπερ
363 2515 396 2551 ἐν
412 2514 512 2566 τάφῳ
526 2514 715 2566 κειμένους.
728 2518 851 2555 Ταῦτα
872 2517 988 2554 πάντα
1007 2517 1114 2555 ἱκανά

92 2575 168 2611 ἐστι
198 2575 429 2622 διαναστῆσαι
454 2575 582 2627 ψυχὴν,
609 2576 668 2614 καὶ
687 2580 735 2620 εἷς
760 2577 891 2616 ἔννοιαν
919 2578 1115 2621 συντελείας

94 2636 250 2686 ἀγαγεῖν.

150 2691 263 2742 Οῧτος
286 2698 328 2745 δή
354 2714 412 2750 μοι
433 2699 493 2738 καὶ
521 2700 607 2753 πρὸς
626 2700 752 2753 ἄνδρας
771 2703 829 2740 καὶ
848 2703 933 2754 πρὸς
951 2709 1115 2756 γυναῖκας

95 2762 113 2796 ὁ
131 2758 242 2810 λόγος.
277 2759 426 2812 Κάμψον
445 2760 490 2798 τὰ
510 2760 659 2810 γόνατα,
681 2763 852 2811 στέναξον,
868 2766 1114 2818 παρακάλεσόν

98 2834 156 2857 σου
183 2820 240 2858 τὸν
268 2821 450 2868 Δεσπότην
477 2821 579 2861 ἵλεων
606 2823 780 2875 γενέσθαι·
805 2827 934 2875 μᾶλλον
957 2828 1113 2878 {mudu-

98 2895 220 2917 πτεται
249 2883 282 2919 ἐν
311 2889 521 2935 νυκτεριναῖς
550 2886 693 2936 εὐγαῖς,
724 2885 805 2923 όταν
823 2886 880 2924 τὸν
906 2887 1026 2939 καιρὸν
1051 2891 1114 2934 τῆς

99 2940 324 2985 ἀναπαύσεως
344 2959 384 2980 συ
417 2945 548 2996 θρήνων
582 2950 664 2996 ποιῇ
688 2963 747 2984 και

99 3003 157 3037 τοῦ
187 3001 355 3049 βασιλέως
380 3008 468 3042 οἱα
454 3022 596 3080 ρηματα
617 3006 751 3083 ἔλεγεν·
783 3008 979 3047 Έκοπίασα
1003 3011 1037 3047 ἐν
1063 3012 1112 3062 τῷ

101 3077 285 3113 memma«)
308 3079 385 3112 μου,
404 3067 517 3104 λούσω
533 3072 608 3107 καθ’
626 3070 775 3116 ἑκάστην
793 3071 901 3109 νύκτα
914 3088 976 3118 την
992 3072 1111 3117 κλίνην

103 3125 223 3172 μου,ε’ν
244 3124 388 3175 δάκρυσί
412 3141 476 3175 μου
495 3127 557 3175 τὴν
578 3130 762 3182 στρωανήν
784 3147 849 3182 μου
871 3132 992 3184 βρέξω.
1003 3131 1114 3170 ‘'On-ov

103 3184 142 3220 ἂν
173 3188 215 3234 ᾐς
240 3186 426 3237 τρυφηλὸς,
453 3204 512 3226 ουκ
541 3194 571 3227 εἰ
589 3192 875 3245 τρυφηλότερος’
861 3193 1007 3231 εκείνου·
1037 3196 1115 3232 ὅσον

753 2947 1113 3000 ρόν.1ναμνήσθητι

151 3293 165 3315 ¹
186 3292 277 3322 liar.
294 3297 322 3323 τί
338 3294 446 3329 δήποτ
467 3309 498 3327 κε
503 3298 532 3327 >2
521 3310 565 3328 :uz
569 3301 651 3330 ιεῖπε
652 3296 848 3337 ῖυ,(]εειιῃι
843 3310 875 3330 in
892 3297 1102 3341 quibusdam.

106 3341 210 3383 {Iusta
236 3340 325 3373 Editi
346 3348 524 3388 ἐφρόντιζον
542 3346 697 3380 Dedimus
721 3354 871 3393 ἐρρὸυτιζπ
875 3366 898 3391 ν,
912 3349 1001 3392 quod
1022 3362 1105 3392 prm-

107 3393 185 3426 lent
208 3394 254 3425 31³
260 3406 280 3425 κ·
302 3405 426 3427 omnes
434 3396 444 3436 ]

1184 2334 1309 2371 mortis
1327 2343 1360 2371 et
1391 2335 1717 2374 consummationis.
1740 2337 1778 2375 Si
1810 2337 1933 2375 ticum
1959 2342 2169 2392 lespexeris,

1184 2395 1321 2432 nullam
1339 2409 1466 2434 vocem
1486 2395 1629 2446 audies3
1650 2397 1678 2434 si
1698 2396 1860 2448 domum,
1878 2412 1999 2438 omnes
2029 2401 2169 2442 videbis

1185 2457 1286 2508 quasi
1316 2457 1352 2494 in
1382 2457 1544 2509 sepulcro
1563 2458 1731 2509 jacentes.
1754 2460 1839 2497 Haec
1874 2461 1992 2499 omnia
2022 2475 2169 2514 possunt

1185 2518 1340 2556 animam
1358 2518 1524 2567 excitare,
1545 2527 1578 2555 et
1607 2518 1651 2556 ad
1680 2520 1927 2570 cogitationem
1949 2536 2169 2563 consumma-

1187 2579 1293 2618 tionis
1313 2578 1490 2617 inducere.

1239 2702 1278 2738 4.
1300 2700 1367 2738 Hic
1388 2714 1473 2739 vero
1491 2700 1582 2737 mihi
1613 2709 1646 2738 et
1667 2700 1713 2738 ad
1744 2701 1841 2740 viros
1872 2711 1905 2741 et
1929 2704 1976 2742 ad.
2003 2706 2168 2745 mulieres

1186 2777 1299 2801 sermo
1318 2771 1383 2800 est.
1405 2761 1524 2799 Flecte
1556 2775 1684 2813 genua,
1714 2763 1922 2815 ingemisce,
1944 2767 2058 2804 Deum
2088 2784 2169 2820 prc-

1186 2839 1265 2862 care
1282 2832 1322 2861 ut
1341 2823 1406 2860 tibi
1425 2823 1470 2860 sit
1497 2823 1673 2875 propitius
1691 2825 1894 2862 :nocturnis
1924 2826 1986 2864 ille
2005 2829 2170 2879 precibus

1185 2886 1298 2938 magis
1326 2885 1494 2933 flectitur,
1516 2899 1600 2922 cum
1628 2885 1760 2935 requiei
1790 2895 1929 2938 tempus
1964 2888 1999 2925 in
2031 2889 2169 2928 luctum

1184 2947 1344 2987 verteris.
1362 2946 1563 2984 Recordare
1583 2946 1773 2984 verborum
1790 2948 1883 2998 regis
1902 2948 2019 2986 illius:
2040 2952 2168 2989 Laho—
2185 2966 2269 2994 Psal‚
2289 2965 2317 2994 6,
2335 2975 2367 3003 ⁷7.

1185 3013 1272 3048 rcwi
1284 3011 1325 3045 in
1342 3009 1486 3059 gemitu
1501 3021 1596 3053 mec),
1614 3008 1753 3044 lavabo
1765 3022 1833 3058 per
1852 3011 2027 3060 singulas
2042 3021 2171 3051 noctes

1187 3071 1328 3108 lectum
1350 3081 1487 3115 meum,
1509 3067 1696 3114 lacrymis
1727 3070 1818 3104 meis
1850 3077 2014 3107 stratum
2045 3086 2171 3110 meum

1187 3132 1333 3183 rigabo.
1354 3128 1594 3174 Quantumvis
1612 3127 1750 3165 deliciis
1782 3129 1929 3179 affluas,
1961 3145 2029 3169 non
2060 3134 2171 3186 magis

1187 3205 1294 3243 quam
1316 3190 1377 3227 ille
1385 3205 1396 3240 3
1411 3188 1641 3240 quantumvis
1656 3188 1702 3226 sis
1715 3188 1831 3240 dives,
1842 3204 1910 3230 non
1922 3206 1956 3230 es
1969 3192 2080 3232 ditior
2100 3198 2172 3235 Da-

1198 3308 1228 3328 ‚0
1245 3296 1303 3329 Alii
1323 3302 1370 3330 καὶ
1390 3302 1424 3334 εἷς
1444 3301 1492 3329 τὸν
1514 3300 1645 3340 ὠμὴ-,ἕω

1215 3351 1229 3373 ‘l
1247 3350 1418 3391 [ἀσθενείας
1439 3349 1494 3381 Dl
