2502 3810
751 287 792 323 [λ’
834 287 976 317 EPtST.

105 369 162 406 τὸν
180 368 266 420 ἀέρα
297 372 413 406 κενοῧν
437 368 498 414 τὴν
519 368 675 417 δύναμιν.
697 367 800 405 Οὕτω
827 367 893 418 γὰρ
926 367 1002 406 οὔτε
1026 366 1123 408 αὐτὸς

104 429 342 479 πληγήσεται,
366 428 523 466 κάκείνου
547 428 644 466 λύσει
667 428 729 474 τὴν
752 428 850 479 ἰσχαὺν
869 428 1022 465 ἅπασαν·
1043 430 1060 464 ὃ
1080 427 1121 472 δὴ

103 488 162 526 καὶ
177 489 233 526 ἐπὶ
259 492 327 526 τῶν
347 489 475 542 ὕῧρεων
496 488 638 539 γίνεται.
660 488 774 526 υΟταν
798 488 858 539 μὲν
878 488 943 540 γὰρ
963 487 1120 538 ἀνθυῖἶρί·

103 565 183 599 σῃς,
196 548 349 596 ἡττήθης
365 551 429 601 οὐχ
444 549 511 587 ὑπὸ
532 548 730 601 ἀνθρώπου,
747 551 836 595 ἀλλ’,
853 548 937 600 ὅπερ
953 548 1044 586 ἐστὶν
1065 549 1122 584 αἷ-

1017 286 1075 315 AD
1111 284 1202 314 ROM
1211 303 1219 312 .

1261 283 1396 313 nol-111,
1407 302 1413 311 .
1454 282 1544 312 xxii
1555 301 1563 310 .

2090 281 2180 326 ‘7¹19

1201 363 1309 402 cloria
1336 373 1398 401 est.
1426 363 1532 415 pugil
1558 361 1650 400 enim
1670 361 1782 413 magis
1809 359 1934 409 vincit,
1953 373 2021 397 non
2044 373 2124 397 cuin
2144 374 2179 398 se

1199 425 1343 476 subjicit
1359 424 1403 461 ad
1423 425 1545 475 plagas
1564 421 1793 475 recipiendas,
1812 420 1872 459 sed
1885 421 2028 472 quando
2041 420 2177 472 erigens

1199 485 1366 536 seipsum,
1382 484 1419 522 id
1433 484 1506 535 agit
1521 493 1559 522 ut
1573 483 1795 521 adversarius
1809 481 1845 519 in
1856 495 1971 519 aerem
1987 481 2060 520 vim
2077 496 2177 519 suam

1198 545 1431 582 effundat.Ita
1447 545 1541 582 enim
1558 545 1633 596 ipse
1648 544 1771 596 plagas
1790 556 1859 580 non
1878 542 2041 594 accipiet,
2054 551 2085 580 et
2101 542 2177 594 ejus

104 609 302 662 σχρότερον,
316 610 382 648 ὑπὸ
398 610 528 654 πάθους
550 609 769 661 ἀνελευθέρου
792 613 851 647 τοῦ
881 613 988 659 θυμοῦ
1020 624 1122 653 κινη-
1146 612 1170 642 D
1194 606 1288 645 vires
1306 606 1498 643 dissolvet:
1515 605 1552 643 id
1570 605 1667 655 quod
1685 605 1791 642 etiam
1809 604 1843 641 in
1858 604 2081 642 contumeliis
2099 618 2177 641 eve-

105 670 190 713 θείς·
213 669 252 706 ἂν
274 670 308 707 δὲ
326 670 489 721 σιγήσης,
510 670 569 708 καὶ
600 670 780 717 ἐνίκησας,
798 670 859 707 καὶ
885 669 1056 716 οάπονητὶ
1085 668 1124 706 τὸ

106 729 269 782 τρόπαιον
290 731 455 778 ἔστησας,
471 731 530 769 καὶ
551 730 690 782 μυρίους
711 730 795 774 ἕξεις
821 729 898 773 τοὺς
919 733 1126 781 στεφανοῦν-

106 805 186 838 τας,
204 791 263 829 καὶ
281 794 342 837 τῆς
355 792 526 844 λοιδορίας
540 791 578 829 τὸ
593 793 712 843 ψεῦδος
730 790 1064 841 καταγινώσκοντας.
1081 788 1125 826 ‘O

108 850 170 900 μὲν
193 851 261 904 γὰρ
280 852 481 904 ἀντιλέγων,
501 856 547 895 ὡς
567 851 772 902 δακνόμενος
801 854 953 903 ἀντερεῖν
972 851 1080 887 δοκεῖ·
1109 852 1127 887 ὃ

107 912 143 951 δὲ
176 913 401 964 δακνόμενος,
421 913 582 951 ὑπόνοιαν
598 912 747 964 παρέχει
772 916 830 949 τοῦ
850 911 1038 950 συνειδέναι
1058 917 1128 953 τοῖς

107 974 305 1025 λεγομένοις
317 991 324 998 ·
343 975 382 1012 ἂν
400 975 435 1013 δὲ
458 974 716 1026 καταγελάσῃς,
735 975 784 1024 τῷ
812 973 937 1024 γέλωτι
955 972 1017 1019 τὴν
1037 971 1128 1010 κατὰ

109 1039 235 1072 σαυτοῦ
261 1036 374 1086 ψῆφον
394 1034 565 1078 ἐξέλυσας.
586 1034 655 1071 Καὶ
677 1035 705 1070 εἰ
728 1033 842 1083 βούλει
871 1035 963 1083 σαφῆ
991 1035 1059 1069 τῶν
1076 1033 1127 1068 εἷ-

110 1110 150 1146 ρη
156 1094 267 1144 μένων
279 1094 450 1138 ἀπόδειξιν
466 1094 599 1141 λαὲεῖν,
615 1094 715 1131 αὐτὸν
729 1093 904 1145 ἐρώτησον
920 1093 976 1130 τὸν
994 1092 1128 1143 ἐχθρὸν,

106 1154 191 1192 πότε
222 1156 352 1204 μᾶλλον
387 1156 510 1205 ἀλγεῖ,
549 1154 630 1192 ὅταν
665 1153 865 1206 θερμανθεὶς
895 1152 1104 1204 ἀνθυὲρίσῃς
1120 1183 1130 1200 ,

1194 668 1257 705 nit.
1284 670 1375 706 Nam
1403 681 1483 705 cum
1516 666 1766 705 contumeliam
1788 664 1999 703 contumelia
2018 665 2174 717 repellis,

1194 737 1378 780 superatus
1394 742 1429 765 es
1448 740 1516 764 non
1533 727 1578 764 ab
1594 725 1752 775 homine,
1766 725 1826 762 sed
1841 725 1939 775 quod
1957 725 2097 776 turpius
2111 734 2176 773 est,

1195 789 1240 825 ab
1257 788 1422 825 illiberali
1440 788 1588 825 affectu:
1604 786 1732 825 sivero
1754 794 1879 834 taceas,
1900 785 2027 834 vicisti,
2049 800 2089 822 ac
2103 786 2177 823 sine

1196 849 1316 886 labore
1349 858 1520 900 tropaeum
1565 846 1722 892 erexisti,
1766 846 2038 896 innumerosque
2074 847 2177 883 habe-

1197 911 1252 949 bis
1278 920 1312 949 te
1346 925 1474 949 corona
1505 910 1699 957 donantes,
1729 917 1762 945 et
1799 909 1951 946 convicii
1989 909 2176 946 falsitatem

1198 971 1419 1009 damnantes.
1448 972 1540 1008 Nam
1563 970 1625 1020 qui
1650 968 1872 1019 contradicit,
1904 971 2003 1019 quasi
2030 984 2073 1007 ex
2097 983 2178 1007 con-

1198 1033 1284 1072 vicii
1317 1047 1436 1071 morsu
1456 1031 1695 1070 contradicere
1715 1030 1882 1080 videtur,
1910 1044 2059 1080 cumque
2078 1044 2177 1067 mor-

1199 1107 1278 1131 sum
1307 1093 1444 1143 sentiat,
1460 1091 1694 1144 suspicionem
1722 1091 1869 1142 praebet,
1890 1089 1984 1140 quod
2005 1091 2049 1127 sit
2068 1089 2179 1127 dicto-

1200 1168 1282 1191 rum
1301 1154 1519 1192 consciuszsi
1536 1168 1619 1193 vero
1647 1152 1826 1201 deriseris,
1847 1166 1893 1189 ex
1909 1151 1983 1188 risu
2003 1151 2181 1188 calculum

105 1213 127 1260 ἢ
149 1215 229 1252 ὅταν
261 1214 455 1266 ὑδρίζοντος
486 1215 750 1266 καταγελάσῃς·
782 1214 843 1253 καὶ
869 1218 970 1252 τοῦτο
1000 1213 1129 1265 ἀκούσῃ
1152 1219 1176 1249 Ε
1201 1224 1234 1252 et
1248 1214 1429 1267 judicium
1451 1224 1572 1253 contra
1596 1224 1632 1253 te
1659 1214 1772 1251 latum
1801 1212 1953 1251 solvisti.
1978 1211 2024 1250 Et
2045 1211 2074 1249 si
2093 1211 2182 1249 velis

108 1275 253 1325 μᾶλλον.
270 1275 361 1313 Οὐδὲ
379 1275 447 1328 γὰρ
461 1274 569 1318 οὕτως
589 1275 712 1321 ἥδεται
728 1278 775 1327 τῷ
792 1275 839 1326 μὴ
856 1275 1068 1327 ὑέρίζεσθαι,
1085 1276 1130 1316 ὡς

107 1335 270 1374 δάκνεται
285 1339 333 1388 τῷ
359 1337 406 1387 μὴ
427 1336 591 1375 ’δύνασθαί
609 1352 669 1374 σου
685 1337 936 1375 καθάπτεσθαι.
957 1339 1037 1389 Οὐχ
1051 1339 1131 1388 ὁρᾷς

108 1395 186 1439 τοὺς
215 1397 468 1448 θυμουμένους,
495 1397 543 1436 ότι
577 1401 645 1435 τῶν
665 1397 759 1435 ἰδίων
779 1399 924 1448 πληγῶν
952 1399 989 1436 οὐ
1021 1396 1129 1435 πολὺν

1199 1277 1332 1315 claram
1345 1277 1522 1315 dictorum
1534 1276 1866 1315 demonstrationem
1883 1274 2051 1326 accipere,
2065 1274 2183 1325 ipsum

1199 1338 1386 1376 inimicum
1405 1338 1593 1390 interroga,
1605 1337 1747 1389 quando
1763 1337 1875 1389 magis
1894 1336 2022 1386 doleat,
2041 1350 2085 1373 an
2102 1349 2183 1373 eum

1160 1433 1188 1457 Ἃ
1200 1400 1326 1438 ardens
1353 1401 1602 1439 contumeliam
1635 1399 1795 1439 vicissim
1828 1397 2008 1449 rependis,
2031 1411 2074 1434 an
2102 1410 2183 1434 cum

110 1457 309 1507 ποιούμενοι
328 1457 443 1509 λόγον,
468 1457 675 1510 ἐπέρχονται
695 1457 786 1509 ῥύμῃ
807 1459 918 1510 πολλῇ
931 1488 940 1506 ,
956 1458 1015 1496 καὶ
1041 1460 1130 1494 συῶν
1153 1469 1178 1496 Α
1201 1462 1459 1501 conviciantem
1471 1461 1744 1511 derides:atque
1756 1461 1824 1497 hoc
1838 1469 2055 1511 postremum
2071 1458 2184 1510 magis

110 1517 239 1570 ἀγρίων
265 1525 379 1570 χεῖρον
398 1518 442 1556 τὰ
469 1522 528 1556 τοῦ
557 1518 703 1564 πλησίον
727 1520 904 1565 ζητοῦντες
923 1518 1107 1569 τραύματα
1122 1548 1132 1566 ,

110 1579 169 1617 καὶ
194 1580 280 1631 πρὸς
295 1579 330 1616 ἓν
350 1584 450 1617 τοῦτο
470 1582 634 1632 ὁρῶντες,
650 1580 710 1617 καὶ
727 1579 847 1617 τούτου
872 1581 1002 1629 μᾶλλον
1017 1579 1132 1625 ὄντες,

109 1639 131 1685 ἢ
150 1643 208 1678 τοῦ
227 1639 442 1691 φυλάξασθαί
466 1656 500 1677 τι
518 1644 639 1678 παθεῖν
652 1657 661 1688 ;
676 1638 789 1678 εΌταν
805 1634 874 1688 οἶν,
907 1634 945 1678 οὗ
978 1640 1132 1690 μάλιστα

109 1701 280 1752 ἐπιθυμῇ,
311 1701 431 1739 τούτου
465 1701 619 1753 μάλιστα
652 1701 893 1753 ἀποστερήσῃς
921 1700 1043 1749 αὐτὸν,
1073 1704 1132 1738 τοῦ

109 1762 237 1804 παντὸς
266 1762 525 1815 ἀπεστέρησας,
551 1761 782 1810 ἐξευτελισας,
803 1767 817 1783 ³
836 1763 894 1799 καὶ
920 1761 1050 1806 ἔδειξας
1077 1763 1133 1800 εὖ-

110 1821 389 1872 καταφρόνητον,
413 1823 472 1860 καὶ
502 1822 637 1860 παιδίον
659 1823 789 1873 μᾶλλον
809 1821 831 1868 ἢ
852 1822 979 1874 ἄνδρα,
1008 1822 1067 1859 καὶ
1094 1821 1134 1859 σὺ

112 1881 174 1931 μὲν
192 1882 378 1934 φιλοσόφου
398 1885 510 1935 ψῆφον
530 1883 661 1928 Medma,
678 1884 803 1920 ἐκεῖνον
824 1881 859 1920 δὲ
882 1882 1000 1935 θηρίου
1020 1897 1133 1928 πονη-

150 1942 248 1955 matr

113 1958 172 1993 ρου
193 1958 272 1991 οοςῃ
306 1943 542 1994 περιῧοίλλωνἰ
574 1945 689 1981 Τοῦτο
715 1943 773 1980 καὶ
798 1944 832 1980 ἓν
864 1946 914 1994 τῷ
945 1941 1136 1980 τύπτεσθαι

111 2005 280 2053 ποιῶμεν,
295 2004 354 2042 καὶ
369 2004 449 2042 ὅταν
468 2004 672 2055 βουλώμεθα
681 2003 836 2052 τύπτειν,
858 2004 906 2054 μὴ
924 2004 1137 2043 ἀντιτύπτω·

114 2079 188 2113 μεν.
205 2063 309 2101 Ἀλλὰ
342 2064 458 2115 βούλει
494 2065 633 2117 καιρίαν
653 2066 768 2102 δοῦναι
798 2065 958 2117 πληγὴνς
979 2064 1135 2117 Στρέψον

1201 1524 1336 1562 audies.
1358 1526 1482 1575 Neque
1499 1524 1593 1564 enim
1621 1532 1759 1561 tantum
1777 1523 1892 1574 placet
1906 1522 1990 1574 ipsi,
2013 1521 2108 1572 quod
2130 1521 2183 1560 vi-

1201 1585 1322 1623 cissim
1357 1585 1516 1624 convicia
1549 1599 1618 1622 non
1642 1598 1806 1636 reponas,
1833 1593 2006 1635 quantum
2042 1583 2184 1620 morde-

1201 1654 1274 1696 tur,
1289 1646 1388 1697 quod
1407 1659 1477 1683 non
1492 1645 1602 1697 possit
1619 1655 1653 1683 te
1671 1659 1905 1684 commovere.
1918 1645 1996 1682 Non
2014 1643 2114 1682 vides
2125 1644 2185 1681 fu-

1202 1721 1280 1744 rore
1312 1706 1465 1759 percitos
1494 1706 1666 1754 homines,
1694 1706 1755 1756 qui
1788 1705 1912 1757 plagas
1937 1714 2095 1756 acceptas
2115 1719 2185 1742 non

1203 1767 1359 1804 multum
1377 1776 1554 1817 curantes,
1570 1766 1705 1818 impetu
1731 1780 1858 1817 magno
1880 1765 2020 1803 irruunt
2046 1775 2079 1803 et
2106 1766 2185 1817 plus

1203 1842 1311 1879 quam
1329 1843 1408 1866 sues
1422 1837 1573 1881 agrestes
1592 1827 1750 1880 proximi
1768 1828 1916 1867 vulnera
1933 1836 2108 1877 quaerunt,
2130 1836 2183 1864 at-

1205 1903 1273 1940 que
1291 1888 1338 1926 ad
1358 1889 1426 1927 hoc
1444 1903 1557 1927 unum
1588 1888 1796 1940 respiciunt,
1818 1888 1957 1938 hocque
1987 1887 2100 1939 magis
2126 1902 2185 1925 cu-

1204 1955 1297 1997 rant,
1330 1961 1437 1997 quam
1470 1956 1618 1985 caveant
1649 1960 1692 1984 ne
1721 1946 1791 1983 sibi
1828 1946 1959 1984 vulnus
1990 1945 2185 1983 inseratur?

1206 2004 1361 2053 Quando
1371 2005 1482 2056 igitur
1498 2005 1601 2043 illum
1618 2019 1656 2043 ea
1669 2019 1707 2042 re
1720 2004 1854 2056 privas,
1873 2016 1981 2054 quam
2000 2004 2074 2055 ipse
2090 2018 2185 2041 suin-

1205 2080 1348 2117 mopere
1366 2066 1477 2118 cupit,
1496 2066 1592 2104 omni
1605 2066 1682 2119 jam
1699 2074 1820 2118 optata
1846 2079 1884 2103 re
1902 2065 2064 2116 privasti,
2086 2064 2183 2116 deje-

113 2126 206 2175 αὐτῷ
226 2124 284 2161 καὶ
304 2124 366 2171 τὴν
389 2126 498 2173 ἄλλην
519 2126 662 2177 σιαγόνα
675 2154 684 2172 ,
707 2126 765 2164 καὶ
783 2125 917 2177 μυρίοις
930 2127 1030 2165 αὐτὸν
1046 2127 1137 2173 πλή-
1157 2134 1179 2163 B
1205 2127 1298 2175 cisti,
1327 2137 1505 2166 contemtu
1532 2128 1688 2179 dignum
1720 2127 1917 2176 ostendisti,
1944 2136 1977 2164 et
1997 2127 2186 2178 puerulum

114 2184 179 2227 ξεις
197 2185 404 2236 τραύμασιν.
424 2188 470 2224 Οἱ
498 2186 565 2238 γὰρ
595 2191 794 2239 κροτοῦντες
827 2187 886 2224 καὶ
908 2187 1137 2239 θαυμάζοντες

112 2246 180 2282 τῶν
196 2246 456 2284 καταλευόντων
471 2247 556 2285 εἰσὶν
577 2249 671 2299 αὐτῷ
702 2246 960 2299 χαλεπώτεροι·
991 2247 1050 2285 καὶ
1069 2247 1137 2298 πρὸ

111 2304 250 2343 ἐκείνων
263 2306 302 2343 τὸ
313 2306 462 2348 συνειδὸς
476 2307 579 2344 αὐτοῦ
598 2307 880 2358 καταγνώσεται,
893 2308 952 2346 καὶ
970 2308 1136 2359 μεγίστας

113 2365 213 2403 αὐτὸν
234 2365 423 2412 ἀπαιτήσει
444 2366 541 2410 δίκας
553 2397 562 2415 ,
582 2367 641 2405 καὶ
660 2370 706 2410 ὡς
719 2368 763 2406 τὰ
779 2368 911 2420 ἔσχατα
927 2367 1060 2415 παθὼν,
1081 2367 1135 2407 οὕ-

111 2442 179 2470 τως
194 2427 398 2480 ἐρυθριάσας
417 2428 653 2480 ἀναχωρήσει.
677 2430 723 2467 Εἰ
745 2427 780 2467 δὲ
797 2429 856 2467 καὶ
875 2429 939 2475 τὴν
955 2428 1051 2482 παρὰ
1067 2431 1133 2466 τῶν

113 2488 250 2524 πολλῶν
271 2490 382 2534 ζητεῖς
398 2488 510 2537 δόξαν,
531 2489 590 2527 καὶ
610 2488 740 2536 ταύτης
760 2489 940 2542 ἀπολαύσῃ
960 2490 1134 2541 μειζόνως.

114 2548 184 2585 Καὶ
202 2548 316 2592 ἄλλως
337 2549 398 2599 μὲν
413 2549 480 2601 γὰρ
499 2550 583 2601 πρὸς
603 2550 680 2594 τοὺς
698 2553 813 2594 κακῶς
832 2552 1033 2603 πάσχοντας
1051 2551 1134 2603 ἔχο-

116 2607 178 2657 μέν
205 2624 282 2645 τινα
302 2609 542 2659 συμπάθειαν·
573 2610 657 2648 ὅταν
683 2610 717 2648 δὲ
748 2611 836 2661 μηδὲ
867 2612 1136 2654 ἀντιτύπτοντας

114 2669 256 2718 ἴδωμεν,
277 2669 366 2706 ἀλλὰ
397 2670 454 2707 καὶ
487 2671 626 2714 ἑαυτοὺς
645 2672 861 2720 ἐκδιδόντας,
881 2675 943 2710 οὐκ
975 2675 1135 2723 ἐλεοῦμεν

118 2729 231 2779 μόνον,
252 2730 341 2768 ἀλλὰ
357 2731 415 2769 καὶ
435 2730 665 2782 θαυμάζομεν.

174 3156 241 3193 Διὰ
258 3157 367 3195 ταῦτά
392 3173 450 3207 μοι
465 3160 522 3196 νῦν
542 3159 731 3210 ἀνοίμῶξαι
748 3160 892 3211 ἔπεισιν,
916 3162 969 3202 ὅτι
989 3165 1020 3201 οἱ
1040 3165 1136 3204 δυνά·
1157 3172 1181 3203 C

123 3232 219 3266 μενοι
241 3217 299 3254 καὶ
317 3216 359 3255 τὰ
377 3219 531 3270 παρόντα
550 3219 655 3272 ἔχειν,
681 3225 709 3260 εἰ
729 3225 797 3260 τῶν
818 3228 876 3262 τοῦ
897 3226 1050 3278 Χριστοῦ
1079 3227 1137 3264 νό-

1204 2189 1318 2240 magis
1345 2203 1452 2240 quam
1479 2189 1619 2227 virum:
1639 2196 1672 2226 et
1704 2197 1744 2225 tu
1772 2187 1977 2240 philosophi
2009 2187 2186 2225 calculum

1204 2250 1354 2302 adeptus
1372 2265 1420 2298 es,
1444 2249 1500 2287 illi
1522 2264 1605 2290 vero
1637 2250 1740 2287 malae
1769 2250 1890 2287 bestiae
1917 2250 2047 2286 samam
2067 2249 2186 2287 conci-

1203 2310 1312 2350 liasti.
1330 2310 1428 2349 Illud
1443 2319 1477 2348 et
1493 2324 1575 2348 cum
1590 2310 1833 2358 verberamur,
1853 2311 2022 2348 faciamus
2042 2310 2093 2347 :si
2111 2324 2188 2350 ver-

1203 2372 1328 2410 berare
1335 2372 1504 2421 velimus,
1515 2385 1559 2409 ne
1568 2371 1728 2410 vicissim
1740 2370 1978 2410 verberemus.
1991 2370 2060 2409 Sed
2070 2371 2125 2410 vis
2139 2372 2186 2408 le-

1204 2433 1310 2470 talem
1324 2432 1453 2470 inserre
1463 2431 1632 2484 plagam?
1647 2433 1756 2472 Verte
1772 2430 1826 2468 illi
1841 2431 1988 2469 alteram
2003 2431 2188 2469 maxillam

1202 2503 1237 2532 et
1253 2493 1351 2532 mille
1365 2493 1468 2531 illum
1481 2492 1691 2532 vulneribus
1706 2492 1896 2530 confodies.
1908 2494 1999 2530 Nam
2012 2492 2073 2542 qui
2087 2493 2187 2544 plau-

1205 2554 1295 2592 dunt
1305 2564 1339 2592 et
1350 2554 1536 2603 mirantur,
1547 2553 1727 2605 graviores
1740 2552 1795 2590 illi
1805 2562 1886 2590 sunt
1902 2567 2007 2603 quam
2023 2553 2053 2590 si
2069 2554 2187 2605 ipsum

1205 2615 1462 2668 lapidarent:et
1479 2623 1558 2652 ante
1573 2614 1653 2651 illos
1671 2613 1778 2651 etiam
1797 2613 2009 2651 conscientia
2027 2627 2107 2651 eum
2126 2613 2187 2651 da-

1204 2676 1356 2723 mnabit,
1369 2684 1403 2713 et
1422 2674 1596 2712 maximas
1611 2682 1742 2724 repetet
1761 2687 1895 2724 poenas,
1911 2683 1944 2710 et
1962 2687 2002 2710 ac
2021 2673 2049 2710 si
2071 2683 2187 2710 extre-

1204 2751 1261 2774 ma
1282 2749 1404 2787 passus
1425 2743 1528 2785 esset,
1552 2733 1602 2771 sic
1622 2733 1829 2770 erubescens
1848 2733 2024 2770 abscedet.
2045 2733 2083 2771 Si
2103 2747 2186 2772 vero

1204 2797 1356 2848 gloriam
1374 2794 1469 2847 apud
1497 2794 1629 2832 multos
1656 2793 1801 2844 quaeris,
1818 2793 1886 2831 hac
1915 2807 2052 2845 quoque
2074 2793 2187 2844 magis

1202 2857 1342 2896 frueris.
1362 2857 1454 2894 Nam
1480 2864 1514 2893 et
1533 2854 1693 2905 alioquin
1717 2868 1799 2905 erga
1828 2854 1919 2904 illos,
1932 2856 1992 2906 qui
2015 2856 2106 2893 male
2119 2869 2184 2907 pa-

1203 2917 1479 2968 tiuntur,aliqua
1493 2930 1679 2956 movemur
1698 2915 2019 2954 commiseratione:
2037 2925 2187 2967 etquan-

1204 2978 1252 3017 do
1271 2977 1435 3018 videmus
1456 2977 1537 3015 illos
1559 2984 1631 3015 sese
1660 2989 1730 3014 non
1751 2976 1978 3026 ulciscentes,
2006 2977 2067 3014 sed
2098 2976 2184 3014 adeo

1205 3049 1327 3092 sponte
1341 3053 1377 3078 se
1392 3047 1604 3091 exponentes
1615 3067 1626 3086 ,
1647 3051 1716 3074 non
1738 3036 1844 3075 modo
1866 3037 2183 3087 commiseratione,

1205 3100 1265 3139 sed
1281 3100 1386 3138 etiam
1400 3098 1634 3137 admiratione
1649 3096 1775 3148 dignos
1786 3096 1970 3135 habemus.

1259 3163 1295 3199 4.
1328 3161 1414 3199 Ideo
1433 3161 1509 3212 jam
1540 3172 1605 3210 ego
1629 3173 1717 3210 pene
1749 3158 1954 3209 ingemisco,
1993 3159 2090 3210 quod
2123 3161 2184 3211 qui
2233 3209 2237 3211 Β

1206 3236 1387 3277 possemus
1406 3230 1439 3260 et
1466 3220 1698 3273 praesentibus
1717 3219 1837 3272 potiri,
1867 3219 1896 3257 si
1928 3220 2064 3258 Christi
2091 3221 2186 3272 leges

125 3293 197 3326 μων
218 3276 386 3328 ἠκούομεν
408 3281 454 3321 ὡς
473 3281 592 3332 ἐχρῆν,
606 3281 665 3319 καὶ
685 3285 753 3321 τῶν
774 3284 970 3333 μελλόντων
994 3289 1137 3338 ἐπιτυγ-
1195 3295 1234 3324 ut
1252 3299 1316 3337 par
1338 3293 1387 3322 est
1407 3281 1630 3330 audiremus,
1660 3290 1693 3320 et
1712 3281 1832 3320 futura
1861 3282 1967 3320 etiam
1989 3283 2153 3334 consequi
2170 3300 2181 3335 5

167 3407 177 3420 c
204 3395 257 3428 Sic
273 3396 350 3428 Mss.
368 3395 458 3429 Editi
473 3409 550 3431 vero
566 3404 617 3433 καὶ
632 3406 690 3435 ἀπὸ
707 3406 784 3441 νίκης
799 3419 843 3437 τε.

171 3458 182 3471 ³
208 3449 300 3481 Unus
325 3447 437 3482 Codex
453 3450 498 3491 [et
523 3452 575 3493 A.]
593 3458 641 3486 καὶ
666 3455 768 3493 δείξας.
787 3454 902 3498 [Infra
921 3457 957 3488 A.
975 3463 1008 3488 et
1025 3468 1129 3502 marg.

1192 3404 1292 3439 Saxil.
1309 3407 1377 3438 ἀλλ’
1396 3408 1419 3437 εἰ
1433 3402 1561 3446 βούλει.]
