<?xml version="1.0" encoding="UTF-8"?>
<!DOCTYPE html PUBLIC "-//W3C//DTD XHTML 1.0 Transitional//EN"
    "http://www.w3.org/TR/xhtml1/DTD/xhtml1-transitional.dtd">
<html xmlns="http://www.w3.org/1999/xhtml" xml:lang="en" lang="en">
 <head>
  <title>
</title>
<meta http-equiv="Content-Type" content="text/html;charset=utf-8" />
  <meta name='ocr-system' content='tesseract 3.04.00' />
  <meta name='ocr-capabilities' content='ocr_page ocr_carea ocr_par ocr_line ocrx_word'/>
</head>
<body>
  <div class='ocr_page' id='page_1' title='image "./operaomniaquaeex09johnuoft/operaomniaquaeex09johnuoft_0602.png"; bbox 0 0 2502 3810; ppageno 0'>
   <div class='ocr_carea' id='block_1_1' title="bbox 399 241 2028 285">
    <p class='ocr_par' dir='ltr' id='par_1_1' title="bbox 399 241 2028 285">
     <span class='ocr_line' id='line_1_1' title="bbox 399 241 2028 285; baseline 0.001 -4"><span class='ocrx_word' id='word_1_1' title='bbox 399 241 489 285; x_wconf 83' lang='lat'>552</span> <span class='ocrx_word' id='word_1_2' title='bbox 859 253 894 280; x_wconf 89' lang='lat' dir='ltr'>s.</span> <span class='ocrx_word' id='word_1_3' title='bbox 933 251 1115 281; x_wconf 71' lang='lat' dir='ltr'><strong>JOANNIS</strong></span> <span class='ocrx_word' id='word_1_4' title='bbox 1151 250 1389 280; x_wconf 67' lang='lat' dir='ltr'>cunrsosr.</span> <span class='ocrx_word' id='word_1_5' title='bbox 1429 250 2028 282; x_wconf 65' lang='lat' dir='ltr'>ARCHIEP.CONSTANT1NOP.</span> 
     </span>
    </p>
   </div>
   <div class='ocr_carea' id='block_1_2' title="bbox 184 331 1428 2938">
    <p class='ocr_par' dir='ltr' id='par_1_2' title="bbox 392 331 1420 1051">
     <span class='ocr_line' id='line_1_2' title="bbox 397 331 1372 385; baseline -0.006 -12"><span class='ocrx_word' id='word_1_6' title='bbox 397 336 486 373; x_wconf 89' lang='lat' dir='ltr'>nihil</span> <span class='ocrx_word' id='word_1_7' title='bbox 520 349 592 372; x_wconf 88' lang='lat' dir='ltr'>esse</span> <span class='ocrx_word' id='word_1_8' title='bbox 616 332 802 385; x_wconf 84' lang='lat' dir='ltr'>putabant,</span> <span class='ocrx_word' id='word_1_9' title='bbox 824 331 1029 368; x_wconf 85' lang='lat' dir='ltr'>crassiorem</span> <span class='ocrx_word' id='word_1_10' title='bbox 1045 331 1144 368; x_wconf 86' lang='lat' dir='ltr'>illam</span> <span class='ocrx_word' id='word_1_11' title='bbox 1173 331 1372 379; x_wconf 74' lang='lat' dir='ltr'><strong>retinentes,</strong></span> 
     </span>
     <span class='ocr_line' id='line_1_3' title="bbox 397 390 1375 443; baseline -0.005 -10"><span class='ocrx_word' id='word_1_12' title='bbox 397 394 547 433; x_wconf 78' lang='lat' dir='ltr'>ostendit</span> <span class='ocrx_word' id='word_1_13' title='bbox 560 394 650 430; x_wconf 87' lang='grc'>113116</span> <span class='ocrx_word' id='word_1_14' title='bbox 670 406 742 429; x_wconf 91' lang='grc'>6556</span> <span class='ocrx_word' id='word_1_15' title='bbox 760 392 874 442; x_wconf 84' lang='lat' dir='ltr'>magis</span> <span class='ocrx_word' id='word_1_16' title='bbox 891 391 1087 443; x_wconf 75' lang='lat' dir='ltr'>propriam,</span> <span class='ocrx_word' id='word_1_17' title='bbox 1105 405 1302 429; x_wconf 88' lang='lat' dir='ltr'>sermonem</span> <span class='ocrx_word' id='word_1_18' title='bbox 1328 390 1375 428; x_wconf 88' lang='lat' dir='ltr'>ad</span> 
     </span>
     <span class='ocr_line' id='line_1_4' title="bbox 395 451 1372 502; baseline -0.004 -10"><span class='ocrx_word' id='word_1_19' title='bbox 395 458 508 492; x_wconf 84' lang='lat' dir='ltr'>Deum</span> <span class='ocrx_word' id='word_1_20' title='bbox 530 453 720 490; x_wconf 85' lang='lat' dir='ltr'>adducens.</span> <span class='ocrx_word' id='word_1_21' title='bbox 746 454 859 502; x_wconf 86' lang='lat' dir='ltr'>Atque</span> <span class='ocrx_word' id='word_1_22' title='bbox 878 452 1030 489; x_wconf 82' lang='lat' dir='ltr'>cumbis</span> <span class='ocrx_word' id='word_1_23' title='bbox 1051 452 1118 490; x_wconf 86' lang='grc'>1166</span> <span class='ocrx_word' id='word_1_24' title='bbox 1134 452 1239 489; x_wconf 87' lang='lat' dir='ltr'>etiam</span> <span class='ocrx_word' id='word_1_25' title='bbox 1253 451 1372 488; x_wconf 83' lang='lat' dir='ltr'>decla-</span> 
     </span>
     <span class='ocr_line' id='line_1_5' title="bbox 396 511 1372 564; baseline -0.002 -14"><span class='ocrx_word' id='word_1_26' title='bbox 396 524 463 559; x_wconf 84' lang='lat' dir='ltr'>rat,</span> <span class='ocrx_word' id='word_1_27' title='bbox 486 514 578 563; x_wconf 75' lang='lat' dir='ltr'>quod</span> <span class='ocrx_word' id='word_1_28' title='bbox 601 513 690 550; x_wconf 86' lang='lat' dir='ltr'>hanc</span> <span class='ocrx_word' id='word_1_29' title='bbox 709 511 792 549; x_wconf 86' lang='lat' dir='ltr'>fidei</span> <span class='ocrx_word' id='word_1_30' title='bbox 812 512 1079 549; x_wconf 80' lang='lat' dir='ltr'>retributionem</span> <span class='ocrx_word' id='word_1_31' title='bbox 1099 512 1282 564; x_wconf 78' lang='lat' dir='ltr'>acceperit.</span> <span class='ocrx_word' id='word_1_32' title='bbox 1304 513 1372 549; x_wconf 89' lang='lat' dir='ltr'>Ita-</span> 
     </span>
     <span class='ocr_line' id='line_1_6' title="bbox 396 572 1371 624; baseline -0.001 -14"><span class='ocrx_word' id='word_1_33' title='bbox 396 588 463 623; x_wconf 85' lang='lat' dir='ltr'>que</span> <span class='ocrx_word' id='word_1_34' title='bbox 480 574 548 610; x_wconf 69' lang='lat' dir='ltr'>nisi</span> <span class='ocrx_word' id='word_1_35' title='bbox 565 574 631 611; x_wconf 87' lang='lat' dir='ltr'>hoc</span> <span class='ocrx_word' id='word_1_36' title='bbox 649 572 817 618; x_wconf 84' lang='lat' dir='ltr'>adfuerit,</span> <span class='ocrx_word' id='word_1_37' title='bbox 841 573 976 610; x_wconf 87' lang='lat' dir='ltr'>etiamsi</span> <span class='ocrx_word' id='word_1_38' title='bbox 1003 582 1103 624; x_wconf 82' lang='lat' dir='ltr'>pater</span> <span class='ocrx_word' id='word_1_39' title='bbox 1125 573 1169 610; x_wconf 88' lang='lat' dir='ltr'>sit</span> <span class='ocrx_word' id='word_1_40' title='bbox 1197 572 1371 621; x_wconf 84' lang='lat' dir='ltr'>omnium,</span> 
     </span>
     <span class='ocr_line' id='line_1_7' title="bbox 395 634 1373 684; baseline 0 -13"><span class='ocrx_word' id='word_1_41' title='bbox 395 635 456 684; x_wconf 82' lang='lat' dir='ltr'>qui</span> <span class='ocrx_word' id='word_1_42' title='bbox 485 644 613 672; x_wconf 87' lang='lat' dir='ltr'>terram</span> <span class='ocrx_word' id='word_1_43' title='bbox 643 635 821 683; x_wconf 67' lang='lat' dir='ltr'>incolunt,</span> <span class='ocrx_word' id='word_1_44' title='bbox 851 634 965 683; x_wconf 88' lang='lat' dir='ltr'>illud,</span> <span class='ocrx_word' id='word_1_45' title='bbox 996 634 1125 683; x_wconf 81' lang='lat' dir='ltr'>Ante,</span> <span class='ocrx_word' id='word_1_46' title='bbox 1156 635 1275 672; x_wconf 90' lang='lat' dir='ltr'>locum</span> <span class='ocrx_word' id='word_1_47' title='bbox 1306 648 1373 672; x_wconf 92' lang='lat' dir='ltr'>non</span> 
     </span>
     <span class='ocr_line' id='line_1_8' title="bbox 394 694 1374 740; baseline -0.001 -8"><span class='ocrx_word' id='word_1_48' title='bbox 394 696 512 740; x_wconf 71' lang='lat' dir='ltr'>hahet,</span> <span class='ocrx_word' id='word_1_49' title='bbox 526 695 586 733; x_wconf 86' lang='lat' dir='ltr'>sed</span> <span class='ocrx_word' id='word_1_50' title='bbox 600 695 777 733; x_wconf 84' lang='lat' dir='ltr'>succisum</span> <span class='ocrx_word' id='word_1_51' title='bbox 791 704 824 732; x_wconf 86' lang='lat' dir='ltr'>et</span> <span class='ocrx_word' id='word_1_52' title='bbox 839 695 1067 732; x_wconf 87' lang='lat' dir='ltr'>imminutum</span> <span class='ocrx_word' id='word_1_53' title='bbox 1081 704 1132 732; x_wconf 84' lang='lat' dir='ltr'>est</span> <span class='ocrx_word' id='word_1_54' title='bbox 1144 695 1207 732; x_wconf 90' lang='lat' dir='ltr'>Dei</span> <span class='ocrx_word' id='word_1_55' title='bbox 1221 694 1374 732; x_wconf 85' lang='lat' dir='ltr'>donum:</span> 
     </span>
     <span class='ocr_line' id='line_1_9' title="bbox 394 755 1420 806; baseline -0.001 -14"><span class='ocrx_word' id='word_1_56' title='bbox 394 755 485 793; x_wconf 85' lang='lat' dir='ltr'>illud</span> <span class='ocrx_word' id='word_1_57' title='bbox 497 756 605 804; x_wconf 85' lang='lat' dir='ltr'>enim,</span> <span class='ocrx_word' id='word_1_58' title='bbox 620 764 724 803; x_wconf 80' lang='lat' dir='ltr'>ante,</span> <span class='ocrx_word' id='word_1_59' title='bbox 740 755 929 806; x_wconf 80' lang='lat' dir='ltr'>significat,</span> <span class='ocrx_word' id='word_1_60' title='bbox 942 755 1118 792; x_wconf 88' lang='lat' dir='ltr'>similiter.</span> <span class='ocrx_word' id='word_1_61' title='bbox 1133 755 1220 804; x_wconf 88' lang='lat' dir='ltr'>Qui,</span> <span class='ocrx_word' id='word_1_62' title='bbox 1239 769 1371 805; x_wconf 78' lang='lat' dir='ltr'>quaeSO,</span> <span class='ocrx_word' id='word_1_63' title='bbox 1396 766 1420 795; x_wconf 82' lang='lat' dir='ltr'>E</span> 
     </span>
     <span class='ocr_line' id='line_1_10' title="bbox 394 815 1368 867; baseline -0.001 -13"><span class='ocrx_word' id='word_1_64' title='bbox 394 817 527 854; x_wconf 79' lang='lat' dir='ltr'>mirum</span> <span class='ocrx_word' id='word_1_65' title='bbox 544 817 664 866; x_wconf 70' lang='lat' dir='ltr'>luerit,</span> <span class='ocrx_word' id='word_1_66' title='bbox 682 816 777 866; x_wconf 85' lang='lat' dir='ltr'>quod</span> <span class='ocrx_word' id='word_1_67' title='bbox 800 825 898 867; x_wconf 84' lang='lat' dir='ltr'>pater</span> <span class='ocrx_word' id='word_1_68' title='bbox 918 816 963 853; x_wconf 86' lang='lat' dir='ltr'>sit</span> <span class='ocrx_word' id='word_1_69' title='bbox 982 829 1118 863; x_wconf 86' lang='lat' dir='ltr'>eorum,</span> <span class='ocrx_word' id='word_1_70' title='bbox 1144 816 1204 866; x_wconf 89' lang='lat' dir='ltr'>qui</span> <span class='ocrx_word' id='word_1_71' title='bbox 1227 829 1272 852; x_wconf 74' lang='lat' dir='ltr'>ex</span> <span class='ocrx_word' id='word_1_72' title='bbox 1290 815 1368 867; x_wconf 87' lang='lat' dir='ltr'>ipso</span> 
     </span>
     <span class='ocr_line' id='line_1_11' title="bbox 394 876 1370 928; baseline -0.001 -15"><span class='ocrx_word' id='word_1_73' title='bbox 394 878 502 915; x_wconf 70' lang='lat' dir='ltr'>sunt?</span> <span class='ocrx_word' id='word_1_74' title='bbox 525 878 591 915; x_wconf 95' lang='grc'>1106</span> <span class='ocrx_word' id='word_1_75' title='bbox 610 877 705 915; x_wconf 84' lang='lat' dir='ltr'>cuim</span> <span class='ocrx_word' id='word_1_76' title='bbox 726 876 950 928; x_wconf 85' lang='lat' dir='ltr'>singulorum</span> <span class='ocrx_word' id='word_1_77' title='bbox 967 876 1155 913; x_wconf 89' lang='lat' dir='ltr'>hominum</span> <span class='ocrx_word' id='word_1_78' title='bbox 1180 885 1243 916; x_wconf 83' lang='lat' dir='ltr'>est.</span> <span class='ocrx_word' id='word_1_79' title='bbox 1263 876 1370 923; x_wconf 86' lang='lat' dir='ltr'>Quod</span> 
     </span>
     <span class='ocr_line' id='line_1_12' title="bbox 392 937 1370 990; baseline 0 -16"><span class='ocrx_word' id='word_1_80' title='bbox 392 939 617 990; x_wconf 78' lang='lat' dir='ltr'>stupendum,</span> <span class='ocrx_word' id='word_1_81' title='bbox 635 938 728 975; x_wconf 85' lang='lat' dir='ltr'>illud</span> <span class='ocrx_word' id='word_1_82' title='bbox 744 947 807 986; x_wconf 87' lang='lat' dir='ltr'>est,</span> <span class='ocrx_word' id='word_1_83' title='bbox 824 952 911 988; x_wconf 92' lang='lat' dir='ltr'>quos</span> <span class='ocrx_word' id='word_1_84' title='bbox 928 951 996 974; x_wconf 89' lang='lat' dir='ltr'>non</span> <span class='ocrx_word' id='word_1_85' title='bbox 1011 937 1138 974; x_wconf 85' lang='lat' dir='ltr'>habuit</span> <span class='ocrx_word' id='word_1_86' title='bbox 1161 951 1204 975; x_wconf 79' lang='lat' dir='ltr'>ex</span> <span class='ocrx_word' id='word_1_87' title='bbox 1230 946 1370 981; x_wconf 82' lang='lat' dir='ltr'>natura,</span> 
     </span>
     <span class='ocr_line' id='line_1_13' title="bbox 392 999 1012 1051; baseline -0.002 -14"><span class='ocrx_word' id='word_1_88' title='bbox 392 1000 456 1038; x_wconf 88' lang='lat' dir='ltr'>hos</span> <span class='ocrx_word' id='word_1_89' title='bbox 475 1015 520 1038; x_wconf 74' lang='lat' dir='ltr'>ex</span> <span class='ocrx_word' id='word_1_90' title='bbox 535 1000 601 1038; x_wconf 86' lang='lat' dir='ltr'>Dei</span> <span class='ocrx_word' id='word_1_91' title='bbox 613 999 706 1037; x_wconf 90' lang='lat' dir='ltr'>dono</span> <span class='ocrx_word' id='word_1_92' title='bbox 720 1000 823 1037; x_wconf 92' lang='lat' dir='ltr'>illum</span> <span class='ocrx_word' id='word_1_93' title='bbox 839 999 1012 1051; x_wconf 82' lang='lat' dir='ltr'>accipere.</span> 
     </span>
    </p>

    <p class='ocr_par' dir='ltr' id='par_1_3' title="bbox 383 1060 1428 2383">
     <span class='ocr_line' id='line_1_14' title="bbox 446 1060 1371 1113; baseline -0.001 -14"><span class='ocrx_word' id='word_1_94' title='bbox 446 1062 480 1099; x_wconf 81' lang='grc'>5.</span> <span class='ocrx_word' id='word_1_95' title='bbox 504 1063 628 1111; x_wconf 85' lang='lat' dir='ltr'>Itaque</span> <span class='ocrx_word' id='word_1_96' title='bbox 652 1061 681 1098; x_wconf 87' lang='lat' dir='ltr'>si</span> <span class='ocrx_word' id='word_1_97' title='bbox 703 1060 758 1099; x_wconf 73' lang='lat' dir='ltr'>vis</span> <span class='ocrx_word' id='word_1_98' title='bbox 783 1060 922 1098; x_wconf 86' lang='lat' dir='ltr'>credere</span> <span class='ocrx_word' id='word_1_99' title='bbox 945 1060 1159 1098; x_wconf 85' lang='lat' dir='ltr'>honoratum</span> <span class='ocrx_word' id='word_1_100' title='bbox 1177 1060 1286 1098; x_wconf 84' lang='lat' dir='ltr'>fuisse</span> <span class='ocrx_word' id='word_1_101' title='bbox 1309 1075 1371 1113; x_wconf 88' lang='lat' dir='ltr'>pa-</span> 
     </span>
     <span class='ocr_line' id='line_1_15' title="bbox 390 1122 1369 1174; baseline -0.001 -14"><span class='ocrx_word' id='word_1_102' title='bbox 390 1123 595 1169; x_wconf 84' lang='lat' dir='ltr'>triarcham,</span> <span class='ocrx_word' id='word_1_103' title='bbox 612 1122 713 1160; x_wconf 88' lang='lat' dir='ltr'>erede</span> <span class='ocrx_word' id='word_1_104' title='bbox 726 1122 844 1174; x_wconf 80' lang='lat' dir='ltr'>ipsum</span> <span class='ocrx_word' id='word_1_105' title='bbox 858 1122 1016 1159; x_wconf 87' lang='lat' dir='ltr'>omnium</span> <span class='ocrx_word' id='word_1_106' title='bbox 1028 1136 1100 1159; x_wconf 86' lang='lat' dir='ltr'>esse</span> <span class='ocrx_word' id='word_1_107' title='bbox 1116 1131 1263 1174; x_wconf 84' lang='lat' dir='ltr'>patrem.</span> <span class='ocrx_word' id='word_1_108' title='bbox 1280 1123 1369 1159; x_wconf 85' lang='lat' dir='ltr'>Cum</span> 
     </span>
     <span class='ocr_line' id='line_1_16' title="bbox 391 1183 1369 1229; baseline 0 -8"><span class='ocrx_word' id='word_1_109' title='bbox 391 1184 485 1221; x_wconf 74' lang='lat' dir='ltr'>dixit</span> <span class='ocrx_word' id='word_1_110' title='bbox 499 1193 629 1229; x_wconf 83' lang='lat' dir='ltr'>autem,</span> <span class='ocrx_word' id='word_1_111' title='bbox 653 1183 762 1221; x_wconf 84' lang='lat' dir='ltr'><em>Ante</em></span> <span class='ocrx_word' id='word_1_112' title='bbox 780 1184 921 1228; x_wconf 82' lang='lat' dir='ltr'>Deum,</span> <span class='ocrx_word' id='word_1_113' title='bbox 940 1184 1002 1220; x_wconf 84' lang='lat' dir='ltr'>cui</span> <span class='ocrx_word' id='word_1_114' title='bbox 1020 1183 1197 1229; x_wconf 77' lang='lat' dir='ltr'>credidit,</span> <span class='ocrx_word' id='word_1_115' title='bbox 1218 1196 1288 1220; x_wconf 91' lang='lat' dir='ltr'>non</span> <span class='ocrx_word' id='word_1_116' title='bbox 1310 1183 1369 1221; x_wconf 86' lang='grc'>1116</span> 
     </span>
     <span class='ocr_line' id='line_1_17' title="bbox 391 1243 1364 1295; baseline 0.001 -15"><span class='ocrx_word' id='word_1_117' title='bbox 391 1244 572 1289; x_wconf 85' lang='lat' dir='ltr'>substitit,</span> <span class='ocrx_word' id='word_1_118' title='bbox 601 1243 662 1280; x_wconf 90' lang='lat' dir='ltr'>sed</span> <span class='ocrx_word' id='word_1_119' title='bbox 688 1243 816 1294; x_wconf 82' lang='lat' dir='ltr'>adjecit</span> <span class='ocrx_word' id='word_1_120' title='bbox 843 1259 851 1279; x_wconf 75' lang='grc' dir='ltr'><strong><em>ε</em></strong></span> <span class='ocrx_word' id='word_1_121' title='bbox 878 1244 952 1293; x_wconf 81' lang='lat' dir='ltr'>Qui</span> <span class='ocrx_word' id='word_1_122' title='bbox 977 1244 1155 1295; x_wconf 69' lang='lat' dir='ltr'>vivificat</span> <span class='ocrx_word' id='word_1_123' title='bbox 1183 1253 1364 1290; x_wconf 81' lang='lat' dir='ltr'>mortuos,</span> 
     </span>
     <span class='ocr_line' id='line_1_18' title="bbox 393 1312 1368 1356; baseline 0 -15"><span class='ocrx_word' id='word_1_124' title='bbox 393 1313 427 1341; x_wconf 86' lang='lat' dir='ltr'>et</span> <span class='ocrx_word' id='word_1_125' title='bbox 447 1313 563 1341; x_wconf 69' lang='lat' dir='ltr'>vocat</span> <span class='ocrx_word' id='word_1_126' title='bbox 590 1318 636 1340; x_wconf 81' lang='lat' dir='ltr'>ea</span> <span class='ocrx_word' id='word_1_127' title='bbox 658 1318 741 1356; x_wconf 82' lang='lat' dir='ltr'>quoe</span> <span class='ocrx_word' id='word_1_128' title='bbox 770 1317 847 1340; x_wconf 86' lang='lat' dir='ltr'>non</span> <span class='ocrx_word' id='word_1_129' title='bbox 874 1312 976 1351; x_wconf 78' lang='lat' dir='ltr'>sunt,</span> <span class='ocrx_word' id='word_1_130' title='bbox 1005 1312 1194 1354; x_wconf 81' lang='lat' dir='ltr'>tanquam</span> <span class='ocrx_word' id='word_1_131' title='bbox 1213 1318 1260 1340; x_wconf 79' lang='lat' dir='ltr'>ea</span> <span class='ocrx_word' id='word_1_132' title='bbox 1283 1318 1368 1355; x_wconf 67' lang='lat' dir='ltr'>quse</span> 
     </span>
     <span class='ocr_line' id='line_1_19' title="bbox 391 1363 1368 1416; baseline -0.001 -15"><span class='ocrx_word' id='word_1_133' title='bbox 391 1374 480 1401; x_wconf 75' lang='lat' dir='ltr'>sunt</span> <span class='ocrx_word' id='word_1_134' title='bbox 499 1381 508 1399; x_wconf 89' lang='grc'>.-</span> <span class='ocrx_word' id='word_1_135' title='bbox 531 1379 611 1401; x_wconf 84' lang='grc'>611111</span> <span class='ocrx_word' id='word_1_136' title='bbox 626 1378 750 1416; x_wconf 82' lang='lat' dir='ltr'>nempe</span> <span class='ocrx_word' id='word_1_137' title='bbox 765 1364 841 1415; x_wconf 86' lang='lat' dir='ltr'>jam</span> <span class='ocrx_word' id='word_1_138' title='bbox 859 1363 902 1400; x_wconf 93' lang='lat' dir='ltr'>de</span> <span class='ocrx_word' id='word_1_139' title='bbox 918 1364 1172 1401; x_wconf 87' lang='lat' dir='ltr'>resurrectione</span> <span class='ocrx_word' id='word_1_140' title='bbox 1188 1378 1289 1415; x_wconf 81' lang='lat' dir='ltr'>agere</span> <span class='ocrx_word' id='word_1_141' title='bbox 1303 1378 1368 1401; x_wconf 85' lang='grc'>606-</span> 
     </span>
     <span class='ocr_line' id='line_1_20' title="bbox 391 1422 1369 1475; baseline 0.001 -16"><span class='ocrx_word' id='word_1_142' title='bbox 391 1424 498 1475; x_wconf 82' lang='lat' dir='ltr'>pisset</span> <span class='ocrx_word' id='word_1_143' title='bbox 521 1441 527 1460; x_wconf 88' lang='lat'><strong>:</strong></span> <span class='ocrx_word' id='word_1_144' title='bbox 552 1424 647 1474; x_wconf 77' lang='lat' dir='ltr'>quod</span> <span class='ocrx_word' id='word_1_145' title='bbox 669 1425 699 1461; x_wconf 93' lang='lat' dir='ltr'>ei</span> <span class='ocrx_word' id='word_1_146' title='bbox 719 1424 826 1461; x_wconf 85' lang='lat' dir='ltr'>etiam</span> <span class='ocrx_word' id='word_1_147' title='bbox 839 1422 1047 1475; x_wconf 62' lang='lat' dir='ltr'>adpraesens</span> <span class='ocrx_word' id='word_1_148' title='bbox 1062 1423 1263 1461; x_wconf 83' lang='lat' dir='ltr'>institutum</span> <span class='ocrx_word' id='word_1_149' title='bbox 1283 1423 1369 1460; x_wconf 89' lang='lat' dir='ltr'>utile</span> 
     </span>
     <span class='ocr_line' id='line_1_21' title="bbox 391 1483 1369 1536; baseline -0.001 -15"><span class='ocrx_word' id='word_1_150' title='bbox 391 1494 476 1522; x_wconf 84' lang='lat' dir='ltr'>crat.</span> <span class='ocrx_word' id='word_1_151' title='bbox 493 1486 584 1522; x_wconf 81' lang='lat' dir='ltr'>Nam</span> <span class='ocrx_word' id='word_1_152' title='bbox 600 1486 627 1522; x_wconf 92' lang='lat' dir='ltr'>si</span> <span class='ocrx_word' id='word_1_153' title='bbox 645 1494 757 1536; x_wconf 86' lang='lat' dir='ltr'>potest</span> <span class='ocrx_word' id='word_1_154' title='bbox 773 1493 929 1521; x_wconf 86' lang='lat' dir='ltr'>mortuos</span> <span class='ocrx_word' id='word_1_155' title='bbox 949 1483 993 1520; x_wconf 81' lang='lat' dir='ltr'>ad</span> <span class='ocrx_word' id='word_1_156' title='bbox 1009 1483 1120 1520; x_wconf 79' lang='lat' dir='ltr'>vitam</span> <span class='ocrx_word' id='word_1_157' title='bbox 1139 1497 1317 1532; x_wconf 74' lang='lat' dir='ltr'>revocare,</span> <span class='ocrx_word' id='word_1_158' title='bbox 1336 1493 1369 1520; x_wconf 84' lang='lat' dir='ltr'>et</span> 
     </span>
     <span class='ocr_line' id='line_1_22' title="bbox 390 1544 1428 1606; baseline -0.002 -24"><span class='ocrx_word' id='word_1_159' title='bbox 390 1559 513 1595; x_wconf 69' lang='lat' dir='ltr'>caquoe</span> <span class='ocrx_word' id='word_1_160' title='bbox 528 1560 595 1582; x_wconf 87' lang='lat' dir='ltr'>non</span> <span class='ocrx_word' id='word_1_161' title='bbox 609 1554 703 1591; x_wconf 85' lang='lat' dir='ltr'>sunt,</span> <span class='ocrx_word' id='word_1_162' title='bbox 716 1554 896 1595; x_wconf 83' lang='lat' dir='ltr'>tamquam</span> <span class='ocrx_word' id='word_1_163' title='bbox 910 1558 947 1581; x_wconf 87' lang='lat' dir='ltr'>ea</span> <span class='ocrx_word' id='word_1_164' title='bbox 959 1558 1038 1593; x_wconf 77' lang='lat' dir='ltr'>quae</span> <span class='ocrx_word' id='word_1_165' title='bbox 1050 1553 1142 1592; x_wconf 82' lang='lat' dir='ltr'>sunt,</span> <span class='ocrx_word' id='word_1_166' title='bbox 1154 1544 1365 1595; x_wconf 80' lang='lat' dir='ltr'>producere,</span> <span class='ocrx_word' id='word_1_167' title='bbox 1381 1579 1428 1606; x_wconf 65' lang='lat'>504</span> 
     </span>
     <span class='ocr_line' id='line_1_23' title="bbox 390 1603 1418 1656; baseline -0.001 -14"><span class='ocrx_word' id='word_1_168' title='bbox 390 1615 502 1656; x_wconf 81' lang='lat' dir='ltr'>potest</span> <span class='ocrx_word' id='word_1_169' title='bbox 521 1606 625 1642; x_wconf 84' lang='lat' dir='ltr'>etiam</span> <span class='ocrx_word' id='word_1_170' title='bbox 645 1619 716 1649; x_wconf 85' lang='lat' dir='ltr'>eos,</span> <span class='ocrx_word' id='word_1_171' title='bbox 740 1605 801 1653; x_wconf 85' lang='lat' dir='ltr'>qui</span> <span class='ocrx_word' id='word_1_172' title='bbox 821 1618 865 1641; x_wconf 78' lang='lat' dir='ltr'>ex</span> <span class='ocrx_word' id='word_1_173' title='bbox 885 1604 946 1640; x_wconf 91' lang='lat' dir='ltr'>illo</span> <span class='ocrx_word' id='word_1_174' title='bbox 968 1603 1042 1640; x_wconf 84' lang='lat' dir='ltr'>nati</span> <span class='ocrx_word' id='word_1_175' title='bbox 1066 1617 1133 1640; x_wconf 90' lang='lat' dir='ltr'>non</span> <span class='ocrx_word' id='word_1_176' title='bbox 1154 1612 1250 1652; x_wconf 86' lang='lat' dir='ltr'>sunt,</span> <span class='ocrx_word' id='word_1_177' title='bbox 1274 1603 1367 1641; x_wconf 84' lang='lat' dir='ltr'>filios</span> <span class='ocrx_word' id='word_1_178' title='bbox 1393 1616 1418 1644; x_wconf 74' lang='lat' dir='ltr'>A</span> 
     </span>
     <span class='ocr_line' id='line_1_24' title="bbox 387 1663 1366 1717; baseline -0.002 -15"><span class='ocrx_word' id='word_1_179' title='bbox 387 1666 499 1717; x_wconf 77' lang='lat' dir='ltr'>ipsius</span> <span class='ocrx_word' id='word_1_180' title='bbox 514 1667 636 1702; x_wconf 84' lang='lat' dir='ltr'>facere.</span> <span class='ocrx_word' id='word_1_181' title='bbox 654 1664 737 1701; x_wconf 88' lang='lat' dir='ltr'>Ideo</span> <span class='ocrx_word' id='word_1_182' title='bbox 756 1678 825 1701; x_wconf 91' lang='lat' dir='ltr'>non</span> <span class='ocrx_word' id='word_1_183' title='bbox 840 1663 946 1713; x_wconf 75' lang='lat' dir='ltr'>dixit,</span> <span class='ocrx_word' id='word_1_184' title='bbox 963 1663 1035 1709; x_wconf 88' lang='lat' dir='ltr'>Qui</span> <span class='ocrx_word' id='word_1_185' title='bbox 1055 1663 1220 1716; x_wconf 82' lang='lat' dir='ltr'>producit</span> <span class='ocrx_word' id='word_1_186' title='bbox 1235 1678 1274 1701; x_wconf 85' lang='grc'>63</span> <span class='ocrx_word' id='word_1_187' title='bbox 1288 1679 1366 1714; x_wconf 82' lang='lat' dir='ltr'>quae</span> 
     </span>
     <span class='ocr_line' id='line_1_25' title="bbox 388 1724 1367 1776; baseline 0 -14"><span class='ocrx_word' id='word_1_188' title='bbox 388 1740 456 1762; x_wconf 81' lang='lat' dir='ltr'>non</span> <span class='ocrx_word' id='word_1_189' title='bbox 476 1735 572 1771; x_wconf 85' lang='lat' dir='ltr'>sunt,</span> <span class='ocrx_word' id='word_1_190' title='bbox 590 1735 772 1776; x_wconf 76' lang='lat' dir='ltr'>tamquam</span> <span class='ocrx_word' id='word_1_191' title='bbox 788 1739 827 1762; x_wconf 85' lang='lat' dir='ltr'>ea</span> <span class='ocrx_word' id='word_1_192' title='bbox 847 1739 926 1775; x_wconf 82' lang='lat' dir='ltr'>quae</span> <span class='ocrx_word' id='word_1_193' title='bbox 944 1733 1038 1775; x_wconf 85' lang='lat' dir='ltr'>sunt,</span> <span class='ocrx_word' id='word_1_194' title='bbox 1058 1724 1118 1762; x_wconf 91' lang='lat' dir='ltr'>scd</span> <span class='ocrx_word' id='word_1_195' title='bbox 1139 1726 1213 1775; x_wconf 81' lang='lat' dir='ltr'>Qui</span> <span class='ocrx_word' id='word_1_196' title='bbox 1231 1734 1367 1774; x_wconf 75' lang='lat' dir='ltr'>vocat,</span> 
     </span>
     <span class='ocr_line' id='line_1_26' title="bbox 386 1786 1367 1838; baseline 0.001 -14"><span class='ocrx_word' id='word_1_197' title='bbox 386 1788 556 1838; x_wconf 84' lang='lat' dir='ltr'>majorem</span> <span class='ocrx_word' id='word_1_198' title='bbox 570 1787 781 1824; x_wconf 82' lang='lat' dir='ltr'>facilitatem</span> <span class='ocrx_word' id='word_1_199' title='bbox 797 1787 1012 1837; x_wconf 83' lang='lat' dir='ltr'>significans.</span> <span class='ocrx_word' id='word_1_200' title='bbox 1033 1786 1132 1825; x_wconf 84' lang='lat' dir='ltr'>Sicut</span> <span class='ocrx_word' id='word_1_201' title='bbox 1151 1787 1242 1824; x_wconf 89' lang='lat' dir='ltr'>enim</span> <span class='ocrx_word' id='word_1_202' title='bbox 1265 1787 1367 1825; x_wconf 83' lang='lat' dir='ltr'>nobis</span> 
     </span>
     <span class='ocr_line' id='line_1_27' title="bbox 385 1847 1367 1898; baseline 0.001 -13"><span class='ocrx_word' id='word_1_203' title='bbox 385 1848 488 1886; x_wconf 79' lang='lat' dir='ltr'>facile</span> <span class='ocrx_word' id='word_1_204' title='bbox 509 1857 560 1885; x_wconf 87' lang='lat' dir='ltr'>est</span> <span class='ocrx_word' id='word_1_205' title='bbox 579 1862 617 1885; x_wconf 88' lang='lat' dir='ltr'>ea</span> <span class='ocrx_word' id='word_1_206' title='bbox 632 1862 708 1898; x_wconf 83' lang='lat' dir='ltr'>quae</span> <span class='ocrx_word' id='word_1_207' title='bbox 730 1857 811 1885; x_wconf 88' lang='lat' dir='ltr'>sunt</span> <span class='ocrx_word' id='word_1_208' title='bbox 830 1861 969 1894; x_wconf 75' lang='lat' dir='ltr'>vocare,</span> <span class='ocrx_word' id='word_1_209' title='bbox 991 1847 1039 1885; x_wconf 89' lang='lat' dir='ltr'>ita</span> <span class='ocrx_word' id='word_1_210' title='bbox 1058 1857 1090 1885; x_wconf 89' lang='lat' dir='ltr'>et</span> <span class='ocrx_word' id='word_1_211' title='bbox 1116 1848 1146 1885; x_wconf 92' lang='lat' dir='ltr'>ei</span> <span class='ocrx_word' id='word_1_212' title='bbox 1166 1848 1317 1896; x_wconf 79' lang='lat' dir='ltr'>facilius,</span> <span class='ocrx_word' id='word_1_213' title='bbox 1335 1857 1367 1886; x_wconf 88' lang='lat' dir='ltr'>et</span> 
     </span>
     <span class='ocr_line' id='line_1_28' title="bbox 385 1909 1366 1961; baseline 0.001 -15"><span class='ocrx_word' id='word_1_214' title='bbox 385 1910 488 1961; x_wconf 76' lang='lat' dir='ltr'>longe</span> <span class='ocrx_word' id='word_1_215' title='bbox 516 1909 654 1946; x_wconf 78' lang='lat' dir='ltr'>facilius</span> <span class='ocrx_word' id='word_1_216' title='bbox 685 1918 745 1958; x_wconf 86' lang='lat' dir='ltr'>est,</span> <span class='ocrx_word' id='word_1_217' title='bbox 775 1923 814 1946; x_wconf 88' lang='lat' dir='ltr'>ea</span> <span class='ocrx_word' id='word_1_218' title='bbox 845 1924 922 1959; x_wconf 74' lang='lat' dir='ltr'>qum</span> <span class='ocrx_word' id='word_1_219' title='bbox 946 1923 1015 1947; x_wconf 89' lang='lat' dir='ltr'>non</span> <span class='ocrx_word' id='word_1_220' title='bbox 1044 1919 1125 1947; x_wconf 90' lang='lat' dir='ltr'>sunt</span> <span class='ocrx_word' id='word_1_221' title='bbox 1156 1910 1366 1961; x_wconf 87' lang='lat' dir='ltr'>producere.</span> 
     </span>
     <span class='ocr_line' id='line_1_29' title="bbox 385 1969 1365 2020; baseline 0 -13"><span class='ocrx_word' id='word_1_222' title='bbox 385 1972 475 2008; x_wconf 81' lang='lat' dir='ltr'>Cum</span> <span class='ocrx_word' id='word_1_223' title='bbox 490 1970 556 2007; x_wconf 92' lang='lat' dir='ltr'>Dei</span> <span class='ocrx_word' id='word_1_224' title='bbox 573 1969 707 2007; x_wconf 87' lang='lat' dir='ltr'>donum</span> <span class='ocrx_word' id='word_1_225' title='bbox 728 1983 896 2020; x_wconf 78' lang='lat' dir='ltr'>magnum</span> <span class='ocrx_word' id='word_1_226' title='bbox 919 1979 952 2007; x_wconf 88' lang='lat' dir='ltr'>et</span> <span class='ocrx_word' id='word_1_227' title='bbox 975 1970 1156 2007; x_wconf 80' lang='lat' dir='ltr'>ineffabile</span> <span class='ocrx_word' id='word_1_228' title='bbox 1176 1984 1365 2008; x_wconf 84' lang='lat' dir='ltr'>memoras-</span> 
     </span>
     <span class='ocr_line' id='line_1_30' title="bbox 385 2030 1366 2082; baseline 0 -14"><span class='ocrx_word' id='word_1_229' title='bbox 385 2040 456 2080; x_wconf 85' lang='lat' dir='ltr'>set,</span> <span class='ocrx_word' id='word_1_230' title='bbox 493 2040 525 2068; x_wconf 93' lang='lat' dir='ltr'>et</span> <span class='ocrx_word' id='word_1_231' title='bbox 560 2031 604 2068; x_wconf 86' lang='lat' dir='ltr'>de</span> <span class='ocrx_word' id='word_1_232' title='bbox 637 2031 712 2082; x_wconf 82' lang='lat' dir='ltr'>ejus</span> <span class='ocrx_word' id='word_1_233' title='bbox 748 2031 904 2082; x_wconf 79' lang='lat' dir='ltr'>potentia</span> <span class='ocrx_word' id='word_1_234' title='bbox 936 2030 1176 2077; x_wconf 83' lang='lat' dir='ltr'>disseruisset,</span> <span class='ocrx_word' id='word_1_235' title='bbox 1213 2030 1366 2068; x_wconf 85' lang='lat' dir='ltr'>ostendit</span> 
     </span>
     <span class='ocr_line' id='line_1_31' title="bbox 384 2091 1365 2143; baseline -0.001 -14"><span class='ocrx_word' id='word_1_236' title='bbox 384 2093 534 2129; x_wconf 63' lang='lat' dir='ltr'>Abrahae</span> <span class='ocrx_word' id='word_1_237' title='bbox 566 2091 673 2129; x_wconf 85' lang='lat' dir='ltr'>fidem</span> <span class='ocrx_word' id='word_1_238' title='bbox 695 2092 786 2129; x_wconf 91' lang='lat' dir='ltr'>dono</span> <span class='ocrx_word' id='word_1_239' title='bbox 809 2091 956 2142; x_wconf 79' lang='lat' dir='ltr'>dignam</span> <span class='ocrx_word' id='word_1_240' title='bbox 985 2105 1070 2141; x_wconf 86' lang='lat' dir='ltr'>esse,</span> <span class='ocrx_word' id='word_1_241' title='bbox 1094 2105 1136 2128; x_wconf 89' lang='lat' dir='ltr'>ne</span> <span class='ocrx_word' id='word_1_242' title='bbox 1163 2101 1262 2143; x_wconf 87' lang='lat' dir='ltr'>putes</span> <span class='ocrx_word' id='word_1_243' title='bbox 1283 2106 1365 2129; x_wconf 87' lang='lat' dir='ltr'>eum</span> 
     </span>
     <span class='ocr_line' id='line_1_32' title="bbox 384 2152 1361 2204; baseline 0.001 -15"><span class='ocrx_word' id='word_1_244' title='bbox 384 2153 558 2191; x_wconf 89' lang='lat' dir='ltr'>immerito</span> <span class='ocrx_word' id='word_1_245' title='bbox 575 2154 784 2191; x_wconf 85' lang='lat' dir='ltr'>honoratum</span> <span class='ocrx_word' id='word_1_246' title='bbox 802 2153 921 2189; x_wconf 84' lang='lat' dir='ltr'>fuisse.</span> <span class='ocrx_word' id='word_1_247' title='bbox 940 2152 988 2190; x_wconf 88' lang='lat' dir='ltr'>Et</span> <span class='ocrx_word' id='word_1_248' title='bbox 1010 2162 1200 2204; x_wconf 82' lang='lat' dir='ltr'>postquam</span> <span class='ocrx_word' id='word_1_249' title='bbox 1221 2153 1361 2190; x_wconf 85' lang='lat' dir='ltr'>audito-</span> 
     </span>
     <span class='ocr_line' id='line_1_33' title="bbox 384 2214 1362 2262; baseline -0.001 -11"><span class='ocrx_word' id='word_1_250' title='bbox 384 2229 458 2251; x_wconf 81' lang='lat' dir='ltr'>rem</span> <span class='ocrx_word' id='word_1_251' title='bbox 485 2215 713 2258; x_wconf 71' lang='lat' dir='ltr'>excitaverat,</span> <span class='ocrx_word' id='word_1_252' title='bbox 733 2222 771 2250; x_wconf 88' lang='lat' dir='ltr'>ut</span> <span class='ocrx_word' id='word_1_253' title='bbox 793 2227 834 2250; x_wconf 90' lang='lat' dir='ltr'>ne</span> <span class='ocrx_word' id='word_1_254' title='bbox 863 2214 1078 2262; x_wconf 74' lang='lat' dir='ltr'>turbaretur,</span> <span class='ocrx_word' id='word_1_255' title='bbox 1099 2228 1188 2251; x_wconf 79' lang='lat' dir='ltr'>neve</span> <span class='ocrx_word' id='word_1_256' title='bbox 1215 2214 1362 2252; x_wconf 76' lang='lat' dir='ltr'>Judaeus</span> 
     </span>
     <span class='ocr_line' id='line_1_34' title="bbox 383 2273 1411 2325; baseline -0.003 -15"><span class='ocrx_word' id='word_1_257' title='bbox 383 2274 460 2310; x_wconf 78' lang='lat' dir='ltr'>liaec</span> <span class='ocrx_word' id='word_1_258' title='bbox 477 2274 644 2325; x_wconf 75' lang='lat' dir='ltr'>objiceret</span> <span class='ocrx_word' id='word_1_259' title='bbox 667 2289 674 2310; x_wconf 76' lang='grc' dir='ltr'>ε</span> <span class='ocrx_word' id='word_1_260' title='bbox 696 2274 743 2310; x_wconf 86' lang='lat' dir='ltr'>Et</span> <span class='ocrx_word' id='word_1_261' title='bbox 762 2273 824 2322; x_wconf 87' lang='lat' dir='ltr'>qui</span> <span class='ocrx_word' id='word_1_262' title='bbox 847 2273 923 2309; x_wconf 82' lang='lat' dir='ltr'>fieri</span> <span class='ocrx_word' id='word_1_263' title='bbox 946 2282 1061 2324; x_wconf 87' lang='lat' dir='ltr'>potest</span> <span class='ocrx_word' id='word_1_264' title='bbox 1076 2282 1117 2309; x_wconf 87' lang='lat' dir='ltr'>ut</span> <span class='ocrx_word' id='word_1_265' title='bbox 1148 2273 1187 2318; x_wconf 89' lang='lat' dir='ltr'>ii,</span> <span class='ocrx_word' id='word_1_266' title='bbox 1210 2274 1271 2323; x_wconf 85' lang='lat' dir='ltr'>qui</span> <span class='ocrx_word' id='word_1_267' title='bbox 1297 2273 1364 2310; x_wconf 85' lang='lat' dir='ltr'>filii</span> <span class='ocrx_word' id='word_1_268' title='bbox 1389 2279 1411 2307; x_wconf 91' lang='lat' dir='ltr'>B</span> 
     </span>
     <span class='ocr_line' id='line_1_35' title="bbox 385 2333 1364 2383; baseline -0.002 -11"><span class='ocrx_word' id='word_1_269' title='bbox 385 2349 454 2372; x_wconf 89' lang='lat' dir='ltr'>non</span> <span class='ocrx_word' id='word_1_270' title='bbox 477 2344 570 2383; x_wconf 90' lang='lat' dir='ltr'>sunt,</span> <span class='ocrx_word' id='word_1_271' title='bbox 591 2334 658 2371; x_wconf 89' lang='lat' dir='ltr'>filii</span> <span class='ocrx_word' id='word_1_272' title='bbox 680 2333 902 2371; x_wconf 69' lang='lat' dir='ltr'>efficiantur?</span> <span class='ocrx_word' id='word_1_273' title='bbox 928 2347 1124 2370; x_wconf 88' lang='lat' dir='ltr'>sermonem</span> <span class='ocrx_word' id='word_1_274' title='bbox 1143 2335 1307 2371; x_wconf 80' lang='lat' dir='ltr'>transfert</span> <span class='ocrx_word' id='word_1_275' title='bbox 1327 2334 1364 2370; x_wconf 90' lang='lat' dir='ltr'>in</span> 
     </span>
    </p>

    <p class='ocr_par' dir='ltr' id='par_1_4' title="bbox 385 2393 1366 2570">
     <span class='ocr_line' id='line_1_36' title="bbox 385 2393 1366 2447; baseline 0.001 -17"><span class='ocrx_word' id='word_1_276' title='bbox 385 2395 637 2447; x_wconf 74' lang='lat' dir='ltr'>patriarcham,</span> <span class='ocrx_word' id='word_1_277' title='bbox 663 2403 695 2431; x_wconf 89' lang='lat' dir='ltr'>et</span> <span class='ocrx_word' id='word_1_278' title='bbox 719 2394 767 2431; x_wconf 87' lang='lat' dir='ltr'>ait</span> <span class='ocrx_word' id='word_1_279' title='bbox 793 2410 800 2430; x_wconf 77' lang='grc' dir='ltr'>ε</span> <span class='ocrx_word' id='word_1_280' title='bbox 827 2393 890 2431; x_wconf 81' lang='grc'>18.</span> <span class='ocrx_word' id='word_1_281' title='bbox 922 2395 994 2443; x_wconf 76' lang='lat' dir='ltr'>Qui</span> <span class='ocrx_word' id='word_1_282' title='bbox 1026 2402 1163 2430; x_wconf 84' lang='lat' dir='ltr'>contra</span> <span class='ocrx_word' id='word_1_283' title='bbox 1191 2407 1295 2444; x_wconf 82' lang='lat' dir='ltr'>spem</span> <span class='ocrx_word' id='word_1_284' title='bbox 1323 2397 1366 2431; x_wconf 84' lang='lat' dir='ltr'>in</span> 
     </span>
     <span class='ocr_line' id='line_1_37' title="bbox 385 2455 1365 2507; baseline -0.002 -13"><span class='ocrx_word' id='word_1_285' title='bbox 385 2471 489 2506; x_wconf 80' lang='lat' dir='ltr'>spem</span> <span class='ocrx_word' id='word_1_286' title='bbox 512 2457 689 2502; x_wconf 79' lang='lat' dir='ltr'>credidit,</span> <span class='ocrx_word' id='word_1_287' title='bbox 711 2464 751 2492; x_wconf 77' lang='lat' dir='ltr'>ut</span> <span class='ocrx_word' id='word_1_288' title='bbox 770 2456 888 2507; x_wconf 81' lang='lat' dir='ltr'>fieret</span> <span class='ocrx_word' id='word_1_289' title='bbox 905 2464 1018 2506; x_wconf 83' lang='lat' dir='ltr'>pater</span> <span class='ocrx_word' id='word_1_290' title='bbox 1040 2455 1250 2492; x_wconf 79' lang='lat' dir='ltr'>multarum</span> <span class='ocrx_word' id='word_1_291' title='bbox 1273 2470 1365 2507; x_wconf 80' lang='lat' dir='ltr'>gen-</span> 
     </span>
     <span class='ocr_line' id='line_1_38' title="bbox 390 2518 1364 2570; baseline 0.001 -15"><span class='ocrx_word' id='word_1_292' title='bbox 390 2522 498 2566; x_wconf 78' lang='lat' dir='ltr'>tium,</span> <span class='ocrx_word' id='word_1_293' title='bbox 520 2520 729 2556; x_wconf 76' lang='lat' dir='ltr'>secundum</span> <span class='ocrx_word' id='word_1_294' title='bbox 746 2518 850 2570; x_wconf 81' lang='lat' dir='ltr'>quod</span> <span class='ocrx_word' id='word_1_295' title='bbox 870 2519 1014 2555; x_wconf 82' lang='lat' dir='ltr'>dictum</span> <span class='ocrx_word' id='word_1_296' title='bbox 1037 2527 1091 2556; x_wconf 80' lang='lat' dir='ltr'>est</span> <span class='ocrx_word' id='word_1_297' title='bbox 1116 2521 1151 2555; x_wconf 85' lang='lat' dir='ltr'>ei</span> <span class='ocrx_word' id='word_1_298' title='bbox 1172 2534 1183 2554; x_wconf 94' lang='grc'>.·</span> <span class='ocrx_word' id='word_1_299' title='bbox 1203 2519 1264 2556; x_wconf 82' lang='lat' dir='ltr'>Sic</span> <span class='ocrx_word' id='word_1_300' title='bbox 1289 2521 1364 2556; x_wconf 80' lang='lat' dir='ltr'>erit</span> 
     </span>
    </p>

    <p class='ocr_par' dir='ltr' id='par_1_5' title="bbox 184 2575 1366 2817">
     <span class='ocr_line' id='line_1_39' title="bbox 229 2575 1366 2629; baseline -0.002 -13"><span class='ocrx_word' id='word_1_301' title='bbox 229 2590 374 2616; x_wconf 72' lang='lat' dir='ltr'>Abraham</span> <span class='ocrx_word' id='word_1_302' title='bbox 389 2591 515 2614; x_wconf 83' lang='lat' dir='ltr'>semen</span> <span class='ocrx_word' id='word_1_303' title='bbox 531 2586 648 2614; x_wconf 80' lang='lat' dir='ltr'>tuum.</span> <span class='ocrx_word' id='word_1_304' title='bbox 671 2575 859 2622; x_wconf 85' lang='lat' dir='ltr'>Quomodo</span> <span class='ocrx_word' id='word_1_305' title='bbox 877 2584 998 2613; x_wconf 86' lang='lat' dir='ltr'>contra</span> <span class='ocrx_word' id='word_1_306' title='bbox 1012 2590 1110 2627; x_wconf 85' lang='lat' dir='ltr'>spem</span> <span class='ocrx_word' id='word_1_307' title='bbox 1124 2577 1160 2614; x_wconf 91' lang='lat' dir='ltr'>in</span> <span class='ocrx_word' id='word_1_308' title='bbox 1178 2591 1276 2629; x_wconf 91' lang='lat' dir='ltr'>spem</span> <span class='ocrx_word' id='word_1_309' title='bbox 1291 2591 1366 2614; x_wconf 89' lang='lat' dir='ltr'>cre-</span> 
     </span>
     <span class='ocr_line' id='line_1_40' title="bbox 184 2631 1364 2708; baseline 0.001 -31"><span class='ocrx_word' id='word_1_310' title='bbox 184 2631 374 2708; x_wconf 52' lang='lat' dir='ltr'>222‚¹‡¹a⁰‘¹p⁰em</span> <span class='ocrx_word' id='word_1_311' title='bbox 389 2640 500 2678; x_wconf 86' lang='lat' dir='ltr'>didit.</span> <span class='ocrx_word' id='word_1_312' title='bbox 493 2641 509 2663; x_wconf 66' lang='lat'><strong>⁹</strong></span> <span class='ocrx_word' id='word_1_313' title='bbox 522 2642 652 2679; x_wconf 79' lang='lat' dir='ltr'>Contia</span> <span class='ocrx_word' id='word_1_314' title='bbox 662 2654 761 2691; x_wconf 88' lang='lat' dir='ltr'>spem</span> <span class='ocrx_word' id='word_1_315' title='bbox 775 2639 981 2687; x_wconf 76' lang='lat' dir='ltr'>humanam,</span> <span class='ocrx_word' id='word_1_316' title='bbox 993 2639 1028 2676; x_wconf 92' lang='lat' dir='ltr'>in</span> <span class='ocrx_word' id='word_1_317' title='bbox 1039 2654 1139 2691; x_wconf 86' lang='lat' dir='ltr'>spem</span> <span class='ocrx_word' id='word_1_318' title='bbox 1149 2640 1225 2678; x_wconf 88' lang='lat' dir='ltr'>Dei</span> <span class='ocrx_word' id='word_1_319' title='bbox 1239 2641 1364 2678; x_wconf 88' lang='lat' dir='ltr'>Osten-</span> 
     </span>
     <span class='ocr_line' id='line_1_41' title="bbox 186 2701 1364 2753; baseline 0.003 -14"><span class='ocrx_word' id='word_1_320' title='bbox 186 2715 214 2739; x_wconf 66' lang='lat' dir='ltr'>in</span> <span class='ocrx_word' id='word_1_321' title='bbox 226 2723 305 2751; x_wconf 78' lang='lat' dir='ltr'>spem</span> <span class='ocrx_word' id='word_1_322' title='bbox 316 2722 374 2739; x_wconf 80' lang='lat' dir='ltr'>cre·</span> <span class='ocrx_word' id='word_1_323' title='bbox 388 2704 441 2741; x_wconf 86' lang='lat' dir='ltr'>dit</span> <span class='ocrx_word' id='word_1_324' title='bbox 468 2704 561 2741; x_wconf 85' lang='lat' dir='ltr'>enim</span> <span class='ocrx_word' id='word_1_325' title='bbox 581 2703 631 2740; x_wconf 92' lang='lat' dir='ltr'>rei</span> <span class='ocrx_word' id='word_1_326' title='bbox 648 2701 944 2753; x_wconf 78' lang='lat' dir='ltr'>magnitudinem,</span> <span class='ocrx_word' id='word_1_327' title='bbox 959 2716 1021 2741; x_wconf 90' lang='lat' dir='ltr'>nec</span> <span class='ocrx_word' id='word_1_328' title='bbox 1044 2703 1128 2740; x_wconf 89' lang='lat' dir='ltr'>sinit</span> <span class='ocrx_word' id='word_1_329' title='bbox 1144 2703 1242 2741; x_wconf 84' lang='lat' dir='ltr'>dicto</span> <span class='ocrx_word' id='word_1_330' title='bbox 1258 2703 1364 2742; x_wconf 81' lang='lat' dir='ltr'>fidem</span> 
     </span>
     <span class='ocr_line' id='line_1_42' title="bbox 186 2755 1363 2817; baseline 0.002 -15.015"><span class='ocrx_word' id='word_1_331' title='bbox 186 2755 274 2782; x_wconf 67' lang='lat'><strong>¹¹¹¹¹¹&#39;</strong></span> <span class='ocrx_word' id='word_1_332' title='bbox 389 2765 580 2815; x_wconf 82' lang='lat' dir='ltr'>abrogaii:</span> <span class='ocrx_word' id='word_1_333' title='bbox 604 2779 682 2814; x_wconf 85' lang='lat' dir='ltr'>quae</span> <span class='ocrx_word' id='word_1_334' title='bbox 708 2764 797 2801; x_wconf 86' lang='lat' dir='ltr'>inter</span> <span class='ocrx_word' id='word_1_335' title='bbox 824 2777 859 2800; x_wconf 89' lang='grc'>56</span> <span class='ocrx_word' id='word_1_336' title='bbox 884 2763 1057 2801; x_wconf 83' lang='lat' dir='ltr'>cont1a1ia</span> <span class='ocrx_word' id='word_1_337' title='bbox 1080 2773 1162 2802; x_wconf 90' lang='lat' dir='ltr'>sunt</span> <span class='ocrx_word' id='word_1_338' title='bbox 1189 2764 1259 2802; x_wconf 87' lang='lat' dir='ltr'>fide</span> <span class='ocrx_word' id='word_1_339' title='bbox 1287 2765 1363 2817; x_wconf 86' lang='lat' dir='ltr'>ipsa</span> 
     </span>
    </p>

    <p class='ocr_par' dir='ltr' id='par_1_6' title="bbox 386 2822 1363 2938">
     <span class='ocr_line' id='line_1_43' title="bbox 387 2822 1363 2877; baseline 0.001 -15"><span class='ocrx_word' id='word_1_340' title='bbox 387 2834 612 2877; x_wconf 84' lang='lat' dir='ltr'>temperante.</span> <span class='ocrx_word' id='word_1_341' title='bbox 633 2826 672 2864; x_wconf 81' lang='lat' dir='ltr'>Si</span> <span class='ocrx_word' id='word_1_342' title='bbox 699 2839 782 2863; x_wconf 72' lang='lat' dir='ltr'>vero</span> <span class='ocrx_word' id='word_1_343' title='bbox 802 2823 847 2861; x_wconf 85' lang='lat' dir='ltr'>de</span> <span class='ocrx_word' id='word_1_344' title='bbox 875 2822 936 2870; x_wconf 82' lang='grc'>115,</span> <span class='ocrx_word' id='word_1_345' title='bbox 963 2825 1023 2875; x_wconf 88' lang='lat' dir='ltr'>qui</span> <span class='ocrx_word' id='word_1_346' title='bbox 1049 2839 1094 2862; x_wconf 79' lang='lat' dir='ltr'>ex</span> <span class='ocrx_word' id='word_1_347' title='bbox 1117 2825 1264 2863; x_wconf 85' lang='lat' dir='ltr'>Ismaele</span> <span class='ocrx_word' id='word_1_348' title='bbox 1295 2826 1363 2863; x_wconf 91' lang='lat' dir='ltr'>orti</span> 
     </span>
     <span class='ocr_line' id='line_1_44' title="bbox 386 2885 1357 2938; baseline 0 -14"><span class='ocrx_word' id='word_1_349' title='bbox 386 2897 495 2935; x_wconf 85' lang='lat' dir='ltr'>erant,</span> <span class='ocrx_word' id='word_1_350' title='bbox 508 2888 675 2937; x_wconf 81' lang='lat' dir='ltr'>loquutus</span> <span class='ocrx_word' id='word_1_351' title='bbox 685 2886 820 2933; x_wconf 85' lang='lat' dir='ltr'>suisset,</span> <span class='ocrx_word' id='word_1_352' title='bbox 834 2886 1032 2938; x_wconf 86' lang='lat' dir='ltr'>superfluus</span> <span class='ocrx_word' id='word_1_353' title='bbox 1043 2885 1103 2922; x_wconf 91' lang='lat' dir='ltr'>hic</span> <span class='ocrx_word' id='word_1_354' title='bbox 1120 2900 1232 2924; x_wconf 88' lang='lat' dir='ltr'>sermo</span> <span class='ocrx_word' id='word_1_355' title='bbox 1247 2896 1357 2925; x_wconf 88' lang='lat' dir='ltr'>esset:</span> 
     </span>
    </p>
   </div>
   <div class='ocr_carea' id='block_1_3' title="bbox 384 2946 1410 3045">
    <p class='ocr_par' dir='ltr' id='par_1_7' title="bbox 384 2946 1410 3045">
     <span class='ocr_line' id='line_1_45' title="bbox 385 2946 1410 3000; baseline 0.001 -13"><span class='ocrx_word' id='word_1_356' title='bbox 385 2950 438 2987; x_wconf 81' lang='lat' dir='ltr'>illi</span> <span class='ocrx_word' id='word_1_357' title='bbox 457 2963 608 3000; x_wconf 84' lang='lat' dir='ltr'>namque</span> <span class='ocrx_word' id='word_1_358' title='bbox 629 2962 696 2985; x_wconf 88' lang='lat' dir='ltr'>non</span> <span class='ocrx_word' id='word_1_359' title='bbox 723 2947 917 2985; x_wconf 84' lang='lat' dir='ltr'>secundum</span> <span class='ocrx_word' id='word_1_360' title='bbox 936 2946 1055 2994; x_wconf 87' lang='lat' dir='ltr'>fidem,</span> <span class='ocrx_word' id='word_1_361' title='bbox 1083 2947 1146 2985; x_wconf 89' lang='lat' dir='ltr'>sed</span> <span class='ocrx_word' id='word_1_362' title='bbox 1168 2949 1363 2986; x_wconf 88' lang='lat' dir='ltr'>secundum</span> <span class='ocrx_word' id='word_1_363' title='bbox 1387 2957 1410 2988; x_wconf 92' lang='lat' dir='ltr'>C</span> 
     </span>
     <span class='ocr_line' id='line_1_46' title="bbox 384 3004 1362 3045; baseline -0.001 0"><span class='ocrx_word' id='word_1_364' title='bbox 384 3017 547 3045; x_wconf 59' lang='lat' dir='ltr'>nat-‚iram</span> <span class='ocrx_word' id='word_1_365' title='bbox 574 3006 642 3043; x_wconf 87' lang='lat' dir='ltr'>orti</span> <span class='ocrx_word' id='word_1_366' title='bbox 669 3014 761 3042; x_wconf 89' lang='lat' dir='ltr'>sunt.</span> <span class='ocrx_word' id='word_1_367' title='bbox 787 3004 858 3044; x_wconf 87' lang='lat' dir='ltr'>Sed</span> <span class='ocrx_word' id='word_1_368' title='bbox 883 3004 989 3042; x_wconf 86' lang='lat' dir='ltr'>etiam</span> <span class='ocrx_word' id='word_1_369' title='bbox 1010 3006 1106 3042; x_wconf 82' lang='lat' dir='ltr'>Isaac</span> <span class='ocrx_word' id='word_1_370' title='bbox 1138 3005 1174 3041; x_wconf 93' lang='lat' dir='ltr'>in</span> <span class='ocrx_word' id='word_1_371' title='bbox 1204 3005 1362 3044; x_wconf 89' lang='lat' dir='ltr'>medium</span> 
     </span>
    </p>
   </div>
   <div class='ocr_carea' id='block_1_4' title="bbox 383 3065 1360 3300">
    <p class='ocr_par' dir='ltr' id='par_1_8' title="bbox 383 3065 1360 3300">
     <span class='ocr_line' id='line_1_47' title="bbox 383 3065 1360 3117; baseline -0.001 -11"><span class='ocrx_word' id='word_1_372' title='bbox 383 3068 527 3106; x_wconf 77' lang='lat' dir='ltr'>adaucit</span> <span class='ocrx_word' id='word_1_373' title='bbox 543 3084 549 3103; x_wconf 90' lang='lat'>:</span> <span class='ocrx_word' id='word_1_374' title='bbox 571 3081 640 3104; x_wconf 91' lang='lat' dir='ltr'>non</span> <span class='ocrx_word' id='word_1_375' title='bbox 661 3066 753 3103; x_wconf 87' lang='lat' dir='ltr'>enim</span> <span class='ocrx_word' id='word_1_376' title='bbox 770 3080 833 3117; x_wconf 88' lang='lat' dir='ltr'>pro</span> <span class='ocrx_word' id='word_1_377' title='bbox 849 3065 921 3102; x_wconf 93' lang='lat' dir='ltr'>illis</span> <span class='ocrx_word' id='word_1_378' title='bbox 937 3065 1101 3117; x_wconf 85' lang='lat' dir='ltr'>gentibus</span> <span class='ocrx_word' id='word_1_379' title='bbox 1116 3065 1278 3116; x_wconf 84' lang='lat' dir='ltr'>credidit,</span> <span class='ocrx_word' id='word_1_380' title='bbox 1299 3067 1360 3105; x_wconf 82' lang='lat' dir='ltr'>scd</span> 
     </span>
     <span class='ocr_line' id='line_1_48' title="bbox 383 3126 1359 3181; baseline 0 -14"><span class='ocrx_word' id='word_1_381' title='bbox 383 3144 446 3181; x_wconf 89' lang='lat' dir='ltr'>pro</span> <span class='ocrx_word' id='word_1_382' title='bbox 471 3143 525 3178; x_wconf 90' lang='lat' dir='ltr'>eo,</span> <span class='ocrx_word' id='word_1_383' title='bbox 544 3128 605 3179; x_wconf 89' lang='lat' dir='ltr'>qui</span> <span class='ocrx_word' id='word_1_384' title='bbox 626 3142 671 3165; x_wconf 75' lang='lat' dir='ltr'>ex</span> <span class='ocrx_word' id='word_1_385' title='bbox 692 3127 801 3164; x_wconf 85' lang='lat' dir='ltr'>sterili</span> <span class='ocrx_word' id='word_1_386' title='bbox 821 3127 969 3164; x_wconf 82' lang='lat' dir='ltr'>muliere</span> <span class='ocrx_word' id='word_1_387' title='bbox 988 3126 1186 3164; x_wconf 85' lang='lat' dir='ltr'>nasciturus</span> <span class='ocrx_word' id='word_1_388' title='bbox 1207 3138 1293 3166; x_wconf 81' lang='lat' dir='ltr'>erat.</span> <span class='ocrx_word' id='word_1_389' title='bbox 1319 3129 1359 3167; x_wconf 93' lang='lat' dir='ltr'>Si</span> 
     </span>
     <span class='ocr_line' id='line_1_49' title="bbox 384 3186 1360 3240; baseline -0.001 -13"><span class='ocrx_word' id='word_1_390' title='bbox 384 3204 466 3240; x_wconf 82' lang='lat' dir='ltr'>ergo</span> <span class='ocrx_word' id='word_1_391' title='bbox 484 3203 616 3226; x_wconf 84' lang='lat' dir='ltr'>merces</span> <span class='ocrx_word' id='word_1_392' title='bbox 641 3197 705 3236; x_wconf 86' lang='lat' dir='ltr'>est,</span> <span class='ocrx_word' id='word_1_393' title='bbox 735 3186 832 3237; x_wconf 89' lang='lat' dir='ltr'>quod</span> <span class='ocrx_word' id='word_1_394' title='bbox 858 3186 1054 3223; x_wconf 84' lang='lat' dir='ltr'>multarum</span> <span class='ocrx_word' id='word_1_395' title='bbox 1077 3187 1233 3237; x_wconf 79' lang='lat' dir='ltr'>gentium</span> <span class='ocrx_word' id='word_1_396' title='bbox 1260 3198 1360 3240; x_wconf 87' lang='lat' dir='ltr'>pater</span> 
     </span>
     <span class='ocr_line' id='line_1_50' title="bbox 383 3247 1358 3300; baseline 0 -13"><span class='ocrx_word' id='word_1_397' title='bbox 383 3251 458 3297; x_wconf 77' lang='lat' dir='ltr'>siat,</span> <span class='ocrx_word' id='word_1_398' title='bbox 477 3249 521 3287; x_wconf 85' lang='lat' dir='ltr'>de</span> <span class='ocrx_word' id='word_1_399' title='bbox 536 3250 607 3287; x_wconf 92' lang='lat' dir='ltr'>illis</span> <span class='ocrx_word' id='word_1_400' title='bbox 626 3248 787 3300; x_wconf 83' lang='lat' dir='ltr'>gentibus</span> <span class='ocrx_word' id='word_1_401' title='bbox 805 3247 1018 3299; x_wconf 81' lang='lat' dir='ltr'>intelligitur</span> <span class='ocrx_word' id='word_1_402' title='bbox 1042 3262 1106 3299; x_wconf 89' lang='lat' dir='ltr'>pro</span> <span class='ocrx_word' id='word_1_403' title='bbox 1129 3248 1259 3298; x_wconf 90' lang='lat' dir='ltr'>quibus</span> <span class='ocrx_word' id='word_1_404' title='bbox 1285 3264 1358 3287; x_wconf 86' lang='lat' dir='ltr'>cre-</span> 
     </span>
    </p>
   </div>
   <div class='ocr_carea' id='block_1_5' title="bbox 428 3363 1380 3460">
    <p class='ocr_par' dir='ltr' id='par_1_9' title="bbox 428 3363 1380 3460">
     <span class='ocr_line' id='line_1_51' title="bbox 428 3363 997 3408; baseline -0.004 -11"><span class='ocrx_word' id='word_1_405' title='bbox 428 3372 439 3384; x_wconf 58' lang='grc'><strong><em>*</em></strong></span> <span class='ocrx_word' id='word_1_406' title='bbox 463 3366 630 3408; x_wconf 51' lang='grc' dir='ltr'>[χρησίμω</span> <span class='ocrx_word' id='word_1_407' title='bbox 647 3366 683 3398; x_wconf 79' lang='grc' dir='ltr'>Α.</span> <span class='ocrx_word' id='word_1_408' title='bbox 703 3373 736 3396; x_wconf 76' lang='grc' dir='ltr'>Εἰ</span> <span class='ocrx_word' id='word_1_409' title='bbox 751 3375 853 3406; x_wconf 66' lang='lat' dir='ltr'>marg.</span> <span class='ocrx_word' id='word_1_410' title='bbox 872 3363 972 3396; x_wconf 55' lang='grc'>58111.</span> <span class='ocrx_word' id='word_1_411' title='bbox 987 3365 997 3406; x_wconf 83' lang='grc'>]</span> 
     </span>
     <span class='ocr_line' id='line_1_52' title="bbox 429 3415 1380 3460; baseline 0.002 -12"><span class='ocrx_word' id='word_1_412' title='bbox 429 3428 439 3441; x_wconf 69' lang='lat'>³</span> <span class='ocrx_word' id='word_1_413' title='bbox 465 3416 577 3448; x_wconf 70' lang='lat' dir='ltr'>Mox-el.</span> <span class='ocrx_word' id='word_1_414' title='bbox 610 3415 695 3447; x_wconf 79' lang='lat' dir='ltr'>male.</span> <span class='ocrx_word' id='word_1_415' title='bbox 727 3421 774 3448; x_wconf 59' lang='grc' dir='ltr'>καὶ</span> <span class='ocrx_word' id='word_1_416' title='bbox 790 3430 823 3449; x_wconf 77' lang='grc' dir='ltr'>το</span> <span class='ocrx_word' id='word_1_417' title='bbox 841 3421 946 3460; x_wconf 61' lang='lat' dir='ltr'>sip-afa&amp;</span> <span class='ocrx_word' id='word_1_418' title='bbox 947 3431 1002 3449; x_wconf 70' lang='grc' dir='ltr'>νον.</span> <span class='ocrx_word' id='word_1_419' title='bbox 1023 3416 1122 3448; x_wconf 84' lang='lat' dir='ltr'>Paulo</span> <span class='ocrx_word' id='word_1_420' title='bbox 1139 3424 1213 3458; x_wconf 84' lang='lat' dir='ltr'>post</span> <span class='ocrx_word' id='word_1_421' title='bbox 1231 3417 1380 3460; x_wconf 77' lang='lat' dir='ltr'>quaedam</span> 
     </span>
    </p>
   </div>
   <div class='ocr_carea' id='block_1_6' title="bbox 1445 330 2463 808">
    <p class='ocr_par' dir='ltr' id='par_1_10' title="bbox 1445 330 2462 808">
     <span class='ocr_line' id='line_1_53' title="bbox 1445 330 2459 381; baseline 0.003 -13"><span class='ocrx_word' id='word_1_422' title='bbox 1445 330 1499 369; x_wconf 73' lang='grc' dir='ltr'>ὅτι</span> <span class='ocrx_word' id='word_1_423' title='bbox 1516 346 1575 369; x_wconf 80' lang='grc' dir='ltr'>και</span> <span class='ocrx_word' id='word_1_424' title='bbox 1589 331 1738 381; x_wconf 72' lang='grc' dir='ltr'>ἀμοιὸην</span> <span class='ocrx_word' id='word_1_425' title='bbox 1759 348 1820 378; x_wconf 86' lang='grc' dir='ltr'>της</span> <span class='ocrx_word' id='word_1_426' title='bbox 1838 333 1986 376; x_wconf 78' lang='grc' dir='ltr'>πίστεως</span> <span class='ocrx_word' id='word_1_427' title='bbox 2005 333 2132 380; x_wconf 81' lang='grc' dir='ltr'>ταύτην</span> <span class='ocrx_word' id='word_1_428' title='bbox 2148 333 2291 371; x_wconf 73' lang='grc' dir='ltr'>ἔλαὸεν·</span> <span class='ocrx_word' id='word_1_429' title='bbox 2310 333 2399 371; x_wconf 81' lang='grc' dir='ltr'>ὥστε</span> <span class='ocrx_word' id='word_1_430' title='bbox 2420 334 2459 372; x_wconf 80' lang='grc' dir='ltr'>ἂν</span> 
     </span>
     <span class='ocr_line' id='line_1_54' title="bbox 1447 391 2462 445; baseline 0.004 -17.004"><span class='ocrx_word' id='word_1_431' title='bbox 1447 391 1495 442; x_wconf 82' lang='grc' dir='ltr'>μὴ</span> <span class='ocrx_word' id='word_1_432' title='bbox 1515 407 1614 430; x_wconf 85' lang='grc' dir='ltr'>τουτο</span> <span class='ocrx_word' id='word_1_433' title='bbox 1629 396 1672 442; x_wconf 81' lang='grc' dir='ltr'>ᾖ,</span> <span class='ocrx_word' id='word_1_434' title='bbox 1710 391 1773 429; x_wconf 75' lang='grc' dir='ltr'>κᾶν</span> <span class='ocrx_word' id='word_1_435' title='bbox 1793 393 1932 430; x_wconf 79' lang='grc' dir='ltr'>πάντων</span> <span class='ocrx_word' id='word_1_436' title='bbox 1951 398 1972 444; x_wconf 85' lang='grc' dir='ltr'>ᾐ</span> <span class='ocrx_word' id='word_1_437' title='bbox 1992 394 2108 445; x_wconf 73' lang='grc' dir='ltr'>πατὴρ</span> <span class='ocrx_word' id='word_1_438' title='bbox 2139 397 2207 431; x_wconf 78' lang='grc' dir='ltr'>τῶν</span> <span class='ocrx_word' id='word_1_439' title='bbox 2233 393 2295 439; x_wconf 80' lang='grc' dir='ltr'>τὴν</span> <span class='ocrx_word' id='word_1_440' title='bbox 2323 397 2387 444; x_wconf 69' lang='grc' dir='ltr'>γῆν</span> <span class='ocrx_word' id='word_1_441' title='bbox 2413 398 2462 432; x_wconf 83' lang='grc' dir='ltr'>οἷ-</span> 
     </span>
     <span class='ocr_line' id='line_1_55' title="bbox 1446 453 2463 506; baseline 0.001 -16"><span class='ocrx_word' id='word_1_442' title='bbox 1446 467 1609 500; x_wconf 87' lang='grc' dir='ltr'>κουντων,</span> <span class='ocrx_word' id='word_1_443' title='bbox 1623 468 1674 499; x_wconf 91' lang='grc' dir='ltr'>το,</span> <span class='ocrx_word' id='word_1_444' title='bbox 1692 453 1897 499; x_wconf 78' lang='grc' dir='ltr'>Κατέναντι,</span> <span class='ocrx_word' id='word_1_445' title='bbox 1913 456 1972 492; x_wconf 80' lang='grc' dir='ltr'>οὐκ</span> <span class='ocrx_word' id='word_1_446' title='bbox 1984 454 2041 506; x_wconf 70' lang='grc' dir='ltr'>ἔχε</span> <span class='ocrx_word' id='word_1_447' title='bbox 2046 453 2202 506; x_wconf 73' lang='grc' dir='ltr'>ιχώραν,</span> <span class='ocrx_word' id='word_1_448' title='bbox 2219 456 2293 491; x_wconf 54' lang='grc'>0177(</span> <span class='ocrx_word' id='word_1_449' title='bbox 2307 456 2463 505; x_wconf 77' lang='grc' dir='ltr'>ἠκρωτη-</span> 
     </span>
     <span class='ocr_line' id='line_1_56' title="bbox 1449 511 2462 567; baseline 0.002 -19"><span class='ocrx_word' id='word_1_450' title='bbox 1449 511 1587 562; x_wconf 80' lang='grc' dir='ltr'>ρίασται</span> <span class='ocrx_word' id='word_1_451' title='bbox 1611 516 1632 558; x_wconf 79' lang='grc' dir='ltr'>ἡ</span> <span class='ocrx_word' id='word_1_452' title='bbox 1655 530 1714 551; x_wconf 91' lang='grc' dir='ltr'>του</span> <span class='ocrx_word' id='word_1_453' title='bbox 1738 514 1860 551; x_wconf 76' lang='grc' dir='ltr'>Θεοῦ</span> <span class='ocrx_word' id='word_1_454' title='bbox 1842 514 1971 564; x_wconf 78' lang='grc' dir='ltr'>οωρεά·</span> <span class='ocrx_word' id='word_1_455' title='bbox 1986 514 2024 551; x_wconf 79' lang='grc' dir='ltr'>τὸ</span> <span class='ocrx_word' id='word_1_456' title='bbox 2038 514 2104 567; x_wconf 80' lang='grc' dir='ltr'>γὰρ</span> <span class='ocrx_word' id='word_1_457' title='bbox 2120 513 2321 560; x_wconf 79' lang='grc' dir='ltr'>κατέναντι,</span> <span class='ocrx_word' id='word_1_458' title='bbox 2336 513 2462 563; x_wconf 80' lang='grc' dir='ltr'>ὁμοίως</span> 
     </span>
     <span class='ocr_line' id='line_1_57' title="bbox 1446 572 2461 625; baseline 0 -15"><span class='ocrx_word' id='word_1_459' title='bbox 1446 572 1532 610; x_wconf 80' lang='grc' dir='ltr'>ἔστί.</span> <span class='ocrx_word' id='word_1_460' title='bbox 1565 575 1641 612; x_wconf 89' lang='grc' dir='ltr'>Που</span> <span class='ocrx_word' id='word_1_461' title='bbox 1673 574 1739 625; x_wconf 79' lang='grc' dir='ltr'>γὰρ</span> <span class='ocrx_word' id='word_1_462' title='bbox 1764 574 2069 650; x_wconf 65' lang='grc' dir='ltr'>θαυ]αστον,εἰπέ</span> <span class='ocrx_word' id='word_1_463' title='bbox 2085 590 2165 624; x_wconf 85' lang='grc' dir='ltr'>μοι,</span> <span class='ocrx_word' id='word_1_464' title='bbox 2196 577 2264 611; x_wconf 79' lang='grc' dir='ltr'>τῶν</span> <span class='ocrx_word' id='word_1_465' title='bbox 2294 573 2327 617; x_wconf 81' lang='grc' dir='ltr'>εξ</span> <span class='ocrx_word' id='word_1_466' title='bbox 2358 575 2461 611; x_wconf 75' lang='grc' dir='ltr'>αὐτου</span> 
     </span>
     <span class='ocr_line' id='line_1_58' title="bbox 1446 634 2462 708; baseline 0 -38"><span class='ocrx_word' id='word_1_467' title='bbox 1446 649 1581 684; x_wconf 69' lang='grc' dir='ltr'>παῗερα</span> <span class='ocrx_word' id='word_1_468' title='bbox 1608 650 1717 680; x_wconf 66' lang='grc' dir='ltr'>ξιναῑ;</span> <span class='ocrx_word' id='word_1_469' title='bbox 1747 650 1847 672; x_wconf 67' lang='lat' dir='ltr'><strong>TOUTQ</strong></span> <span class='ocrx_word' id='word_1_470' title='bbox 1873 651 1954 708; x_wconf 48' lang='lat' dir='ltr'>“capr</span> <span class='ocrx_word' id='word_1_471' title='bbox 1956 634 2100 677; x_wconf 71' lang='grc' dir='ltr'>ἑγῖχστος</span> <span class='ocrx_word' id='word_1_472' title='bbox 2130 635 2212 673; x_wconf 69' lang='grc' dir='ltr'>κέ7τ</span> <span class='ocrx_word' id='word_1_473' title='bbox 2215 651 2297 681; x_wconf 70' lang='grc' dir='ltr'>ηται</span> <span class='ocrx_word' id='word_1_474' title='bbox 2317 650 2385 671; x_wconf 62' lang='lat' dir='ltr'>‘tow</span> <span class='ocrx_word' id='word_1_475' title='bbox 2404 636 2462 671; x_wconf 78' lang='grc' dir='ltr'>ἀν·</span> 
     </span>
     <span class='ocr_line' id='line_1_59' title="bbox 1447 693 2461 757; baseline 0.002 -27"><span class='ocrx_word' id='word_1_476' title='bbox 1447 693 1605 757; x_wconf 60' lang='grc' dir='ltr'>θρώπων.</span> <span class='ocrx_word' id='word_1_477' title='bbox 1629 695 1715 732; x_wconf 75' lang='grc' dir='ltr'>Τὸ</span> <span class='ocrx_word' id='word_1_478' title='bbox 1706 694 1771 746; x_wconf 80' lang='grc' dir='ltr'>γὰρ</span> <span class='ocrx_word' id='word_1_479' title='bbox 1801 694 1992 746; x_wconf 82' lang='grc' dir='ltr'>παράοοξον</span> <span class='ocrx_word' id='word_1_480' title='bbox 2033 695 2141 733; x_wconf 81' lang='grc' dir='ltr'>ἐκεῖνό</span> <span class='ocrx_word' id='word_1_481' title='bbox 2173 699 2278 741; x_wconf 79' lang='grc' dir='ltr'>ἐστιν,</span> <span class='ocrx_word' id='word_1_482' title='bbox 2311 694 2367 738; x_wconf 78' lang='grc' dir='ltr'>οὒς</span> <span class='ocrx_word' id='word_1_483' title='bbox 2402 697 2461 732; x_wconf 76' lang='grc' dir='ltr'>οὐκ</span> 
     </span>
     <span class='ocr_line' id='line_1_60' title="bbox 1447 754 2460 808; baseline 0.001 -17"><span class='ocrx_word' id='word_1_484' title='bbox 1447 758 1536 806; x_wconf 71' lang='grc' dir='ltr'>εἶχεν</span> <span class='ocrx_word' id='word_1_485' title='bbox 1558 758 1596 793; x_wconf 81' lang='grc' dir='ltr'>ἐκ</span> <span class='ocrx_word' id='word_1_486' title='bbox 1625 754 1780 806; x_wconf 71' lang='grc' dir='ltr'>φύσεως,</span> <span class='ocrx_word' id='word_1_487' title='bbox 1813 755 1951 798; x_wconf 81' lang='grc' dir='ltr'>τούτους</span> <span class='ocrx_word' id='word_1_488' title='bbox 1971 755 2039 794; x_wconf 85' lang='grc' dir='ltr'>ἀπο</span> <span class='ocrx_word' id='word_1_489' title='bbox 2058 771 2119 801; x_wconf 84' lang='grc' dir='ltr'>της</span> <span class='ocrx_word' id='word_1_490' title='bbox 2139 761 2198 794; x_wconf 79' lang='grc' dir='ltr'>τοῦ</span> <span class='ocrx_word' id='word_1_491' title='bbox 2217 757 2349 794; x_wconf 78' lang='grc' dir='ltr'>Θεοῦ</span> <span class='ocrx_word' id='word_1_492' title='bbox 2331 761 2460 808; x_wconf 76' lang='grc' dir='ltr'>οωρεᾶς</span> 
     </span>
    </p>
   </div>
   <div class='ocr_carea' id='block_1_7' title="bbox 1444 817 1577 854">
    <p class='ocr_par' dir='ltr' id='par_1_11' title="bbox 1444 817 1577 854">
     <span class='ocr_line' id='line_1_61' title="bbox 1444 817 1577 854; baseline -0.008 0"><span class='ocrx_word' id='word_1_493' title='bbox 1444 817 1577 854; x_wconf 83' lang='grc' dir='ltr'>λαοεῖν.</span> 
     </span>
    </p>
   </div>
   <div class='ocr_carea' id='block_1_8' title="bbox 1435 1060 2462 3235">
    <p class='ocr_par' dir='ltr' id='par_1_12' title="bbox 1435 1060 2462 3235">
     <span class='ocr_line' id='line_1_62' title="bbox 1496 1060 2462 1115; baseline 0.001 -17"><span class='ocrx_word' id='word_1_494' title='bbox 1496 1060 1606 1100; x_wconf 63' lang='grc' dir='ltr'>ζὨστε</span> <span class='ocrx_word' id='word_1_495' title='bbox 1627 1063 1654 1099; x_wconf 87' lang='grc' dir='ltr'>εἰ</span> <span class='ocrx_word' id='word_1_496' title='bbox 1677 1062 1791 1113; x_wconf 77' lang='grc' dir='ltr'>βούλει</span> <span class='ocrx_word' id='word_1_497' title='bbox 1808 1066 2004 1110; x_wconf 69' lang='grc' dir='ltr'>πιστεῦσαι,</span> <span class='ocrx_word' id='word_1_498' title='bbox 2021 1063 2073 1101; x_wconf 75' lang='grc' dir='ltr'>ὅτι</span> <span class='ocrx_word' id='word_1_499' title='bbox 2093 1062 2242 1113; x_wconf 74' lang='grc' dir='ltr'>ἐτιμήθη</span> <span class='ocrx_word' id='word_1_500' title='bbox 2259 1065 2276 1100; x_wconf 86' lang='grc' dir='ltr'>ὁ</span> <span class='ocrx_word' id='word_1_501' title='bbox 2294 1061 2462 1115; x_wconf 76' lang='grc' dir='ltr'>πατριάρ-</span> 
     </span>
     <span class='ocr_line' id='line_1_63' title="bbox 1443 1121 2462 1175; baseline 0 -16"><span class='ocrx_word' id='word_1_502' title='bbox 1443 1136 1528 1172; x_wconf 78' lang='grc' dir='ltr'>χης,</span> <span class='ocrx_word' id='word_1_503' title='bbox 1549 1121 1753 1171; x_wconf 80' lang='grc' dir='ltr'>πίστευσον,</span> <span class='ocrx_word' id='word_1_504' title='bbox 1774 1123 1825 1161; x_wconf 79' lang='grc' dir='ltr'>ὅτι</span> <span class='ocrx_word' id='word_1_505' title='bbox 1844 1123 1982 1160; x_wconf 78' lang='grc' dir='ltr'>πάντων</span> <span class='ocrx_word' id='word_1_506' title='bbox 2012 1123 2085 1160; x_wconf 83' lang='grc' dir='ltr'>ἐστὶ</span> <span class='ocrx_word' id='word_1_507' title='bbox 2115 1123 2243 1175; x_wconf 78' lang='grc' dir='ltr'>πατήρ.</span> <span class='ocrx_word' id='word_1_508' title='bbox 2263 1121 2383 1161; x_wconf 82' lang='grc' dir='ltr'>Εἰπὼν</span> <span class='ocrx_word' id='word_1_509' title='bbox 2413 1122 2462 1168; x_wconf 80' lang='grc' dir='ltr'>δὲ,</span> 
     </span>
     <span class='ocr_line' id='line_1_64' title="bbox 1442 1179 2461 1236; baseline -0.001 -16"><span class='ocrx_word' id='word_1_510' title='bbox 1442 1182 1635 1220; x_wconf 80' lang='grc' dir='ltr'>Κατέναντι</span> <span class='ocrx_word' id='word_1_511' title='bbox 1654 1179 1691 1222; x_wconf 66' lang='grc' dir='ltr'>οἷ</span> <span class='ocrx_word' id='word_1_512' title='bbox 1718 1184 1896 1223; x_wconf 82' lang='grc' dir='ltr'>ἐπίστευσε</span> <span class='ocrx_word' id='word_1_513' title='bbox 1921 1186 2034 1230; x_wconf 72' lang='grc' dir='ltr'>Θεοῦ,</span> <span class='ocrx_word' id='word_1_514' title='bbox 2054 1184 2115 1222; x_wconf 76' lang='grc' dir='ltr'>οὐκ</span> <span class='ocrx_word' id='word_1_515' title='bbox 2140 1184 2222 1230; x_wconf 82' lang='grc' dir='ltr'>ἔστη</span> <span class='ocrx_word' id='word_1_516' title='bbox 2251 1183 2356 1236; x_wconf 77' lang='grc' dir='ltr'>μέχρι</span> <span class='ocrx_word' id='word_1_517' title='bbox 2381 1182 2461 1220; x_wconf 78' lang='grc' dir='ltr'>τού-</span> 
     </span>
     <span class='ocr_line' id='line_1_65' title="bbox 1443 1243 2460 1297; baseline 0 -16"><span class='ocrx_word' id='word_1_518' title='bbox 1443 1259 1520 1291; x_wconf 88' lang='grc' dir='ltr'>του,</span> <span class='ocrx_word' id='word_1_519' title='bbox 1543 1245 1631 1282; x_wconf 76' lang='grc' dir='ltr'>ἀλλὰ</span> <span class='ocrx_word' id='word_1_520' title='bbox 1658 1246 1716 1283; x_wconf 82' lang='grc' dir='ltr'>καὶ</span> <span class='ocrx_word' id='word_1_521' title='bbox 1744 1246 1918 1297; x_wconf 73' lang='grc' dir='ltr'>ἐπήγαγε·</span> <span class='ocrx_word' id='word_1_522' title='bbox 1939 1247 1971 1284; x_wconf 83' lang='grc' dir='ltr'><strong>Τ</strong></span> <span class='ocrx_word' id='word_1_523' title='bbox 1975 1249 2011 1283; x_wconf 75' lang='grc' dir='ltr'>οῦ</span> <span class='ocrx_word' id='word_1_524' title='bbox 2035 1248 2278 1289; x_wconf 67' lang='grc' dir='ltr'>ζωοποιοῦντος</span> <span class='ocrx_word' id='word_1_525' title='bbox 2299 1243 2375 1286; x_wconf 75' lang='grc' dir='ltr'>τοὺς</span> <span class='ocrx_word' id='word_1_526' title='bbox 2401 1260 2460 1281; x_wconf 88' lang='grc' dir='ltr'>νε-</span> 
     </span>
     <span class='ocr_line' id='line_1_66' title="bbox 1443 1304 2460 1356; baseline -0.001 -14"><span class='ocrx_word' id='word_1_527' title='bbox 1443 1305 1563 1356; x_wconf 70' lang='grc' dir='ltr'>κροὺς,</span> <span class='ocrx_word' id='word_1_528' title='bbox 1591 1306 1650 1343; x_wconf 79' lang='grc' dir='ltr'>καὶ</span> <span class='ocrx_word' id='word_1_529' title='bbox 1678 1309 1861 1348; x_wconf 72' lang='grc' dir='ltr'>καλοῦντος</span> <span class='ocrx_word' id='word_1_530' title='bbox 1880 1306 1924 1344; x_wconf 77' lang='grc' dir='ltr'>τὰ</span> <span class='ocrx_word' id='word_1_531' title='bbox 1943 1306 1990 1355; x_wconf 80' lang='grc' dir='ltr'>μὴ</span> <span class='ocrx_word' id='word_1_532' title='bbox 2014 1307 2095 1343; x_wconf 84' lang='grc' dir='ltr'>ὄντα</span> <span class='ocrx_word' id='word_1_533' title='bbox 2119 1308 2165 1347; x_wconf 79' lang='grc' dir='ltr'>ὣς</span> <span class='ocrx_word' id='word_1_534' title='bbox 2189 1306 2271 1342; x_wconf 81' lang='grc' dir='ltr'>ὄντα</span> <span class='ocrx_word' id='word_1_535' title='bbox 2289 1320 2296 1327; x_wconf 92' lang='grc'><em>·</em></span> <span class='ocrx_word' id='word_1_536' title='bbox 2315 1304 2382 1351; x_wconf 75' lang='grc' dir='ltr'>ἤδη</span> <span class='ocrx_word' id='word_1_537' title='bbox 2403 1305 2460 1342; x_wconf 83' lang='grc' dir='ltr'>τὸν</span> 
     </span>
     <span class='ocr_line' id='line_1_67' title="bbox 1442 1364 2461 1417; baseline 0.001 -16"><span class='ocrx_word' id='word_1_538' title='bbox 1442 1365 1521 1417; x_wconf 83' lang='grc' dir='ltr'>περὶ</span> <span class='ocrx_word' id='word_1_539' title='bbox 1543 1369 1604 1412; x_wconf 77' lang='grc' dir='ltr'>τῆς</span> <span class='ocrx_word' id='word_1_540' title='bbox 1624 1366 1844 1408; x_wconf 74' lang='grc' dir='ltr'>ἀναστάσεως</span> <span class='ocrx_word' id='word_1_541' title='bbox 1865 1364 2239 1417; x_wconf 64' lang='grc' dir='ltr'>προκαταῧαλλόμενος</span> <span class='ocrx_word' id='word_1_542' title='bbox 2262 1364 2374 1415; x_wconf 82' lang='grc' dir='ltr'>λόγον.</span> <span class='ocrx_word' id='word_1_543' title='bbox 2392 1365 2461 1402; x_wconf 83' lang='grc' dir='ltr'>Καὶ</span> 
     </span>
     <span class='ocr_line' id='line_1_68' title="bbox 1442 1419 2462 1478; baseline -0.001 -15"><span class='ocrx_word' id='word_1_544' title='bbox 1442 1428 1489 1470; x_wconf 86' lang='grc' dir='ltr'>εἷς</span> <span class='ocrx_word' id='word_1_545' title='bbox 1508 1426 1546 1463; x_wconf 85' lang='grc' dir='ltr'>τὸ</span> <span class='ocrx_word' id='word_1_546' title='bbox 1565 1427 1790 1477; x_wconf 80' lang='grc' dir='ltr'>προκείμενον</span> <span class='ocrx_word' id='word_1_547' title='bbox 1811 1426 1846 1464; x_wconf 76' lang='grc' dir='ltr'>δὲ</span> <span class='ocrx_word' id='word_1_548' title='bbox 1867 1429 1958 1477; x_wconf 77' lang='grc' dir='ltr'>αὐτῷ</span> <span class='ocrx_word' id='word_1_549' title='bbox 1971 1425 2161 1478; x_wconf 64' lang='grc' dir='ltr'>οχρήσιμος</span> <span class='ocrx_word' id='word_1_550' title='bbox 2179 1419 2233 1471; x_wconf 66' lang='grc' dir='ltr'>ἦν.</span> <span class='ocrx_word' id='word_1_551' title='bbox 2251 1427 2294 1463; x_wconf 82' lang='grc' dir='ltr'>Εἰ</span> <span class='ocrx_word' id='word_1_552' title='bbox 2314 1425 2381 1476; x_wconf 83' lang='grc' dir='ltr'>γὰρ</span> <span class='ocrx_word' id='word_1_553' title='bbox 2403 1426 2462 1462; x_wconf 75' lang='grc' dir='ltr'>δυ·</span> 
     </span>
     <span class='ocr_line' id='line_1_69' title="bbox 1441 1485 2459 1539; baseline 0 -16"><span class='ocrx_word' id='word_1_554' title='bbox 1441 1486 1540 1523; x_wconf 76' lang='grc' dir='ltr'>νατὸν</span> <span class='ocrx_word' id='word_1_555' title='bbox 1568 1489 1660 1537; x_wconf 79' lang='grc' dir='ltr'>αὐτῷ</span> <span class='ocrx_word' id='word_1_556' title='bbox 1685 1486 1825 1539; x_wconf 76' lang='grc' dir='ltr'>νεκροὺς</span> <span class='ocrx_word' id='word_1_557' title='bbox 1851 1489 2080 1533; x_wconf 67' lang='grc' dir='ltr'>ζωοποιῆσαι,</span> <span class='ocrx_word' id='word_1_558' title='bbox 2102 1487 2159 1524; x_wconf 83' lang='grc' dir='ltr'>καὶ</span> <span class='ocrx_word' id='word_1_559' title='bbox 2187 1485 2231 1524; x_wconf 69' lang='grc' dir='ltr'>τὰ</span> <span class='ocrx_word' id='word_1_560' title='bbox 2248 1486 2296 1537; x_wconf 76' lang='grc' dir='ltr'>μὴ</span> <span class='ocrx_word' id='word_1_561' title='bbox 2316 1487 2396 1524; x_wconf 87' lang='grc' dir='ltr'>ὄντα</span> <span class='ocrx_word' id='word_1_562' title='bbox 2413 1488 2459 1529; x_wconf 80' lang='grc' dir='ltr'>ὡς</span> 
     </span>
     <span class='ocr_line' id='line_1_70' title="bbox 1441 1546 2460 1600; baseline 0.001 -17"><span class='ocrx_word' id='word_1_563' title='bbox 1441 1546 1522 1584; x_wconf 85' lang='grc' dir='ltr'>ὄντα</span> <span class='ocrx_word' id='word_1_564' title='bbox 1539 1553 1776 1599; x_wconf 72' lang='grc' dir='ltr'>παραγαγεῖν,</span> <span class='ocrx_word' id='word_1_565' title='bbox 1797 1548 1939 1586; x_wconf 80' lang='grc' dir='ltr'>δυνατὸν</span> <span class='ocrx_word' id='word_1_566' title='bbox 1960 1550 2054 1600; x_wconf 77' lang='grc' dir='ltr'>αὐτῷ</span> <span class='ocrx_word' id='word_1_567' title='bbox 2074 1548 2132 1585; x_wconf 80' lang='grc' dir='ltr'>καὶ</span> <span class='ocrx_word' id='word_1_568' title='bbox 2153 1547 2230 1590; x_wconf 74' lang='grc' dir='ltr'>τοὺς</span> <span class='ocrx_word' id='word_1_569' title='bbox 2248 1546 2295 1597; x_wconf 76' lang='grc' dir='ltr'>μὴ</span> <span class='ocrx_word' id='word_1_570' title='bbox 2316 1546 2460 1599; x_wconf 73' lang='grc' dir='ltr'>τεχθέν-</span> 
     </span>
     <span class='ocr_line' id='line_1_71' title="bbox 1441 1606 2459 1655; baseline 0 -11"><span class='ocrx_word' id='word_1_571' title='bbox 1441 1623 1501 1650; x_wconf 89' lang='grc' dir='ltr'>τας</span> <span class='ocrx_word' id='word_1_572' title='bbox 1519 1607 1551 1651; x_wconf 79' lang='grc' dir='ltr'>ἐξ</span> <span class='ocrx_word' id='word_1_573' title='bbox 1580 1610 1682 1645; x_wconf 77' lang='grc' dir='ltr'>αὐτοῦ</span> <span class='ocrx_word' id='word_1_574' title='bbox 1702 1612 1846 1655; x_wconf 60' lang='grc' dir='ltr'>ποιῆσαι</span> <span class='ocrx_word' id='word_1_575' title='bbox 1871 1610 1997 1651; x_wconf 72' lang='grc' dir='ltr'>παῖδας</span> <span class='ocrx_word' id='word_1_576' title='bbox 2024 1610 2141 1646; x_wconf 76' lang='grc' dir='ltr'>αὐτοῦ.</span> <span class='ocrx_word' id='word_1_577' title='bbox 2172 1608 2240 1646; x_wconf 80' lang='grc' dir='ltr'>Διὰ</span> <span class='ocrx_word' id='word_1_578' title='bbox 2260 1613 2357 1646; x_wconf 72' lang='grc' dir='ltr'>τοῦτο</span> <span class='ocrx_word' id='word_1_579' title='bbox 2383 1606 2459 1645; x_wconf 78' lang='grc' dir='ltr'>οὐδὲ</span> 
     </span>
     <span class='ocr_line' id='line_1_72' title="bbox 1442 1662 2459 1720; baseline 0 -15"><span class='ocrx_word' id='word_1_580' title='bbox 1442 1662 1528 1715; x_wconf 66' lang='grc' dir='ltr'>εἰπε,</span> <span class='ocrx_word' id='word_1_581' title='bbox 1542 1669 1600 1706; x_wconf 77' lang='grc' dir='ltr'>καὶ</span> <span class='ocrx_word' id='word_1_582' title='bbox 1616 1668 1830 1720; x_wconf 75' lang='grc' dir='ltr'>παράγοντος</span> <span class='ocrx_word' id='word_1_583' title='bbox 1845 1668 1888 1706; x_wconf 65' lang='grc' dir='ltr'>τέι</span> <span class='ocrx_word' id='word_1_584' title='bbox 1905 1671 1965 1706; x_wconf 69' lang='grc' dir='ltr'>οὐκ</span> <span class='ocrx_word' id='word_1_585' title='bbox 1980 1668 2062 1706; x_wconf 83' lang='grc' dir='ltr'>ὄντα</span> <span class='ocrx_word' id='word_1_586' title='bbox 2081 1672 2126 1711; x_wconf 83' lang='grc' dir='ltr'>ὡς</span> <span class='ocrx_word' id='word_1_587' title='bbox 2148 1669 2241 1715; x_wconf 83' lang='grc' dir='ltr'>ὄντα,</span> <span class='ocrx_word' id='word_1_588' title='bbox 2260 1667 2360 1715; x_wconf 75' lang='grc' dir='ltr'>ἀλλὰ,</span> <span class='ocrx_word' id='word_1_589' title='bbox 2381 1669 2459 1705; x_wconf 85' lang='grc' dir='ltr'>Κα-</span> 
     </span>
     <span class='ocr_line' id='line_1_73' title="bbox 1439 1727 2459 1780; baseline 0 -14"><span class='ocrx_word' id='word_1_590' title='bbox 1439 1730 1596 1777; x_wconf 79' lang='grc' dir='ltr'>λοῧντος,</span> <span class='ocrx_word' id='word_1_591' title='bbox 1626 1729 1688 1776; x_wconf 74' lang='grc' dir='ltr'>τὴν</span> <span class='ocrx_word' id='word_1_592' title='bbox 1710 1729 1852 1768; x_wconf 84' lang='grc' dir='ltr'>πλείονα</span> <span class='ocrx_word' id='word_1_593' title='bbox 1881 1729 2038 1767; x_wconf 80' lang='grc' dir='ltr'>εὐκολίαν</span> <span class='ocrx_word' id='word_1_594' title='bbox 2072 1731 2197 1776; x_wconf 81' lang='grc' dir='ltr'>δηλῶν.</span> <span class='ocrx_word' id='word_1_595' title='bbox 2224 1728 2364 1780; x_wconf 55' lang='grc' dir='ltr'>σΩσπερ</span> <span class='ocrx_word' id='word_1_596' title='bbox 2391 1727 2459 1779; x_wconf 81' lang='grc' dir='ltr'>γὰρ</span> 
     </span>
     <span class='ocr_line' id='line_1_74' title="bbox 1440 1790 2457 1842; baseline -0.003 -14"><span class='ocrx_word' id='word_1_597' title='bbox 1440 1793 1525 1841; x_wconf 75' lang='grc' dir='ltr'>ἡμῖν</span> <span class='ocrx_word' id='word_1_598' title='bbox 1546 1791 1682 1829; x_wconf 76' lang='grc' dir='ltr'>εὔκολον</span> <span class='ocrx_word' id='word_1_599' title='bbox 1705 1790 1750 1828; x_wconf 75' lang='grc' dir='ltr'>τὰ</span> <span class='ocrx_word' id='word_1_600' title='bbox 1776 1791 1858 1828; x_wconf 82' lang='grc' dir='ltr'>ὄντα</span> <span class='ocrx_word' id='word_1_601' title='bbox 1884 1791 2052 1837; x_wconf 78' lang='grc' dir='ltr'>καλέσαι,</span> <span class='ocrx_word' id='word_1_602' title='bbox 2071 1790 2178 1834; x_wconf 76' lang='grc' dir='ltr'>οὕτως</span> <span class='ocrx_word' id='word_1_603' title='bbox 2199 1792 2291 1842; x_wconf 77' lang='grc' dir='ltr'>αὐτῷ</span> <span class='ocrx_word' id='word_1_604' title='bbox 2325 1790 2457 1841; x_wconf 73' lang='grc' dir='ltr'>ῥᾴδιον,</span> 
     </span>
     <span class='ocr_line' id='line_1_75' title="bbox 1439 1848 2458 1904; baseline -0.002 -15"><span class='ocrx_word' id='word_1_605' title='bbox 1439 1851 1497 1889; x_wconf 77' lang='grc' dir='ltr'>καὶ</span> <span class='ocrx_word' id='word_1_606' title='bbox 1513 1853 1631 1904; x_wconf 76' lang='grc' dir='ltr'>πολλῷ</span> <span class='ocrx_word' id='word_1_607' title='bbox 1650 1856 1743 1903; x_wconf 65' lang='grc' dir='ltr'>ῥᾷον,</span> <span class='ocrx_word' id='word_1_608' title='bbox 1762 1851 1805 1888; x_wconf 85' lang='grc' dir='ltr'>τὰ</span> <span class='ocrx_word' id='word_1_609' title='bbox 1822 1851 1868 1902; x_wconf 74' lang='grc' dir='ltr'>μὴ</span> <span class='ocrx_word' id='word_1_610' title='bbox 1889 1852 1969 1888; x_wconf 82' lang='grc' dir='ltr'>ὄντα</span> <span class='ocrx_word' id='word_1_611' title='bbox 1988 1851 2261 1898; x_wconf 75' lang='grc' dir='ltr'>ὑποστήσασθαι.</span> <span class='ocrx_word' id='word_1_612' title='bbox 2282 1848 2402 1888; x_wconf 81' lang='grc' dir='ltr'>Εἰπὼν</span> <span class='ocrx_word' id='word_1_613' title='bbox 2423 1849 2458 1887; x_wconf 79' lang='grc' dir='ltr'>δὲ</span> 
     </span>
     <span class='ocr_line' id='line_1_76' title="bbox 1437 1906 2457 1965; baseline -0.004 -14"><span class='ocrx_word' id='word_1_614' title='bbox 1437 1929 1496 1951; x_wconf 84' lang='grc' dir='ltr'>του</span> <span class='ocrx_word' id='word_1_615' title='bbox 1515 1914 1607 1951; x_wconf 72' lang='grc' dir='ltr'>Θεοῦ</span> <span class='ocrx_word' id='word_1_616' title='bbox 1627 1929 1688 1959; x_wconf 67' lang='grc' dir='ltr'>την</span> <span class='ocrx_word' id='word_1_617' title='bbox 1704 1928 1790 1965; x_wconf 81' lang='grc' dir='ltr'>οωρε</span> <span class='ocrx_word' id='word_1_618' title='bbox 1777 1913 1835 1951; x_wconf 83' lang='grc' dir='ltr'>-ὰν</span> <span class='ocrx_word' id='word_1_619' title='bbox 1859 1928 1913 1963; x_wconf 87' lang='grc' dir='ltr'>με</span> <span class='ocrx_word' id='word_1_620' title='bbox 1912 1912 1969 1964; x_wconf 68' lang='lat' dir='ltr'><em>(exJ</em></span> <span class='ocrx_word' id='word_1_621' title='bbox 1964 1929 2012 1959; x_wconf 75' lang='grc' dir='ltr'>ην</span> <span class='ocrx_word' id='word_1_622' title='bbox 2032 1906 2137 1949; x_wconf 59' lang='grc' dir='ltr'>οὖσαν</span> <span class='ocrx_word' id='word_1_623' title='bbox 2156 1911 2215 1949; x_wconf 79' lang='grc' dir='ltr'>καὶ</span> <span class='ocrx_word' id='word_1_624' title='bbox 2235 1911 2377 1963; x_wconf 53' lang='grc' dir='ltr'>ἄφατον,</span> <span class='ocrx_word' id='word_1_625' title='bbox 2399 1927 2457 1948; x_wconf 85' lang='grc' dir='ltr'>και</span> 
     </span>
     <span class='ocr_line' id='line_1_77' title="bbox 1437 1972 2457 2025; baseline -0.001 -15"><span class='ocrx_word' id='word_1_626' title='bbox 1437 1989 1517 2025; x_wconf 88' lang='grc' dir='ltr'>περι</span> <span class='ocrx_word' id='word_1_627' title='bbox 1537 1990 1597 2019; x_wconf 83' lang='grc' dir='ltr'>της</span> <span class='ocrx_word' id='word_1_628' title='bbox 1617 1973 1792 2024; x_wconf 76' lang='grc' dir='ltr'>ουνάμεως</span> <span class='ocrx_word' id='word_1_629' title='bbox 1806 1975 1912 2010; x_wconf 79' lang='grc' dir='ltr'>αὐτου</span> <span class='ocrx_word' id='word_1_630' title='bbox 1933 1974 2026 2011; x_wconf 80' lang='grc' dir='ltr'>διαλ</span> <span class='ocrx_word' id='word_1_631' title='bbox 2013 1973 2100 2025; x_wconf 75' lang='lat' dir='ltr'>s7=0</span> <span class='ocrx_word' id='word_1_632' title='bbox 2096 1989 2135 2019; x_wconf 89' lang='grc' dir='ltr'>ις,</span> <span class='ocrx_word' id='word_1_633' title='bbox 2156 1972 2305 2010; x_wconf 79' lang='grc' dir='ltr'>δείκνυσι</span> <span class='ocrx_word' id='word_1_634' title='bbox 2323 1987 2382 2009; x_wconf 84' lang='grc' dir='ltr'>και</span> <span class='ocrx_word' id='word_1_635' title='bbox 2398 1987 2457 2009; x_wconf 90' lang='grc' dir='ltr'>του</span> 
     </span>
     <span class='ocr_line' id='line_1_78' title="bbox 1437 2031 2453 2087; baseline -0.004 -13.972"><span class='ocrx_word' id='word_1_636' title='bbox 1437 2034 1596 2087; x_wconf 64' lang='grc' dir='ltr'>Ἀὸραὰμ</span> <span class='ocrx_word' id='word_1_637' title='bbox 1615 2034 1677 2081; x_wconf 79' lang='grc' dir='ltr'>τὴν</span> <span class='ocrx_word' id='word_1_638' title='bbox 1697 2034 1813 2071; x_wconf 85' lang='grc' dir='ltr'>πίστιν</span> <span class='ocrx_word' id='word_1_639' title='bbox 1843 2033 1939 2077; x_wconf 81' lang='grc' dir='ltr'>ἀξίαν</span> <span class='ocrx_word' id='word_1_640' title='bbox 1964 2037 2068 2072; x_wconf 77' lang='grc' dir='ltr'>οὖσαν</span> <span class='ocrx_word' id='word_1_641' title='bbox 2087 2037 2149 2080; x_wconf 69' lang='grc' dir='ltr'>τῆς</span> <span class='ocrx_word' id='word_1_642' title='bbox 2164 2034 2312 2086; x_wconf 79' lang='grc' dir='ltr'>δωρεᾶς,</span> <span class='ocrx_word' id='word_1_643' title='bbox 2329 2032 2385 2070; x_wconf 80' lang='grc' dir='ltr'>ἵνα</span> <span class='ocrx_word' id='word_1_644' title='bbox 2405 2031 2453 2082; x_wconf 86' lang='grc' dir='ltr'>μὴ</span> 
     </span>
     <span class='ocr_line' id='line_1_79' title="bbox 1435 2091 2456 2147; baseline -0.005 -14"><span class='ocrx_word' id='word_1_645' title='bbox 1435 2095 1580 2147; x_wconf 66' lang='grc' dir='ltr'>νοαίσης</span> <span class='ocrx_word' id='word_1_646' title='bbox 1607 2095 1707 2133; x_wconf 77' lang='grc' dir='ltr'>αὐτον</span> <span class='ocrx_word' id='word_1_647' title='bbox 1732 2097 1807 2146; x_wconf 79' lang='grc' dir='ltr'>εἷκῃ</span> <span class='ocrx_word' id='word_1_648' title='bbox 1828 2098 2047 2144; x_wconf 65' lang='grc' dir='ltr'>τετιμῆσθαι.</span> <span class='ocrx_word' id='word_1_649' title='bbox 2066 2093 2134 2131; x_wconf 83' lang='grc' dir='ltr'>Και</span> <span class='ocrx_word' id='word_1_650' title='bbox 2150 2093 2206 2131; x_wconf 82' lang='grc' dir='ltr'>τὸν</span> <span class='ocrx_word' id='word_1_651' title='bbox 2230 2091 2402 2144; x_wconf 75' lang='grc' dir='ltr'>ἀκροατὴν</span> <span class='ocrx_word' id='word_1_652' title='bbox 2421 2091 2456 2129; x_wconf 80' lang='grc' dir='ltr'>δὲ</span> 
     </span>
     <span class='ocr_line' id='line_1_80' title="bbox 1436 2153 2456 2209; baseline -0.004 -15"><span class='ocrx_word' id='word_1_653' title='bbox 1436 2157 1652 2203; x_wconf 74' lang='grc' dir='ltr'>ἀναστήσας,</span> <span class='ocrx_word' id='word_1_654' title='bbox 1679 2156 1735 2193; x_wconf 77' lang='grc' dir='ltr'>ἵνα</span> <span class='ocrx_word' id='word_1_655' title='bbox 1768 2155 1815 2207; x_wconf 75' lang='grc' dir='ltr'>μὴ</span> <span class='ocrx_word' id='word_1_656' title='bbox 1848 2156 2055 2209; x_wconf 67' lang='grc' dir='ltr'>θορυὸἧται,</span> <span class='ocrx_word' id='word_1_657' title='bbox 2089 2156 2176 2206; x_wconf 77' lang='grc' dir='ltr'>μηδὲ</span> <span class='ocrx_word' id='word_1_658' title='bbox 2206 2153 2411 2206; x_wconf 67' lang='grc' dir='ltr'>ἀμφιὸάλλῃ</span> <span class='ocrx_word' id='word_1_659' title='bbox 2439 2155 2456 2190; x_wconf 89' lang='grc' dir='ltr'>ὁ</span> 
     </span>
     <span class='ocr_line' id='line_1_81' title="bbox 1435 2214 2456 2267; baseline -0.003 -13"><span class='ocrx_word' id='word_1_660' title='bbox 1435 2216 1599 2259; x_wconf 67' lang='grc' dir='ltr'>Ἰουδαῖος</span> <span class='ocrx_word' id='word_1_661' title='bbox 1618 2217 1677 2254; x_wconf 81' lang='grc' dir='ltr'>καὶ</span> <span class='ocrx_word' id='word_1_662' title='bbox 1701 2217 1786 2267; x_wconf 73' lang='grc' dir='ltr'>λέγῃ</span> <span class='ocrx_word' id='word_1_663' title='bbox 1803 2246 1812 2262; x_wconf 91' lang='lat'>,</span> <span class='ocrx_word' id='word_1_664' title='bbox 1833 2216 1892 2254; x_wconf 82' lang='grc' dir='ltr'>καὶ</span> <span class='ocrx_word' id='word_1_665' title='bbox 1913 2219 1987 2259; x_wconf 76' lang='grc' dir='ltr'>πῶς</span> <span class='ocrx_word' id='word_1_666' title='bbox 2012 2215 2151 2253; x_wconf 79' lang='grc' dir='ltr'>δυνατὸν</span> <span class='ocrx_word' id='word_1_667' title='bbox 2169 2214 2248 2256; x_wconf 74' lang='grc' dir='ltr'>τοὺς</span> <span class='ocrx_word' id='word_1_668' title='bbox 2276 2216 2338 2252; x_wconf 77' lang='grc' dir='ltr'>οὐκ</span> <span class='ocrx_word' id='word_1_669' title='bbox 2356 2215 2456 2257; x_wconf 87' lang='grc' dir='ltr'>ὄντας</span> 
     </span>
     <span class='ocr_line' id='line_1_82' title="bbox 1435 2274 2456 2327; baseline -0.004 -12"><span class='ocrx_word' id='word_1_670' title='bbox 1435 2278 1561 2319; x_wconf 70' lang='grc' dir='ltr'>παῖδας</span> <span class='ocrx_word' id='word_1_671' title='bbox 1581 2276 1739 2327; x_wconf 83' lang='grc' dir='ltr'>γενέσθαι</span> <span class='ocrx_word' id='word_1_672' title='bbox 1758 2277 1901 2323; x_wconf 68' lang='grc' dir='ltr'>παῖδας,</span> <span class='ocrx_word' id='word_1_673' title='bbox 1933 2276 2076 2327; x_wconf 78' lang='grc' dir='ltr'>μετάγει</span> <span class='ocrx_word' id='word_1_674' title='bbox 2106 2276 2162 2313; x_wconf 76' lang='grc' dir='ltr'>τὸν</span> <span class='ocrx_word' id='word_1_675' title='bbox 2193 2275 2292 2326; x_wconf 86' lang='grc' dir='ltr'>λόγον</span> <span class='ocrx_word' id='word_1_676' title='bbox 2313 2274 2370 2312; x_wconf 78' lang='grc' dir='ltr'>ἐπὶ</span> <span class='ocrx_word' id='word_1_677' title='bbox 2397 2274 2456 2311; x_wconf 84' lang='grc' dir='ltr'>τὸν</span> 
     </span>
     <span class='ocr_line' id='line_1_83' title="bbox 1436 2335 2456 2388; baseline -0.001 -15"><span class='ocrx_word' id='word_1_678' title='bbox 1436 2336 1677 2388; x_wconf 78' lang='grc' dir='ltr'>πατριάρχην,</span> <span class='ocrx_word' id='word_1_679' title='bbox 1701 2337 1760 2373; x_wconf 81' lang='grc' dir='ltr'>καὶ</span> <span class='ocrx_word' id='word_1_680' title='bbox 1779 2336 1881 2387; x_wconf 67' lang='grc' dir='ltr'>φησίν</span> <span class='ocrx_word' id='word_1_681' title='bbox 1899 2352 1905 2359; x_wconf 95' lang='grc'><em>·</em></span> <span class='ocrx_word' id='word_1_682' title='bbox 1928 2335 1996 2378; x_wconf 59' lang='grc' dir='ltr'>οΟς</span> <span class='ocrx_word' id='word_1_683' title='bbox 2014 2337 2096 2386; x_wconf 82' lang='grc' dir='ltr'>παρ’</span> <span class='ocrx_word' id='word_1_684' title='bbox 2123 2335 2246 2373; x_wconf 80' lang='grc' dir='ltr'>ἐλπίδα</span> <span class='ocrx_word' id='word_1_685' title='bbox 2266 2337 2319 2372; x_wconf 85' lang='grc' dir='ltr'>ἐπ’</span> <span class='ocrx_word' id='word_1_686' title='bbox 2341 2335 2456 2373; x_wconf 76' lang='grc' dir='ltr'>ἐλπίδι</span> 
     </span>
     <span class='ocr_line' id='line_1_84' title="bbox 1437 2394 2455 2446; baseline -0.003 -12"><span class='ocrx_word' id='word_1_687' title='bbox 1437 2396 1657 2443; x_wconf 80' lang='grc' dir='ltr'>ἐπίστευσεν,</span> <span class='ocrx_word' id='word_1_688' title='bbox 1688 2399 1736 2439; x_wconf 76' lang='grc' dir='ltr'>εἰς</span> <span class='ocrx_word' id='word_1_689' title='bbox 1764 2397 1802 2434; x_wconf 84' lang='grc' dir='ltr'>τὸ</span> <span class='ocrx_word' id='word_1_690' title='bbox 1832 2396 1991 2446; x_wconf 77' lang='grc' dir='ltr'>γενέσθαι</span> <span class='ocrx_word' id='word_1_691' title='bbox 2023 2395 2120 2432; x_wconf 72' lang='grc' dir='ltr'>αὐτὸν</span> <span class='ocrx_word' id='word_1_692' title='bbox 2149 2394 2284 2446; x_wconf 78' lang='grc' dir='ltr'>πατέρα</span> <span class='ocrx_word' id='word_1_693' title='bbox 2317 2397 2455 2433; x_wconf 82' lang='grc' dir='ltr'>πολλῶν</span> 
     </span>
     <span class='ocr_line' id='line_1_85' title="bbox 1437 2454 2456 2508; baseline -0.001 -15"><span class='ocrx_word' id='word_1_694' title='bbox 1437 2458 1560 2502; x_wconf 81' lang='grc' dir='ltr'>ἐθνῶν,</span> <span class='ocrx_word' id='word_1_695' title='bbox 1580 2456 1695 2493; x_wconf 44' lang='grc' dir='ltr'>τ’κατὰ</span> <span class='ocrx_word' id='word_1_696' title='bbox 1714 2456 1753 2494; x_wconf 80' lang='grc' dir='ltr'>τὸ</span> <span class='ocrx_word' id='word_1_697' title='bbox 1776 2456 1955 2508; x_wconf 78' lang='grc' dir='ltr'>εἰρημένον</span> <span class='ocrx_word' id='word_1_698' title='bbox 1972 2471 1980 2478; x_wconf 87' lang='grc'><em>·</em></span> <span class='ocrx_word' id='word_1_699' title='bbox 2002 2455 2107 2498; x_wconf 76' lang='grc' dir='ltr'>οὕτως</span> <span class='ocrx_word' id='word_1_700' title='bbox 2128 2455 2226 2493; x_wconf 83' lang='grc' dir='ltr'>ἔσται</span> <span class='ocrx_word' id='word_1_701' title='bbox 2246 2454 2284 2492; x_wconf 84' lang='grc' dir='ltr'>τὸ</span> <span class='ocrx_word' id='word_1_702' title='bbox 2315 2455 2456 2505; x_wconf 78' lang='grc' dir='ltr'>σπέρμα</span> 
     </span>
     <span class='ocr_line' id='line_1_86' title="bbox 1438 2516 2454 2569; baseline -0.002 -14"><span class='ocrx_word' id='word_1_703' title='bbox 1438 2532 1508 2555; x_wconf 89' lang='grc' dir='ltr'>σου.</span> <span class='ocrx_word' id='word_1_704' title='bbox 1535 2519 1618 2560; x_wconf 80' lang='grc' dir='ltr'>Πῶς</span> <span class='ocrx_word' id='word_1_705' title='bbox 1652 2519 1733 2569; x_wconf 85' lang='grc' dir='ltr'>παρ’</span> <span class='ocrx_word' id='word_1_706' title='bbox 1759 2517 1883 2555; x_wconf 69' lang='grc' dir='ltr'>ἐλπίδα</span> <span class='ocrx_word' id='word_1_707' title='bbox 1911 2519 1965 2554; x_wconf 84' lang='grc' dir='ltr'>ἐπ’</span> <span class='ocrx_word' id='word_1_708' title='bbox 1998 2516 2112 2554; x_wconf 72' lang='grc' dir='ltr'>ἐλπίδι</span> <span class='ocrx_word' id='word_1_709' title='bbox 2140 2516 2336 2563; x_wconf 73' lang='grc' dir='ltr'>ἐπίστευσε,</span> <span class='ocrx_word' id='word_1_710' title='bbox 2360 2518 2454 2568; x_wconf 87' lang='grc' dir='ltr'>Παρ’</span> 
     </span>
     <span class='ocr_line' id='line_1_87' title="bbox 1438 2576 2455 2630; baseline 0 -16"><span class='ocrx_word' id='word_1_711' title='bbox 1438 2577 1562 2615; x_wconf 79' lang='grc' dir='ltr'>ἐλπίδα</span> <span class='ocrx_word' id='word_1_712' title='bbox 1583 2577 1645 2624; x_wconf 77' lang='grc' dir='ltr'>τὴν</span> <span class='ocrx_word' id='word_1_713' title='bbox 1668 2576 1897 2630; x_wconf 79' lang='grc' dir='ltr'>ἀνθρωπίνην,</span> <span class='ocrx_word' id='word_1_714' title='bbox 1920 2579 1974 2615; x_wconf 77' lang='grc' dir='ltr'>ἐπ’</span> <span class='ocrx_word' id='word_1_715' title='bbox 1991 2577 2103 2615; x_wconf 79' lang='grc' dir='ltr'>ἐλπίδι</span> <span class='ocrx_word' id='word_1_716' title='bbox 2123 2580 2164 2628; x_wconf 77' lang='grc' dir='ltr'>τῇ</span> <span class='ocrx_word' id='word_1_717' title='bbox 2181 2580 2240 2613; x_wconf 74' lang='grc' dir='ltr'>τοῦ</span> <span class='ocrx_word' id='word_1_718' title='bbox 2260 2578 2363 2615; x_wconf 76' lang='grc' dir='ltr'>Θεοῦ.</span> <span class='ocrx_word' id='word_1_719' title='bbox 2380 2576 2455 2614; x_wconf 83' lang='grc' dir='ltr'>Δεί-</span> 
     </span>
     <span class='ocr_line' id='line_1_88' title="bbox 1438 2637 2456 2691; baseline -0.002 -15"><span class='ocrx_word' id='word_1_720' title='bbox 1438 2654 1536 2677; x_wconf 84' lang='grc' dir='ltr'>κνυσι</span> <span class='ocrx_word' id='word_1_721' title='bbox 1555 2638 1622 2691; x_wconf 80' lang='grc' dir='ltr'>γὰρ</span> <span class='ocrx_word' id='word_1_722' title='bbox 1641 2638 1699 2676; x_wconf 84' lang='grc' dir='ltr'>καὶ</span> <span class='ocrx_word' id='word_1_723' title='bbox 1720 2639 1758 2677; x_wconf 77' lang='grc' dir='ltr'>τὸ</span> <span class='ocrx_word' id='word_1_724' title='bbox 1778 2640 1959 2690; x_wconf 85' lang='grc' dir='ltr'>μεγαλεῖον</span> <span class='ocrx_word' id='word_1_725' title='bbox 1979 2642 2037 2676; x_wconf 77' lang='grc' dir='ltr'>τοῦ</span> <span class='ocrx_word' id='word_1_726' title='bbox 2066 2637 2282 2690; x_wconf 80' lang='grc' dir='ltr'>πράγματος,</span> <span class='ocrx_word' id='word_1_727' title='bbox 2302 2637 2362 2675; x_wconf 81' lang='grc' dir='ltr'>καὶ</span> <span class='ocrx_word' id='word_1_728' title='bbox 2393 2638 2456 2675; x_wconf 81' lang='grc' dir='ltr'>οὐκ</span> 
     </span>
     <span class='ocr_line' id='line_1_89' title="bbox 1439 2697 2456 2750; baseline 0 -15"><span class='ocrx_word' id='word_1_729' title='bbox 1439 2700 1577 2750; x_wconf 61' lang='grc' dir='ltr'>ἀφίησιν</span> <span class='ocrx_word' id='word_1_730' title='bbox 1608 2701 1841 2746; x_wconf 74' lang='grc' dir='ltr'>ἀπιστηθῆναι</span> <span class='ocrx_word' id='word_1_731' title='bbox 1875 2699 1913 2736; x_wconf 77' lang='grc' dir='ltr'>τὸ</span> <span class='ocrx_word' id='word_1_732' title='bbox 1941 2697 2126 2750; x_wconf 80' lang='grc' dir='ltr'>λεγόμενον</span> <span class='ocrx_word' id='word_1_733' title='bbox 2151 2714 2158 2722; x_wconf 89' lang='grc'>·</span> <span class='ocrx_word' id='word_1_734' title='bbox 2196 2698 2284 2749; x_wconf 84' lang='grc' dir='ltr'>ἅπερ</span> <span class='ocrx_word' id='word_1_735' title='bbox 2318 2697 2456 2735; x_wconf 80' lang='grc' dir='ltr'>ἐναντία</span> 
     </span>
     <span class='ocr_line' id='line_1_90' title="bbox 1439 2757 2454 2808; baseline -0.001 -11"><span class='ocrx_word' id='word_1_736' title='bbox 1439 2760 1599 2806; x_wconf 76' lang='grc' dir='ltr'>ἀλλήλοις</span> <span class='ocrx_word' id='word_1_737' title='bbox 1628 2760 1736 2806; x_wconf 70' lang='grc' dir='ltr'>ἐστὶν,</span> <span class='ocrx_word' id='word_1_738' title='bbox 1767 2761 1842 2798; x_wconf 86' lang='grc' dir='ltr'>ἀλλ’</span> <span class='ocrx_word' id='word_1_739' title='bbox 1862 2764 1883 2806; x_wconf 78' lang='grc' dir='ltr'>ἢ</span> <span class='ocrx_word' id='word_1_740' title='bbox 1903 2759 2019 2802; x_wconf 85' lang='grc' dir='ltr'>πίστις</span> <span class='ocrx_word' id='word_1_741' title='bbox 2038 2758 2123 2797; x_wconf 81' lang='grc' dir='ltr'>αὐτὰ</span> <span class='ocrx_word' id='word_1_742' title='bbox 2145 2757 2383 2808; x_wconf 79' lang='grc' dir='ltr'>συνεκέρασεν.</span> <span class='ocrx_word' id='word_1_743' title='bbox 2410 2760 2454 2796; x_wconf 85' lang='grc' dir='ltr'>Εἰ</span> 
     </span>
     <span class='ocr_line' id='line_1_91' title="bbox 1439 2818 2455 2873; baseline -0.003 -15"><span class='ocrx_word' id='word_1_744' title='bbox 1439 2820 1473 2858; x_wconf 77' lang='grc' dir='ltr'>δὲ</span> <span class='ocrx_word' id='word_1_745' title='bbox 1493 2821 1572 2873; x_wconf 85' lang='grc' dir='ltr'>περὶ</span> <span class='ocrx_word' id='word_1_746' title='bbox 1596 2821 1734 2859; x_wconf 79' lang='grc' dir='ltr'>ἐκείνων</span> <span class='ocrx_word' id='word_1_747' title='bbox 1754 2820 1850 2871; x_wconf 80' lang='grc' dir='ltr'>ἔλεγε</span> <span class='ocrx_word' id='word_1_748' title='bbox 1882 2824 1949 2858; x_wconf 81' lang='grc' dir='ltr'>τῶν</span> <span class='ocrx_word' id='word_1_749' title='bbox 1969 2822 2008 2857; x_wconf 82' lang='grc' dir='ltr'>ἐκ</span> <span class='ocrx_word' id='word_1_750' title='bbox 2027 2823 2085 2857; x_wconf 72' lang='grc' dir='ltr'>τοῦ</span> <span class='ocrx_word' id='word_1_751' title='bbox 2107 2818 2276 2869; x_wconf 75' lang='grc' dir='ltr'>Ἰσμαὴλ,</span> <span class='ocrx_word' id='word_1_752' title='bbox 2297 2818 2455 2870; x_wconf 82' lang='grc' dir='ltr'>περιττὸς</span> 
     </span>
     <span class='ocr_line' id='line_1_92' title="bbox 1437 2875 2455 2932; baseline -0.002 -14"><span class='ocrx_word' id='word_1_753' title='bbox 1437 2875 1532 2924; x_wconf 61' lang='grc' dir='ltr'>οἶτος</span> <span class='ocrx_word' id='word_1_754' title='bbox 1552 2885 1569 2919; x_wconf 83' lang='grc' dir='ltr'><em>ὃ</em></span> <span class='ocrx_word' id='word_1_755' title='bbox 1586 2881 1686 2932; x_wconf 82' lang='grc' dir='ltr'>λόγος</span> <span class='ocrx_word' id='word_1_756' title='bbox 1699 2898 1707 2905; x_wconf 87' lang='lat'><strong>·</strong></span> <span class='ocrx_word' id='word_1_757' title='bbox 1728 2884 1850 2920; x_wconf 81' lang='grc' dir='ltr'>ἐκεῖνοι</span> <span class='ocrx_word' id='word_1_758' title='bbox 1869 2880 1937 2932; x_wconf 72' lang='grc' dir='ltr'>γὰρ</span> <span class='ocrx_word' id='word_1_759' title='bbox 1953 2882 1990 2917; x_wconf 74' lang='grc' dir='ltr'>οὗ</span> <span class='ocrx_word' id='word_1_760' title='bbox 2005 2878 2095 2917; x_wconf 73' lang='grc' dir='ltr'>κατὰ</span> <span class='ocrx_word' id='word_1_761' title='bbox 2114 2878 2244 2925; x_wconf 89' lang='grc' dir='ltr'>πίστιν,</span> <span class='ocrx_word' id='word_1_762' title='bbox 2260 2878 2348 2916; x_wconf 76' lang='grc' dir='ltr'>ἀλλὰ</span> <span class='ocrx_word' id='word_1_763' title='bbox 2365 2879 2455 2916; x_wconf 76' lang='grc' dir='ltr'>κατὰ</span> 
     </span>
     <span class='ocr_line' id='line_1_93' title="bbox 1437 2938 2455 2994; baseline -0.004 -14"><span class='ocrx_word' id='word_1_764' title='bbox 1437 2942 1534 2994; x_wconf 78' lang='grc' dir='ltr'>φύσιν</span> <span class='ocrx_word' id='word_1_765' title='bbox 1552 2942 1756 2994; x_wconf 71' lang='grc' dir='ltr'>ἐτέχθησαν.</span> <span class='ocrx_word' id='word_1_766' title='bbox 1774 2941 1877 2979; x_wconf 75' lang='grc' dir='ltr'>Ἀλλὰ</span> <span class='ocrx_word' id='word_1_767' title='bbox 1893 2940 1952 2978; x_wconf 83' lang='grc' dir='ltr'>καὶ</span> <span class='ocrx_word' id='word_1_768' title='bbox 1971 2940 2027 2977; x_wconf 73' lang='grc' dir='ltr'>τον</span> <span class='ocrx_word' id='word_1_769' title='bbox 2039 2939 2162 2977; x_wconf 63' lang='grc' dir='ltr'>Ἰσαὰκ</span> <span class='ocrx_word' id='word_1_770' title='bbox 2176 2941 2222 2982; x_wconf 82' lang='grc' dir='ltr'>εἷς</span> <span class='ocrx_word' id='word_1_771' title='bbox 2242 2938 2344 2989; x_wconf 80' lang='grc' dir='ltr'>μέσον</span> <span class='ocrx_word' id='word_1_772' title='bbox 2362 2939 2455 2989; x_wconf 78' lang='grc' dir='ltr'>ἄγει·</span> 
     </span>
     <span class='ocr_line' id='line_1_94' title="bbox 1436 3000 2455 3055; baseline -0.004 -15"><span class='ocrx_word' id='word_1_773' title='bbox 1436 3005 1473 3041; x_wconf 81' lang='grc' dir='ltr'>οὐ</span> <span class='ocrx_word' id='word_1_774' title='bbox 1490 3019 1556 3055; x_wconf 88' lang='grc' dir='ltr'>γαρ</span> <span class='ocrx_word' id='word_1_775' title='bbox 1582 3002 1668 3054; x_wconf 81' lang='grc' dir='ltr'>υπὲρ</span> <span class='ocrx_word' id='word_1_776' title='bbox 1689 3002 1828 3040; x_wconf 79' lang='grc' dir='ltr'>ἐκείνων</span> <span class='ocrx_word' id='word_1_777' title='bbox 1852 3001 2033 3039; x_wconf 78' lang='grc' dir='ltr'>ἐπίστευσε</span> <span class='ocrx_word' id='word_1_778' title='bbox 2048 3004 2116 3038; x_wconf 81' lang='grc' dir='ltr'>τιΝ)ν</span> <span class='ocrx_word' id='word_1_779' title='bbox 2136 3002 2258 3046; x_wconf 82' lang='grc' dir='ltr'>εθνιΝ1ν,</span> <span class='ocrx_word' id='word_1_780' title='bbox 2279 3000 2368 3037; x_wconf 84' lang='grc' dir='ltr'>ἀλλὰ</span> <span class='ocrx_word' id='word_1_781' title='bbox 2396 3016 2455 3037; x_wconf 92' lang='grc' dir='ltr'>του</span> 
     </span>
     <span class='ocr_line' id='line_1_95' title="bbox 1436 3059 2456 3114; baseline -0.003 -13"><span class='ocrx_word' id='word_1_782' title='bbox 1436 3063 1504 3101; x_wconf 81' lang='grc' dir='ltr'>ἀπὸ</span> <span class='ocrx_word' id='word_1_783' title='bbox 1522 3079 1583 3109; x_wconf 86' lang='grc' dir='ltr'>της</span> <span class='ocrx_word' id='word_1_784' title='bbox 1598 3062 1734 3114; x_wconf 81' lang='grc' dir='ltr'>στείρας</span> <span class='ocrx_word' id='word_1_785' title='bbox 1755 3062 1915 3113; x_wconf 81' lang='grc' dir='ltr'>γυναικὸς</span> <span class='ocrx_word' id='word_1_786' title='bbox 1939 3061 2113 3110; x_wconf 74' lang='grc' dir='ltr'>εσομὲνου.</span> <span class='ocrx_word' id='word_1_787' title='bbox 2136 3062 2180 3098; x_wconf 85' lang='grc' dir='ltr'>Εἰ</span> <span class='ocrx_word' id='word_1_788' title='bbox 2204 3060 2314 3098; x_wconf 85' lang='grc' dir='ltr'>τοίνυν</span> <span class='ocrx_word' id='word_1_789' title='bbox 2335 3059 2456 3110; x_wconf 81' lang='grc' dir='ltr'>μισθός</span> 
     </span>
     <span class='ocr_line' id='line_1_96' title="bbox 1435 3120 2454 3173; baseline -0.005 -12"><span class='ocrx_word' id='word_1_790' title='bbox 1435 3140 1507 3162; x_wconf 86' lang='grc' dir='ltr'>εστι</span> <span class='ocrx_word' id='word_1_791' title='bbox 1526 3123 1564 3161; x_wconf 84' lang='grc' dir='ltr'>τὸ</span> <span class='ocrx_word' id='word_1_792' title='bbox 1590 3123 1724 3173; x_wconf 82' lang='grc' dir='ltr'>πατέρα</span> <span class='ocrx_word' id='word_1_793' title='bbox 1748 3125 1884 3160; x_wconf 81' lang='grc' dir='ltr'>πο77ῶν</span> <span class='ocrx_word' id='word_1_794' title='bbox 1910 3123 2041 3159; x_wconf 53' lang='grc' dir='ltr'>ἐθνὶῗψ</span> <span class='ocrx_word' id='word_1_795' title='bbox 2031 3121 2209 3172; x_wconf 80' lang='grc' dir='ltr'>γενέσθαι,</span> <span class='ocrx_word' id='word_1_796' title='bbox 2227 3120 2366 3158; x_wconf 80' lang='grc' dir='ltr'>ἐκείνων</span> <span class='ocrx_word' id='word_1_797' title='bbox 2386 3123 2454 3158; x_wconf 68' lang='grc' dir='ltr'>τῶν</span> 
     </span>
     <span class='ocr_line' id='line_1_97' title="bbox 1435 3180 2453 3235; baseline -0.005 -13"><span class='ocrx_word' id='word_1_798' title='bbox 1435 3188 1538 3223; x_wconf 75' lang='grc' dir='ltr'>ἐθνῶν</span> <span class='ocrx_word' id='word_1_799' title='bbox 1562 3188 1623 3222; x_wconf 87' lang='grc' dir='ltr'>υπε</span> <span class='ocrx_word' id='word_1_800' title='bbox 1611 3200 1647 3235; x_wconf 86' lang='grc' dir='ltr'>ρ</span> <span class='ocrx_word' id='word_1_801' title='bbox 1667 3187 1712 3221; x_wconf 80' lang='grc' dir='ltr'>ὡν</span> <span class='ocrx_word' id='word_1_802' title='bbox 1734 3182 1912 3221; x_wconf 82' lang='grc' dir='ltr'>ἐπίστευσε</span> <span class='ocrx_word' id='word_1_803' title='bbox 1934 3183 2068 3228; x_wconf 63' lang='grc' dir='ltr'>οῆ7οι</span> <span class='ocrx_word' id='word_1_804' title='bbox 2056 3198 2095 3219; x_wconf 84' lang='grc' dir='ltr'>οτ</span> <span class='ocrx_word' id='word_1_805' title='bbox 2100 3199 2120 3220; x_wconf 92' lang='grc' dir='ltr'>ι.</span> <span class='ocrx_word' id='word_1_806' title='bbox 2141 3181 2218 3219; x_wconf 87' lang='grc' dir='ltr'>Ἵνα</span> <span class='ocrx_word' id='word_1_807' title='bbox 2238 3180 2311 3234; x_wconf 29' lang='grc' dir='ltr'>γαρ,</span> <span class='ocrx_word' id='word_1_808' title='bbox 2331 3180 2453 3231; x_wconf 81' lang='grc' dir='ltr'>μάθῃς,</span> 
     </span>
    </p>
   </div>
   <div class='ocr_carea' id='block_1_9' title="bbox 1434 3247 2455 3302">
    <p class='ocr_par' dir='ltr' id='par_1_13' title="bbox 1434 3247 2455 3302">
     <span class='ocr_line' id='line_1_98' title="bbox 1434 3247 2455 3302; baseline -0.005 -14"><span class='ocrx_word' id='word_1_809' title='bbox 1434 3251 1486 3288; x_wconf 76' lang='grc' dir='ltr'>ὅτι</span> <span class='ocrx_word' id='word_1_810' title='bbox 1501 3249 1717 3302; x_wconf 76' lang='grc' dir='ltr'>περὶτούτων</span> <span class='ocrx_word' id='word_1_811' title='bbox 1734 3249 1835 3300; x_wconf 74' lang='grc' dir='ltr'>φησὶν</span> <span class='ocrx_word' id='word_1_812' title='bbox 1847 3279 1856 3296; x_wconf 92' lang='grc'>,</span> <span class='ocrx_word' id='word_1_813' title='bbox 1870 3248 2014 3287; x_wconf 81' lang='grc' dir='ltr'>ἄκουσον</span> <span class='ocrx_word' id='word_1_814' title='bbox 2028 3252 2094 3286; x_wconf 79' lang='grc' dir='ltr'>τῶν</span> <span class='ocrx_word' id='word_1_815' title='bbox 2110 3248 2202 3294; x_wconf 72' lang='grc' dir='ltr'>ἑξῆς·</span> <span class='ocrx_word' id='word_1_816' title='bbox 2217 3247 2285 3286; x_wconf 77' lang='grc' dir='ltr'>Καὶ</span> <span class='ocrx_word' id='word_1_817' title='bbox 2294 3248 2341 3298; x_wconf 69' lang='grc' dir='ltr'>μὴ</span> <span class='ocrx_word' id='word_1_818' title='bbox 2357 3249 2455 3284; x_wconf 83' lang='grc' dir='ltr'>ἀσθε-</span> 
     </span>
    </p>
   </div>
   <div class='ocr_carea' id='block_1_10' title="bbox 1449 3365 2339 3400">
    <p class='ocr_par' dir='ltr' id='par_1_14' title="bbox 1449 3365 2339 3400">
     <span class='ocr_line' id='line_1_99' title="bbox 1449 3365 2339 3400; baseline -0.008 0"><span class='ocrx_word' id='word_1_819' title='bbox 1449 3369 1482 3400; x_wconf 92' lang='lat' dir='ltr'>in</span> <span class='ocrx_word' id='word_1_820' title='bbox 1498 3367 1685 3400; x_wconf 72' lang='lat' dir='ltr'>Morelliana</span> <span class='ocrx_word' id='word_1_821' title='bbox 1703 3366 1857 3398; x_wconf 83' lang='lat' dir='ltr'>Editione</span> <span class='ocrx_word' id='word_1_822' title='bbox 1875 3367 1977 3398; x_wconf 75' lang='lat' dir='ltr'>vitata</span> <span class='ocrx_word' id='word_1_823' title='bbox 1993 3377 2032 3396; x_wconf 72' lang='lat' dir='ltr'>ex</span> <span class='ocrx_word' id='word_1_824' title='bbox 2050 3366 2123 3398; x_wconf 71' lang='grc'>11155.</span> <span class='ocrx_word' id='word_1_825' title='bbox 2142 3365 2339 3396; x_wconf 65' lang='lat' dir='ltr'>sarciuntur.</span> 
     </span>
    </p>
   </div>
  </div>
 </body>
</html>
