2502 3810
300 304 390 361 804
765 314 801 343 5.
841 313 1024 343 JOANNIS
1059 311 1297 344 cuursosr.
1338 313 1544 343 ⁴>inomni).
1585 314 1940 345 consumunmt».

301 398 521 436 memoriam
547 406 746 440 revocans,
782 407 852 431 non
881 393 958 431 liaec
986 394 1070 431 satis
1102 393 1281 443 habuerit,
1358 397 1514 445 πρῶτος,
1538 397 1613 433 ἀλλ’
1632 399 1647 432 ὃ
1667 396 1757 444 Θεὸς
1779 399 1879 434 τοῦτο
1902 395 2042 439 ἐπέταξε
2059 425 2070 444 ,
2090 397 2148 434 καὶ
2170 400 2269 436 τοῦτο
2289 398 2379 437 κατὰ

301 457 363 495 56(1
379 455 495 492 adhuc
514 453 689 491 humilius
707 454 856 504 loquens
883 453 979 491 dicat
995 455 1180 505 :Propter
1197 467 1285 505 gra·
1358 454 1475 506 χάριν,
1505 457 1570 507 οὐχ
1588 458 1634 498 ὡς
1655 455 1747 499 ἄξιον
1778 458 1826 500 εἰς
1852 461 1953 495 τοῦτο
1971 456 2146 508 ἀφορίσας.
2175 457 2237 504 Μὴ
2269 458 2381 496 τοίνυν

303 520 413 561 tiam,
448 528 532 565 quoe
559 515 655 551 data
687 523 743 551 est
762 515 858 551 mila·
881 527 906 550 a
934 515 1019 551 Deo
1035 529 1048 550 .·
1064 513 1160 564 quod
1181 513 1286 550 etiam
1358 516 1585 567 τραχύνεσθε·
1621 519 1657 555 οὐ
1690 516 1757 569 γὰρ
1791 516 1860 567 ἐγὼ
1894 517 2187 567 κατεξανίσταμαι
2201 533 2208 540 ·
2243 521 2260 555 ὁ
2293 519 2382 561 Θεός

301 578 337 615 in
368 575 544 628 principio
572 574 726 622 dicebat,
752 576 916 612 Debitor
941 589 1037 613 sum.
1068 574 1113 612 Id
1134 583 1196 623 est,
1215 589 1286 612 non
1360 578 1451 614 ἐστιν
1469 580 1485 615 ὁ
1500 577 1707 615 ἐπιτάττων.
1726 577 1796 616 Καὶ
1811 577 1929 630 ὥσπερ
1947 580 2016 615 ἐκεῖ
2031 594 2146 629 φησιν,
2159 573 2210 632 ῖῼ
2226 579 2382 630 λατρεύω

300 638 472 675 honorem
493 636 584 674 mihi
614 635 762 687 arripui,
789 649 902 686 neque
921 635 1019 687 prior
1045 635 1082 673 in
1109 635 1213 672 illum
1231 635 1284 673 in·
1361 639 1394 674 ἐν
1417 640 1468 688 τῷ
1484 638 1673 691 εὐαγγελίῳ
1699 641 1758 676 τοῦ
1785 639 1871 676 Υἱοῦ
1893 639 2017 684 αὐτοῦ,
2036 638 2126 676 οὕτω
2154 639 2213 676 καὶ
2234 640 2383 677 ἐνταῦθα

301 697 414 747 silivi,
449 696 508 735 sed
531 698 629 735 Deus
643 697 765 748 jussit,
796 706 829 734 et
848 697 916 735 hoc
933 712 996 750 per
1017 697 1180 748 gratiam,
1215 710 1284 734 non
1362 697 1482 744 εἰπὼν,
1498 699 1566 736 Διὰ
1583 698 1646 745 τὴν
1661 700 1764 752 χάριν
1783 699 1845 746 τὴν
1865 700 2019 737 δοθεῖσάν
2042 715 2100 749 μοι
2117 699 2183 737 ὑπὸ
2198 704 2257 737 τοῦ
2277 702 2381 745 Θεοῦ,

300 759 402 811 quasi
432 759 582 810 dignun]
616 758 662 796 ad
693 758 760 796 1106
791 759 977 810 deputans.
1020 758 1139 796 Nolite
1175 757 1286 809 igitur
1299 777 1345 802 731
1363 758 1557 809 ἐπήγαγεν·
1580 761 1641 802 Εἷς
1657 760 1695 797 τὸ
1715 753 1802 797 εἷναί
1822 776 1865 810 με
1879 760 2074 813 λειτουργὸν
2092 760 2208 806 Ἰησοῦ
2231 761 2384 813 Χριστοῦ

300 820 502 872 exasperari
532 836 539 856 :
572 834 683 870 neque
716 820 810 857 enim
844 834 908 871 ego
942 820 978 858 in
1011 833 1076 857 vos
1110 819 1284 870 insurgo:
1311 815 1336 843 A
1363 822 1409 861 εἰς
1438 819 1482 857 τὰ
1515 819 1619 866 ἔθνη,
1646 824 1888 872 ἱερουργοῦντα
1908 821 1947 858 τὸ
1968 820 2163 872 εὐαγγέλιον
2188 824 2247 858 τοῦ
2280 822 2383 859 Θεοῦ.

299 882 396 919 Deus
421 890 471 918 est
501 881 562 931 qui
590 881 765 933 praecipit.
793 881 840 918 Et
862 881 953 919 sicut
973 881 1047 918 illic
1073 880 1174 926 dicit,
1218 881 1290 917 Cui
1362 880 1463 919 Μετὰ
1491 881 1558 932 γὰρ
1578 881 1640 927 τὴν
1667 882 1799 928 πολλὴν
1818 884 1886 919 τῶν
1909 882 2098 935 εἰρημένων
2120 881 2305 928 ἀπόδειξιν,
2327 882 2384 920 ἐπὶ

300 945 424 980 servio
443 945 485 979 in
514 943 714 993 evangelio
744 943 841 990 filii
866 945 974 995 ejus.-
993 942 1042 979 ita
1072 942 1181 980 ethic
1209 955 1290 979 cum
1361 941 1400 979 τὸ
1432 942 1636 994 σεμνότερον
1665 941 1742 993 ἄγει
1769 942 1825 979 τὸν
1858 942 1973 994 λόγον,
1998 944 2062 994 οὐχ
2080 941 2200 985 ἁπλῶς
2220 941 2383 993 λατρείαν

301 1001 463 1052 dixisset,
502 1005 580 1040 Per
609 1006 780 1055 gratiam
809 1018 894 1055 (μαι)
929 1005 1023 1041 data
1056 1012 1112 1041 est
1149 1004 1246 1040 mihi
1266 1016 1291 1039 a
1361 1002 1485 1054 λέγων,
1499 1003 1656 1054 καθάπερ
1671 1004 1830 1054 ε’νᾶρχῇ,
1846 1002 1936 1040 ἀλλὰ
1951 1002 2167 1055 λειτουργίαν
2182 1002 2241 1040 καὶ
2253 1005 2386 1054 ἱερουρ-

302 1065 400 1109 Deo,
427 1063 616 1115 subjunxit
637 1079 644 1099 :
665 1066 726 1102 16.
755 1066 804 1101 Ut
824 1067 896 1102 sim
915 1078 983 1115 ego
1004 1067 1179 1101 minister
1196 1065 1291 1101 Jesu
1361 1065 1452 1115 γίαν.
1486 1064 1582 1111 Αὕτη
1612 1065 1678 1116 γάρ
1700 1079 1758 1114 μοι
1777 1064 1946 1116 ἱερωσύνη
1966 1065 2005 1102 τὸ
2024 1063 2206 1117 κηρύττειν
2227 1063 2286 1102 καὶ
2317 1079 2383 1102 κα-

303 1125 450 1162 Christi
465 1127 505 1160 in
519 1126 710 1175 gentibus,
729 1133 862 1162 sancte
879 1126 1159 1162 administrans
1176 1138 1291 1161 evczn-
1361 1125 1564 1175 ταγγέλλειν
1581 1140 1588 1148 ·
1617 1125 1746 1171 ταύτην
1768 1125 1954 1176 προσφέρω
1972 1124 2036 1171 τὴν
2056 1124 2189 1162 θυσίαν.
2218 1124 2318 1176 Ἱερεῖ
2349 1124 2385 1161 δὲ

301 1186 445 1237 gelium
470 1186 557 1222 Dei.
591 1186 785 1235 Postquam
804 1185 897 1222 enim
925 1200 1030 1237 supra
1049 1185 1144 1223 dicta
1167 1185 1291 1223 multis
1361 1185 1470 1228 οὐδεὶς
1500 1185 1539 1223 ἂν
1559 1185 1781 1236 ῧέγκαλέσειε
1799 1185 1837 1223 τὸ
1858 1190 1949 1235 θῦμα
1983 1186 2210 1229 σπουδάζοντι
2235 1185 2383 1235 ἄμωμον

301 1244 530 1296 probaverat,
563 1244 607 1282 ad
628 1245 678 1293 id,
701 1245 798 1296 quod
817 1246 960 1296 gravius
981 1255 1070 1292 erat,
1092 1260 1289 1284 sermonem
1360 1251 1614 1295 προσενεγκεῖν.
1637 1245 1760 1282 Ταῦτα
1777 1243 1811 1282 δὲ
1832 1244 1961 1294 ἔλεγεν,
1978 1244 2051 1295 ἅμα
2072 1244 2278 1282 καὶτούτων
2299 1260 2383 1281 πτε-

302 1306 425 1356 vertit,
448 1320 515 1343 non
533 1306 741 1358 simpliciter
761 1307 897 1344 cultum
913 1321 1061 1359 ponens,
1083 1316 1121 1344 ut
1141 1307 1175 1344 in
1192 1308 1290 1359 prin·
1363 1308 1429 1355 ρῶν
1449 1305 1493 1343 τὰ
1522 1304 1749 1356 φρονήματα,
1783 1304 1841 1342 καὶ
1872 1304 2002 1347 δεικνὺς
2032 1303 2151 1342 Θυσίαν
2183 1304 2303 1351 ὄντας,
2326 1305 2385 1342 καὶ

303 1366 410 1417 cipio,
431 1365 490 1403 sed
511 1367 694 1417 liturgiam
713 1376 746 1404 et
767 1381 907 1404 sacrum
932 1367 1170 1404 ministerium
1189 1383 1196 1403 :
1216 1367 1290 1404 Hoc
1360 1363 1445 1414 ὑπὲρ
1465 1368 1532 1401 τῶν
1554 1366 1630 1401 καθ’
1652 1364 1772 1401 ἑαυτὸν
1790 1363 2084 1414 ἀπολογούμενος,
2103 1363 2156 1400 ὅτι
2183 1368 2283 1402 τοῦτο
2303 1367 2384 1401 ἐπι-

302 1435 353 1463 est
371 1426 466 1463 enim
491 1426 580 1462 mihi
601 1425 849 1475 sacerdotium,
875 1426 1070 1478 praedicare
1096 1436 1129 1464 et
1147 1440 1287 1464 annun-
1359 1424 1532 1463 τέτακται.
1550 1425 1619 1462 Καὶ
1634 1424 1699 1475 γὰρ
1720 1424 1880 1474 μάχαιρα
1902 1439 1965 1473 μου
1983 1425 2021 1461 τὸ
2043 1423 2257 1475 εὐαγγέλιον,
2270 1424 2386 1476 φησὶν,

301 1485 390 1523 tiare
410 1501 417 1521 :
437 1486 503 1523 1106
535 1486 645 1522 offero
675 1486 904 1524 sacrificium.
949 1486 1133 1524 Sacerdoti
1172 1496 1290 1524 autem
1311 1489 1333 1518 Β
1359 1488 1376 1522 ὃ
1406 1490 1464 1523 τοῦ
1484 1485 1705 1536 κηρύγματος
1723 1484 1834 1535 λόγος.
1855 1484 1925 1525 Καὶ
1945 1487 1965 1530 ἦ
1986 1484 2081 1522 αἰτία
2097 1513 2107 1530 ,
2138 1485 2202 1536 οὐχ
2227 1484 2284 1522 ἵνα
2318 1484 2386 1536 ἐγὼ

301 1560 403 1584 nemo
440 1547 524 1584 vitio
544 1547 665 1595 vertit,
691 1547 789 1597 quod
822 1557 919 1584 curet
945 1548 1208 1585 immaculatam
1231 1549 1290 1585 of-
1361 1545 1514 1589 δοξασθῶ
1528 1575 1536 1591 ,
1557 1547 1621 1597 οὐχ
1639 1544 1696 1582 ἵνα
1714 1545 1875 1597 λαμπρὸς
1896 1547 1991 1597 φανῶ
2004 1575 2013 1592 ,
2031 1547 2106 1583 ἀλλ’
2125 1544 2182 1582 ἵνα
2201 1545 2343 1597 γένηται
2362 1549 2383 1592 ἦ

301 1606 392 1644 ferre
410 1606 576 1645 hostiam.
596 1608 672 1645 Hoc
688 1621 794 1659 porro
813 1607 967 1654 dicebat,
988 1617 1028 1644 ut
1047 1608 1152 1645 simul
1168 1622 1291 1645 eorum
1360 1605 1541 1658 προσφορὰ
1576 1609 1643 1644 τῶν
1680 1607 1784 1643 ἐθνῶν
1818 1605 2085 1658 εὐπρόσδεκτος,
2121 1606 2317 1657 ἡγιασμένη
2351 1607 2385 1644 ἐν

301 1668 439 1705 animos
459 1668 618 1720 erigeret,
639 1677 672 1705 et
695 1668 789 1719 ipsos
810 1682 884 1706 esse
904 1667 1058 1705 hostiam
1077 1669 1288 1719 ostenderet,
1362 1666 1544 1716 Πνεύματι
1564 1666 1664 1719 ἁγίῳ.
1684 1665 1887 1713 Τουτέστιν,
1928 1667 1963 1703 αἱ
1991 1666 2100 1718 ψυχαὶ
2125 1670 2192 1704 τῶν
2222 1667 2387 1704 διδασκο-

301 1743 342 1768 ac
375 1744 446 1767 sese
478 1739 661 1782 purgaret,
691 1729 789 1780 quod
820 1729 866 1768 ita
901 1739 1119 1782 praeceptum
1152 1731 1288 1769 fuisset.
1364 1727 1474 1777 μένων
1504 1726 1560 1765 ἵνα
1591 1729 1771 1779 δεχθῶσιν.
1790 1728 1842 1765 Οὐ
1863 1726 1930 1778 γὰρ
1960 1727 2022 1776 ἐμὲ
2051 1731 2209 1766 τοσοῦτον
2238 1730 2350 1778 τιμῶν
2370 1730 2387 1765 ὁ

303 1791 457 1829 Gladius
473 1791 566 1828 enim
582 1805 695 1839 meus,
717 1788 846 1842 inquit,
869 1800 919 1828 est
938 1791 1179 1842 evangelium,
1201 1806 1291 1843 prae-
1363 1789 1451 1832 Θεὸς
1471 1791 1519 1832 εἷς
1538 1793 1638 1827 τοῦτο
1657 1788 1800 1840 ἤγαγεν,
1823 1787 1900 1826 ὅσον
1919 1791 2013 1838 ὑμῶν
2035 1788 2235 1839 κηδόμενος.

300 1851 488 1890 dicationis
516 1852 690 1900 verbum3
725 1866 828 1890 causa
849 1866 949 1901 vero,
981 1866 1050 1889 11011
1072 1862 1110 1890 ut
1129 1867 1193 1903 ego
1213 1853 1291 1904 glo—

300 1913 391 1950 riam
406 1913 599 1958 nanciscar,
617 1926 686 1950 non
703 1921 741 1949 ut
752 1926 815 1964 ego
831 1912 1039 1964 splendidus
1054 1913 1199 1959 videam
1216 1913 1290 1962 sed,

307 1974 443 2026 Utfiac
459 1975 605 2011 oblatio
620 1976 792 2025 gentium
812 1983 967 2025 accepta
988 1983 1023 2011 et
1042 1974 1291 2026 sanctificata

301 2035 344 2070 in
362 2033 505 2083 Spiritu
521 2041 668 2071 sancto.
687 2032 727 2069 Id
744 2041 808 2080 est,
828 2041 866 2069 ut
886 2032 1013 2070 animae
1030 2031 1291 2084 discipulorum

301 2104 450 2147 acceptae
470 2096 551 2134 sint.
571 2097 649 2133 Non
666 2105 819 2145 tantum,
843 2105 882 2133 ut
899 2110 953 2133 me
971 2096 1173 2142 honoraret,
1195 2097 1291 2134 Deus

302 2154 337 2191 in
356 2154 424 2191 1106
443 2153 608 2196 adduxit,
630 2163 804 2203 quantum
824 2163 863 2191 ut
881 2154 990 2192 vestri
1007 2168 1126 2192 curam
1145 2164 1291 2205 gereret.

356 2218 392 2252 2
432 2214 478 2251 Et
498 2213 675 2264 quomodo
689 2214 795 2252 fuerit
812 2214 1039 2266 acceptabilis
1068 2214 1229 2263 oblatio-‚⁰
1249 2215 1290 2251 In
1419 2215 1489 2253 Καὶ
1517 2216 1591 2258 πῶς
1612 2214 1651 2251 ἂν
1674 2214 1808 2265 γένοιτο
1841 2215 2112 2267 εὐπρόσδεκτος;
2131 2214 2192 2253 Ἐν
2209 2215 2390 2266 Πνεύματι

304 2274 439 2326 Spiritu
468 2284 588 2312 sancto
607 2289 614 2310 t
638 2288 706 2311 non
738 2274 831 2312 enim
867 2275 939 2312 fide
958 2284 1096 2312 tantum
1119 2290 1207 2326 opus
1229 2284 1292 2324 est,
1366 2276 1454 2329 ἁγίῳ
1472 2291 1479 2299 ·
1500 2278 1537 2313 οὐ
1554 2275 1621 2327 γὰρ
1637 2275 1787 2318 πίστεως
1807 2278 1858 2314 δεῖ
1878 2275 2002 2325 μόνης,
2023 2276 2112 2314 ἀλλὰ
2138 2277 2197 2314 καὶ
2213 2277 2390 2319 πολιτείας

306 2334 366 2372 scd
402 2335 507 2372 etiam
524 2335 705 2386 spirituali
738 2335 820 2373 vitae
849 2335 1022 2380 instituto,
1052 2344 1091 2372 ut
1118 2336 1294 2386 Spiritum
1363 2340 1614 2386 πνευματικῆς,
1626 2335 1682 2373 ἵνα
1696 2336 1901 2387 κατέχωμεν
1916 2335 1953 2372 τὸ
1964 2337 2109 2385 Πνεῦμα
2122 2335 2161 2373 τὸ
2177 2337 2271 2374 δοθὲν
2284 2336 2388 2380 ἅπαξ.

307 2406 467 2434 sanctum
485 2396 591 2434 semel
607 2396 730 2433 datum
750 2396 976 2434 retineamus.
996 2398 1117 2446 Neque
1136 2397 1231 2433 enim
1248 2397 1291 2434 li-
1365 2399 1417 2435 Οὐ
1437 2397 1504 2447 γὰρ
1520 2395 1602 2440 ξύλα
1621 2396 1681 2434 καὶ
1697 2401 1780 2448 πῦρ,
1798 2396 1875 2433 οὐδὲ
1893 2396 2009 2446 βωμὸς
2025 2397 2084 2434 καὶ
2100 2396 2260 2448 μάχαιρα
2272 2426 2282 2444 ,
2299 2396 2389 2434 ἀλλὰ

306 2470 375 2508 gna
398 2466 430 2494 et
457 2456 564 2508 igniS,
600 2470 669 2493 non
705 2471 764 2494 ara
793 2465 826 2493 et
858 2456 1010 2507 gladius,
1050 2456 1111 2494 sed
1138 2457 1293 2509 Spiritus
1314 2458 1336 2488 C
1360 2456 1536 2507 1’Πνεῦμα
1565 2456 1680 2495 πάντα
1705 2459 1787 2509 παρ’
1809 2460 1905 2507 ἡμῖν.
1936 2456 2003 2493 Διὰ
2022 2460 2124 2494 τοῦτο
2143 2457 2258 2494 πάντα
2281 2460 2389 2505 ποιῶ,

305 2517 424 2555 omnia
444 2516 539 2568 apud
567 2531 629 2554 nos
644 2526 707 2556 est.
738 2518 927 2568 Propterea
951 2516 1042 2553 nihil
1061 2531 1130 2554 non
1162 2531 1239 2568 ago,
1255 2526 1294 2554 ut
1362 2518 1417 2556 ἵνα
1441 2518 1489 2568 μὴ
1514 2517 1642 2568 σὸεσθῆ
1669 2520 1779 2556 ἐκεῖνο
1798 2518 1836 2555 τὸ
1855 2521 1923 2569 πῦρ
1942 2533 1949 2540 ·
1970 2522 2070 2556 τοῦτο
2099 2517 2167 2569 γὰρ
2186 2517 2247 2555 καὶ
2269 2518 2387 2555 ἐπιτέ-

306 2592 350 2616 ne
378 2578 471 2629 ignis
501 2578 561 2616 ille
581 2577 830 2628 exstinguatur
849 2592 856 2612 :
873 2577 941 2614 hoc
961 2577 1054 2614 enim
1086 2577 1295 2615 mandatum
1364 2594 1512 2629 ταγμαι.
1543 2578 1590 2616 Τί
1618 2572 1675 2616 οῧν
1703 2583 1775 2620 τοῖς
1805 2577 1852 2628 μὴ
1885 2577 2057 2627 δεομένοις
2076 2578 2207 2628 λέγεις,
2228 2580 2282 2615 Δι’
2308 2578 2391 2616 αὐτὸ

306 2640 396 2677 mihi
417 2640 496 2676 fuit.
521 2639 595 2675 Cur
616 2652 699 2689 ergo
728 2638 771 2676 iis
801 2638 971 2688 loqueris,
997 2638 1128 2688 quibus
1147 2653 1217 2676 non
1243 2648 1295 2676 est
1365 2639 1405 2685 δὴ
1424 2643 1524 2676 τοῦτο
1540 2639 1576 2675 οὔ
1602 2637 1771 2683 διδάσκω,
1793 2639 1870 2676 ἀλλ’
1892 2638 2150 2689 ἀναμιμνήσκω
2164 2669 2173 2685 ,
2193 2638 2278 2690 φησί
2295 2653 2303 2661 ·
2325 2654 2391 2676 κα-
2412 2656 2415 2657 ’

306 2701 419 2753 opus?
444 2701 593 2751 Propter
622 2699 690 2737 hoc
709 2699 842 2751 ipsum,
862 2698 992 2748 inquit,
1011 2713 1080 2736 non
1097 2699 1217 2746 doceo,
1234 2699 1295 2737 sed
1367 2699 1477 2752 θάπερ
1498 2702 1514 2736 ὁ
1533 2697 1644 2750 ἱερεὺς
1660 2698 1860 2749 παρέστηκε
1876 2699 1915 2736 τὸ
1930 2703 2000 2750 πῦρ
2020 2699 2210 2746 ἀνακαίων,
2226 2698 2315 2737 οὕτω
2331 2699 2391 2737 καὶ

307 2760 583 2800 commonefacio
604 2769 666 2797 :ut
694 2759 855 2797 sacerdos
885 2759 1001 2797 adstat
1026 2759 1145 2810 ignem
1170 2774 1294 2798 accen-
1367 2760 1434 2812 ἐγὼ
1462 2759 1524 2807 τὴν
1546 2758 1741 2811 προθυμίαν
1774 2761 1870 2809 ὑμῶν
1900 2759 2090 2813 διεγείρων.
2125 2760 2194 2798 Καὶ
2220 2759 2283 2811 ὅρα
2301 2775 2308 2783 ·
2329 2762 2390 2798 οὐκ

310 2821 412 2871 dens,
432 2822 482 2859 sic
501 2830 535 2859 et
551 2835 614 2872 ego
633 2820 794 2858 animum
812 2830 970 2858 vestrum
987 2821 1157 2858 excitans.
1174 2821 1220 2858 Et
1240 2822 1292 2859 vi-
1367 2816 1482 2867 εἶπεν,
1514 2821 1570 2858 ἵνα
1595 2820 1738 2871 γένηται
1768 2824 1787 2866 ἥ
1823 2820 2004 2873 προσφορὰ
2033 2824 2149 2870 ὑμῶν,
2182 2821 2289 2868 ἀλλὰ,
2309 2823 2391 2859 Τῶν

307 2882 363 2931 de,
380 2897 450 2920 non
475 2882 596 2931 dixit,
622 2881 758 2933 Utfiat
785 2881 932 2918 oblatio
957 2890 1086 2930 vestra,
1103 2881 1163 2919 sed
1183 2882 1294 2920 Gen—-
1367 2885 1487 2921 ἐθνῶν.
1514 2881 1627 2919 “Οταν
1655 2881 1690 2918 δὲ
1718 2881 1798 2932 εἴπῃ
1815 2912 1824 2928 ,
1850 2883 1931 2919 Τῶν
1952 2884 2079 2929 ἐθνῶν,
2102 2882 2164 2928 τὴν
2187 2882 2390 2932 οἰκουμένην

310 2945 419 2980 tium.
452 2944 544 2980 Cum
576 2955 664 2980 sero
698 2940 787 2977 dicit
801 2970 811 2988 ,
844 2941 1048 2989 Gentium,
1083 2941 1205 2979 orbem
1233 2942 1296 2979 di-
1367 2944 1480 2995 λέγει,
1500 2945 1563 2993 γῆν
1583 2942 1642 2979 καὶ
1660 2941 1836 2980 θάλασσαν
1858 2942 1997 2980 ἅπασαν
2011 2971 2020 2988 ,
2039 2941 2285 2980 καταστέλλων
2305 2942 2392 2979 ἐκεί-

308 3003 378 3051 cit,
407 3012 538 3040 terram
566 3010 599 3038 et
628 3015 725 3038 mare
754 3000 789 3037 in
819 3000 1040 3050 universum,
1069 3001 1214 3039 illorum
1242 3016 1296 3039 re·
1368 3021 1435 3042 νων
1455 3004 1498 3042 τὰ
1519 3003 1749 3055 φρονήματα,
1773 3002 1862 3040 ὥστε
1897 3002 1945 3052 μὴ
1981 3002 2179 3046 ἀπαξιῶσαι
2204 3003 2264 3040 καὶ
2290 3003 2392 3041 διδοί-

308 3064 464 3116 primens
492 3062 654 3112 animos,
686 3071 725 3099 ut
753 3076 795 3099 ne
823 3061 1063 3114 dedignentur
1102 3062 1205 3100 illum
1233 3063 1298 3100 ha·
1370 3066 1498 3104 σκαλον
1513 3064 1603 3115 ἔχειν
1627 3064 1683 3101 τὸν
1703 3063 1787 3116 πρὸς
1806 3062 1849 3101 τὰ
1870 3062 2005 3113 πέρατα
2021 3065 2083 3107 τῆς
2102 3063 2304 3113 οἰκουμένης
2322 3079 2394 3101 τει-

307 3125 390 3162 bere
418 3125 612 3171 doctorem,
640 3123 703 3174 qui
722 3123 767 3160 ad
780 3123 949 3161 terminos
978 3132 1079 3160 terrae
1108 3124 1296 3162 contende·
1370 3126 1511 3176 νόμενον
1529 3140 1536 3147 ·
1560 3124 1577 3162 ὃ
1596 3123 1657 3161 καὶ
1679 3123 1870 3174 ἀρχόμενος
1894 3123 1989 3173 ἔλεγε
2003 3153 2012 3170 ,
2032 3122 2156 3166 Καθὼς
2181 3123 2241 3161 καὶ
2269 3125 2303 3161 ἐν
2323 3130 2394 3167 τοῖς

311 3194 362 3222 ret
381 3201 388 3221 ε
409 3184 506 3235 quod
524 3184 631 3222 etiam
651 3184 752 3221 initio
779 3183 934 3233 dicebat,
953 3184 1059 3222 Sicut
1082 3193 1117 3221 et
1137 3187 1179 3221 in
1208 3186 1298 3222 reli·
1319 3188 1344 3217 D
1368 3187 1501 3227 λοιποῖς
1521 3184 1672 3229 ἔθνεσιν,
1688 3181 1842 3228 ἽΞλλησί
1863 3198 1902 3219 τε
1917 3182 1975 3219 καὶ
1994 3183 2202 3236 βαρέοίροις,
2221 3189 2336 3235 σοφοῖς
2354 3199 2391 3220 τε

310 3248 395 3296 quis
410 3247 587 3297 gentihus
614 3245 758 3283 Groecis
775 3253 812 3282 et
838 3246 1039 3291 Barbaris,
1060 3248 1298 3297 sapientibus
1370 3246 1428 3284 καὶ
1448 3244 1604 3291 ἀνοήτοις
1621 3243 1799 3295 ὀφειλέτης
1819 3243 1902 3294 εἶμί.
1931 3243 2034 3296 ’'E-ff„
2067 3238 2124 3282 οῧν
2155 3244 2327 3296 καύχησιν
2358 3247 2390 3282 ἐν

355 3386 368 3399 ³
393 3375 501 3419 [Edd.
521 3381 728 3418 ἐγκαλ-Ξςηται.
753 3380 787 3412 Α.
807 3382 988 3421 ἐγκαλέσειε,
1014 3376 1103 3422 quod
1122 3379 1197 3411 licet
1217 3378 1315 3411 dubi·
1424 3379 1440 3403 b
1464 3378 1475 3420 [
1492 3383 1623 3421 παρείτω
1641 3380 1712 3422 παρ’
1731 3382 1760 3415 ἡ.
1773 3378 1809 3409 Α.
1829 3387 1929 3418 corr.3
1948 3380 2102 3424 παρέστω,
2119 3384 2154 3409 Ul
2168 3374 2310 3416 Videtur>
2339 3386 2388 3417 Pr·

313 3435 421 3460 tamer
439 3429 647 3472 recepimus.]
1385 3442 1472 3463 man.
1493 3431 1597 3473 Marg.
1617 3428 1716 3462 Savit.
1738 3430 1906 3474 παρεὶς-κο]
