2502 3810
130 1124 158 1142 2.
179 1113 247 1141 Cot:
268 1114 311 1142 13.

163 1848 302 1884 Qufruam

118 1891 242 1915 maxima

115 1929 169 1956 Dei
185 1930 287 1966 gloria.

120 3422 144 3441 t.
165 3414 234 3443 Cor.
253 3414 298 3444 15.

116 3464 160 3483 ιο.

341 219 432 265 68)
772 232 808 261 s.

336 329 415 352 nem
450 315 612 359 facerent,
634 325 744 361 neque
778 310 838 347 ille
869 309 1055 361 quidpiam
1090 307 1315 359 praetermisit
1338 312 1363 340 D

337 386 469 420 eorum,
502 385 578 421 quae
596 371 712 422 ipsum
732 369 914 421 perderent
940 378 974 406 et
994 367 1091 406 omni
1111 368 1213 406 venia
1238 367 1314 419 pri—

335 441 468 470 varent.
491 434 652 469 Attamen
666 431 740 467 haec
756 444 840 468 cum
854 430 959 467 sciret
975 431 1086 478 Deus,
1109 442 1190 466 cum
1203 429 1315 466 multa

334 493 503 545 patientia
521 492 602 529 tulit
617 506 709 540 eum,
723 491 868 543 cupiens
886 490 989 528 illum
1007 489 1052 527 ad
1070 488 1315 542 poenitentiam

333 553 506 591 deducere
530 569 539 590 :
559 553 625 590 nisi
643 551 736 590 enim
757 551 824 589 boc
845 551 1029 599 voluisset,
1050 563 1119 587 non
1140 558 1213 586 tam
1232 549 1313 586 dju-

331 623 436 650 turna
457 612 626 664 patientia
651 626 734 649 usus
756 620 855 649 esset.
883 611 978 657 Quia
1009 624 1093 648 vero
1115 609 1176 646 ille
1199 608 1315 646 noluit

331 673 499 724 patientia
520 673 581 709 illa
599 672 644 710 ad
661 671 902 723 poenitentiam
927 671 994 719 uti,
1018 670 1078 708 sed
1099 670 1313 722 praeparavit

331 748 365 771 se
385 733 433 771 ad
449 734 549 783 iram,
569 747 653 771 usus
672 741 722 770 est
739 733 801 770 illo
833 734 929 770 Deus
954 732 999 769 ad
1025 731 1178 768 aliorum
1195 744 1313 768 emen-

330 794 522 841 dationem,
545 809 607 846 per
623 794 719 831 illius
741 793 955 845 supplicium
977 792 1065 830 alios
1084 790 1313 829 studiosiores

329 855 490 901 reddens,
513 865 544 893 et
565 856 614 894 sie
635 854 828 907 potentiam
853 868 954 892 suam
984 852 1181 892 ostendens.
1204 852 1312 898 Quod

328 917 421 954 enim
435 917 523 954 nolit
543 918 638 954 Deus
657 916 706 954 sic
722 915 917 967 potentiam
931 929 1031 953 suam
1048 923 1166 952 notam
1180 913 1308 963 facere,

329 977 390 1014 sed
415 977 484 1014 alio
505 976 624 1014 moder
638 985 671 1014 et
702 991 765 1028 per
782 976 951 1013 beneficia
971 985 1004 1013 et
1024 974 1275 1012 liberalitatem
1299 990 1307 1010 :

328 1037 366 1074 id
376 1038 451 1088 jam
469 1038 529 1075 ille
550 1051 655 1089 supra
671 1037 787 1075 modis
804 1037 968 1074 omnibus
990 1035 1195 1073 declaravit.
1216 1036 1307 1073 Nam

329 1098 357 1135 si
376 1099 507 1136 Paulus
526 1113 596 1136 non
628 1099 674 1136 ita
704 1107 826 1150 potens
847 1097 927 1135 vult
946 1097 1077 1145 videri3
1097 1099 1187 1134 Non
1206 1100 1306 1134 enim

329 1168 369 1197 ut
381 1173 450 1198 nos
461 1163 614 1211 probati
633 1161 852 1205 videamur,
875 1159 1004 1209 inquit,
1018 1159 1086 1196 sed
1104 1167 1144 1195 ut
1156 1172 1227 1196 vos
1244 1160 1308 1195 bo-

328 1234 418 1258 num
428 1223 599 1274 faciatis
613 1236 623 1256 .·
639 1221 752 1258 multo
775 1220 891 1272 magis
903 1221 1010 1258 Deus.
1031 1219 1101 1258 Sed
1122 1219 1203 1270 quia
1225 1219 1307 1257 diu-

324 1291 467 1321 turnam
485 1282 691 1335 patientiam
710 1281 850 1331 habuit,
869 1290 908 1319 ut
925 1281 972 1319 ad
987 1280 1230 1332 poenitentiam
1245 1280 1305 1317 de-

324 1343 481 1392 duceret,
500 1344 560 1381 ille
591 1357 674 1383 vero
706 1342 950 1394 poenitentiam
980 1356 1049 1380 non
1086 1342 1170 1392 egit,
1201 1341 1305 1378 illum

321 1407 434 1444 multo
469 1414 626 1457 tempooe
654 1404 750 1447 tulit,
777 1403 884 1441 simul
918 1403 1172 1453 benignitatem
1203 1417 1303 1440 suam

321 1466 505 1504 ostendens
525 1474 557 1502 et
578 1479 648 1502 una
666 1465 872 1516 potentiam,
896 1464 925 1501 si
943 1463 1090 1513 quidem
1115 1463 1176 1500 ille
1195 1463 1302 1500 nollet

320 1541 365 1564 ex
384 1536 480 1565 tanta
496 1525 665 1578 patientia
684 1518 823 1574 aliquid
842 1524 932 1560 lucri
962 1523 1101 1561 referre.
1120 1522 1300 1568 Quemad-

319 1588 466 1626 modum
478 1588 589 1639 igitur
605 1586 709 1623 illum
726 1584 1005 1635 incorrigibilem
1021 1583 1184 1635 puniens,
1199 1597 1300 1621 suam

317 1650 471 1687 ostendit
484 1648 676 1700 potentiam
695 1662 702 1683 :
727 1646 777 1683 sic
797 1646 877 1683 illos
887 1645 949 1695 qui
965 1644 1118 1682 multum
1134 1659 1301 1697 peecave-

317 1719 408 1760 iant,
427 1719 459 1747 et
478 1708 720 1761 poenitentiam
741 1715 886 1759 egerunt
914 1705 1111 1754 miseratus,
1131 1705 1299 1757 benigni·

317 1780 424 1810 tatem
443 1786 545 1810 suam
560 1769 785 1810 monstravit.
1305 1803 1359 1828 517

371 1837 406 1873 9.
439 1836 485 1871 At
501 1847 570 1871 non
589 1832 685 1871 dixit
704 1832 778 1881 ille,
808 1831 1082 1883 Benignitatem,
1104 1830 1180 1878 sed,
1205 1832 1302 1870 Glo-
1326 1841 1352 1869 A

317 1898 430 1941 riam,
454 1893 640 1932 ostendens
659 1892 752 1930 illud
780 1891 942 1931 maxime
960 1892 1111 1944 gloriam
1134 1891 1200 1929 Dei
1217 1906 1303 1940 esse,

316 1956 505 2007 ipsumque
537 1954 619 2006 plus
649 1967 756 2004 quam
776 1962 897 1991 eaetera
915 1952 1031 1989 omnia
1055 1951 1146 1989 illud
1167 1965 1302 1989 curare.

317 2017 408 2054 Cum
437 2024 538 2053 antea
565 2014 667 2062 dicit,
694 2015 786 2064 Quoe
803 2015 1040 2065 praeparavit
1055 2013 1109 2049 ad
1119 2012 1300 2063 gloriam,

315 2090 385 2114 non
405 2085 519 2113 totum
550 2074 616 2112 Dei
643 2088 716 2112 esse
736 2073 824 2111 dicit
843 2073 1036 2123 :quoniam
1057 2072 1086 2110 si
1109 2072 1176 2109 hoc
1201 2081 1302 2121 esset,

315 2137 405 2174 nihil
443 2135 629 2188 impediret
659 2135 848 2185 quominus
888 2148 1008 2171 omnes
1041 2133 1130 2171 salvi
1157 2142 1300 2171 essent:

315 2197 376 2235 sed
392 2211 533 2234 rursum
546 2198 620 2248 ejus
641 2195 899 2248 praescientiam
917 2194 1086 2242 ostendit,
1105 2204 1138 2232 et
1156 2194 1301 2233 Judaeos

315 2258 406 2295 inter
445 2265 477 2293 et
509 2266 625 2307 gentes
659 2255 897 2292 differentiam
929 2255 1034 2292 tollit.
1060 2256 1131 2292 Nee
1152 2268 1300 2305 parvam

315 2317 397 2355 inde
425 2330 562 2367 quoque
591 2315 697 2353 dictis
725 2316 799 2352 suis
817 2314 1055 2352 defensionem
1083 2323 1194 2365 parat.
1220 2315 1299 2351 Non

315 2377 421 2415 modo
445 2377 538 2414 enim
562 2375 659 2427 apud
683 2375 827 2414 Judaeos
859 2375 920 2411 alii
950 2374 1096 2426 periere,
1118 2374 1181 2410 alii
1210 2374 1301 2411 salvi

316 2439 400 2477 facti
419 2448 514 2488 sunt,
537 2436 597 2475 sed
625 2437 732 2475 etiam
753 2436 850 2488 apud
882 2435 1026 2487 gentiles
1047 2451 1054 2470 :
1071 2434 1218 2485 ideoque
1231 2448 1300 2471 non

317 2502 406 2540 dicit
426 2511 543 2553 gentes
561 2515 693 2548 omnes,
714 2499 787 2549 sed,
810 2501 873 2537 Ex·
909 2500 1085 2550 gentibus
1097 2514 1111 2542 ,-
1131 2506 1170 2535 ut
1188 2511 1301 2547 neque

317 2562 458 2602 Judaeos
483 2576 614 2610 omneS,
631 2560 702 2610 sed,
721 2562 786 2598 Ex
800 2561 831 2598 J
831 2561 962 2597 udaeis.
990 2559 1090 2597 Sicut
1106 2572 1188 2610 ergo
1208 2559 1299 2595 Pha-

316 2638 378 2661 rao
397 2639 440 2662 ex
464 2624 606 2676 propria
622 2622 810 2673 iniquitate
826 2635 888 2659 vas
920 2621 981 2658 irae
997 2621 1108 2658 factus
1125 2629 1187 2669 est,
1204 2621 1253 2657 sic
1266 2629 1300 2657 et

315 2684 354 2721 hi
376 2698 459 2722 Vasa
476 2682 727 2721 misericordiae
761 2695 806 2719 ex
825 2680 1002 2733 probitate
1030 2694 1105 2718 sua.
1122 2681 1214 2717 Nam
1234 2681 1297 2717 etsi

317 2745 410 2795 quod
422 2745 502 2797 plus
523 2753 588 2791 est,
605 2743 671 2781 Dei
694 2743 751 2791 sit,
780 2751 816 2780 at
832 2756 895 2779 nos
914 2754 1053 2792 quoque
1071 2754 1198 2792 parum
1212 2740 1300 2790 quid

317 2807 516 2844 intulimus.
546 2805 631 2843 Ideo
659 2817 728 2841 non
755 2803 865 2853 dixit,
893 2816 977 2840 vasa
1008 2810 1099 2839 recte
1113 2801 1298 2849 factorum,

324 2882 436 2919 neque
468 2881 551 2906 vasa
579 2865 746 2911 fiduciae3
769 2864 842 2912 sed,
885 2865 988 2900 Vasa
1017 2863 1298 2908 misericordioe,

318 2928 504 2966 ostendens
523 2935 635 2965 totum
662 2940 734 2963 esse
751 2924 834 2962 Dei.
872 2925 965 2961 Nam
995 2922 1100 2971 illud,
1122 2924 1212 2960 Non
1244 2931 1300 2960 est

317 2991 485 3027 volentis
507 3002 628 3040 neque
657 2989 859 3032 currentis,
890 2985 954 3023 etsi
972 2984 1016 3021 ad
1033 2984 1180 3021 modum
1201 2984 1298 3035 obje-

318 3051 442 3088 ctionis
464 3050 620 3102 positum
640 3049 684 3086 sit
695 3063 705 3097 3
721 3057 873 3085 attamen
888 3061 908 3084 a
929 3045 1040 3083 Paulo
1055 3044 1204 3093 dictum,
1218 3045 1299 3082 nul-

316 3112 389 3149 lam
405 3112 506 3148 affert
525 3109 793 3147 dubitationem.
804 3109 894 3145 Cum
910 3107 1003 3144 enim
1022 3105 1123 3154 dicit,
1137 3106 1227 3142 Non
1243 3114 1299 3143 est

318 3175 485 3210 volentis
507 3186 627 3224 neque
640 3173 842 3216 currentis,
862 3183 931 3206 non
960 3167 1152 3220 potentiam
1182 3166 1277 3203 tollit
1286 3180 1297 3215 3

318 3233 380 3270 sed
397 3232 546 3271 ostendit
566 3245 636 3269 non
656 3240 771 3268 totum
787 3230 885 3267 illius
907 3242 992 3277 esse,
1007 3227 1068 3265 sed
1080 3240 1180 3277 egere
1195 3226 1297 3263 illum

318 3306 468 3343 superna
486 3292 612 3342 gratia.
632 3293 781 3343 Oportet
797 3290 893 3327 enim
922 3297 954 3326 et
975 3287 1065 3326 velle
1079 3296 1112 3324 et
1137 3300 1295 3334 currere;

318 3352 492 3390 confidere
521 3362 638 3390 autem
669 3365 736 3389 non
758 3350 911 3402 propriis
927 3348 1121 3396 laboribus,
1142 3347 1203 3384 sed
1227 3346 1294 3383 Dei

316 3412 526 3463 benignitati
550 3428 556 3447 ε
579 3412 619 3449 id
629 3411 726 3462 quod
744 3420 776 3449 ct
805 3410 890 3448 alibi
925 3409 1065 3448 dicebat
1089 3424 1096 3444 ε
1119 3409 1209 3446 Non
1226 3421 1292 3458 ego

848 229 1030 263 JOANMS
1066 227 1305 258 CHRYSOST.
1346 228 1550 259 ARCHIEP.
1589 230 1941 263 CONSTANTINOP.

1389 308 1535 360 ρούντων
1557 309 1777 361 συγγνώμης.
1799 311 1889 349 Ἀλλ’
1919 312 2012 362 ὅμως
2042 313 2100 350 καὶ
2128 315 2238 350 ταῦτα
2269 311 2365 355 εἰδὼς
2382 315 2401 349 ὃ

1385 369 1494 416 Θεὸς,
1513 370 1656 421 ἤνεγκεν
1672 372 1784 422 πολλῇ
1807 372 2027 425 μακροθυμίᾳ
2039 403 2049 420 ,
2077 373 2280 423 βουλόμενος
2299 373 2400 410 αὐτὸν

1385 431 1431 472 εἰς
1451 430 1635 479 μετάνοιαν
1652 433 1810 483 ἀγαγεῖν·
1841 434 1871 469 εἰ
1889 432 1956 485 γὰρ
1974 433 2022 482 μὴ
2041 437 2140 472 τοῦτο
2166 434 2301 479 ἤθελεν,
2331 433 2400 470 οὔδ’

1386 490 1425 527 ἂν
1444 491 1740 544 ἐμακροθύμησεν.
1753 491 1898 538 Ἐπειδὴ
1917 491 1952 530 δὲ
1970 494 2030 531 οὒκ
2046 493 2213 540 ἠθέλησεν
2229 495 2277 536 εἰς
2297 493 2399 544 μετοί-

1384 565 1478 588 νοιαν
1509 554 1551 602 τῇ
1593 552 1814 605 μακροθυμίᾳ
1841 552 2058 605 χρήσασθαι,
2095 553 2173 591 ἀλλ’
2208 553 2398 605 ἀπήρτισεν

1385 611 1505 648 ἑαυτὸν
1523 614 1570 655 εἰς
1586 612 1704 664 ὀργὴν,
1721 612 1897 664 ἐχρήσατο
1913 615 2006 664 αὐτῷ
2022 615 2069 656 εἷς
2084 613 2145 660 τὴν
2165 614 2292 666 ἑτέρων
2311 614 2400 665 διόρ-

1384 674 1486 709 θωσιν
1504 672 1560 710 διὰ
1575 675 1636 718 τῆς
1653 674 1699 716 εἷς
1713 675 1841 711 ἐκεῖνον
1862 673 2035 717 κολάσεως
2055 674 2189 727 ἑτέρους
2210 675 2397 712 σπουδαιο-

1382 732 1498 783 τέρους
1516 735 1637 779 ποιῶν,
1657 733 1715 771 καὶ
1735 733 1797 779 τὴν
1828 733 1972 784 δύναμιν
1997 736 2099 773 αὐτοῦ
2126 735 2235 787 ταύτῃ
2255 735 2398 779 δεικνύς,

1382 792 1466 831 αΟτι
1486 793 1553 846 γὰρ
1579 796 1616 832 οὗ
1637 793 1799 845 βούλεται
1819 797 1836 831 ὁ
1856 795 1944 837 Θεὸς
1969 794 2073 837 οὕτως
2104 798 2206 833 αὐτοῦ
2234 795 2397 847 γνωρίζε-

1383 856 1462 892 σθαι
1480 855 1520 892 τὸ
1541 854 1694 901 δυνατὸν,
1708 856 1783 893 ἀλλ’
1807 855 1932 905 ἑτέρως
1949 855 1992 903 δι’
2012 849 2059 893 ὧν
2075 857 2265 907 εὐεργετεῖ,
2288 857 2329 893 δι’
2351 851 2397 893 &iv

1384 907 1421 951 εὖ
1435 921 1547 961 ποιεῖ,
1563 915 1623 953 καὶ
1643 919 1743 953 τοῦτο
1763 915 1820 953 διὰ
1838 915 1977 953 πάντων
2002 916 2174 962 ἐδήλωσεν
2193 918 2333 955 ἄνωθεν.
2354 919 2398 955 Εἰ

1383 975 1450 1028 γὰρ
1480 977 1620 1019 Παῦλος
1654 979 1716 1028 οὐχ
1739 976 1826 1014 οὕτω
1848 977 2006 1027 βούλεται
2029 977 2210 1029 φαίνεσθαι
2238 978 2398 1020 δυνατός·

1383 1038 1436 1074 Οὐ
1459 1035 1524 1087 γὰρ
1546 1035 1603 1073 ἵνα
1628 1039 1729 1087 ἡμεῖς
1755 1036 1890 1087 δόκιμοι
1907 1039 2082 1088 φανῶμεν,
2103 1038 2218 1091 φησὶν,
2247 1040 2323 1076 ἀλλ’
2343 1038 2401 1076 ἵνα

1381 1096 1480 1144 ὑμεῖς
1495 1095 1535 1133 τὸ
1555 1095 1659 1133 καλὸν
1682 1098 1822 1141 ποιῆτε·
1849 1097 1968 1146 πιλλῷ
1989 1097 2120 1146 μᾶλλον
2140 1100 2158 1134 ὁ
2177 1097 2275 1140 Θεός.
2307 1097 2397 1135 Ἀλλ’

1381 1155 1500 1201 ἐπειδὴ
1520 1155 1788 1206 ἐμακροθύμησε
1806 1155 1880 1206 μὲν,
1901 1155 1956 1192 ἵνα
1976 1157 2022 1198 εἰς
2043 1156 2225 1205 μετάνοιαν
2257 1157 2370 1208 ἀγάγῃ
2387 1187 2397 1199 ,

1381 1217 1418 1252 οὐ
1445 1216 1629 1265 μετενόησε
1661 1216 1696 1253 δὲ
1722 1218 1869 1261 ἐκεῖνος,
1903 1216 2046 1266 ἤνεγκεν
2077 1216 2177 1254 αὐτὸν
2206 1217 2263 1254 ἐπὶ
2289 1216 2396 1255 πολὺν

1380 1276 1516 1326 χρόνον,
1537 1280 1621 1326 ὁμοῦ
1640 1276 1701 1327 μὲν
1723 1276 1786 1322 τὴν
1803 1278 1904 1314 αὐτοῦ
1920 1276 2146 1328 χρηστότητα
2163 1277 2398 1327 ἐπιδεικνύμε·
2445 1295 2449 1298 ·

1379 1352 1454 1383 νος,
1475 1340 1560 1386 ὁμοῦ
1588 1337 1623 1375 δὲ
1654 1337 1712 1374 καὶ
1735 1336 1797 1382 τὴν
1820 1336 1977 1386 δύναμιν,
2010 1338 2039 1373 εἷ
2068 1336 2116 1386 μὴ
2153 1338 2334 1387 βουληθείη
2363 1354 2398 1376 τι

1377 1398 1539 1447 κερδᾶναι
1554 1400 1680 1439 ἐκεῖνος
1696 1396 1764 1433 ἀπὸ
1779 1400 1841 1442 τῆς
1857 1399 1989 1441 πολλῆς
2004 1397 2132 1442 ταύτης
2146 1398 2395 1450 μακροθυμίας.

1378 1456 1515 1509 εΏσπερ
1550 1452 1606 1494 οὖν
1649 1462 1766 1495 τοῦτον
1804 1457 2012 1507 ἀδιόρθωτον
2048 1457 2212 1507 μείναντα
2247 1459 2397 1502 κολάσας

1375 1517 1499 1561 ἔδειξεν
1528 1520 1629 1555 αὑτοῦ
1657 1517 1719 1563 τὴν
1740 1516 1883 1567 δύναμιν
1899 1533 1906 1539 ·
1930 1517 2019 1555 οὕτω
2041 1517 2119 1562 τοὺς
2138 1518 2250 1556 πολλὰ
2282 1520 2396 1570 ἁμαρ-

1375 1579 1545 1625 τήσαντας
1555 1579 1615 1616 καὶ
1633 1578 1913 1628 μετανοήσαντας
1927 1579 2071 1625 ἐλεήσας
2082 1611 2090 1627 ,
2107 1581 2277 1626 ἐδήλωσεν
2294 1583 2396 1619 αὐτοῦ’

1376 1639 1437 1686 τὴν
1457 1639 1731 1692 φιλανθρωπίαν.

1431 1834 1520 1873 Ἀλλ’
1542 1835 1603 1873 οὐκ
1624 1828 1699 1873 εἰπε
1718 1834 1779 1882 τὴν
1796 1834 2068 1887 φιλανθρωπίαν,
2093 1828 2183 1873 ἀλλὰ
2200 1834 2263 1882 τὴν
2278 1835 2393 1882 δόξαν,

1377 1896 1509 1939 δεικνὺς
1524 1897 1576 1934 ὅτι
1595 1899 1696 1934 τοῦτο
1716 1896 1870 1946 μάλιστα
1892 1895 1972 1939 δόξα
1991 1898 2101 1942 Θεοῦ,
2130 1895 2189 1933 καὶ
2210 1901 2309 1934 τοῦτο
2325 1898 2395 1950 πρὸ

1376 1961 1444 1996 τῶν
1469 1958 1583 1996 ἄλλων
1613 1957 1776 1995 ἁπάντων
1810 1955 2031 1995 ἐσπούδακεν.
2046 1955 2160 1995 “Ox-av
2180 1956 2215 1994 δὲ
2234 1958 2337 2008 λε’γῄ,
2352 1958 2393 1996 Ἃ

1376 2017 1634 2070 προητοίμασεν
1663 2020 1710 2061 εἷς
1742 2017 1856 2064 δόξαν,
1890 2019 1928 2055 οὐ
1959 2022 2017 2056 τοῦ
2036 2020 2128 2056 Θεοῦ
2159 2017 2198 2055 τὸ
2217 2024 2285 2055 πᾶν
2307 2012 2393 2056 εἷναί

1376 2095 1497 2132 φησιν·
1519 2080 1592 2117 ἐπεὶ
1614 2081 1642 2116 εἰ
1664 2083 1764 2117 τοῦτο
1783 2074 1836 2126 ἦν,
1857 2078 1951 2117 οὐδὲν
1969 2078 2141 2117 ἐκώλυσεν
2157 2079 2313 2124 ἅπαντας
2329 2080 2394 2117 σώ-

1376 2143 1508 2185 ζεσθαι·
1539 2139 1628 2178 ἀλλὰ
1659 2140 1764 2177 πάλιν
1797 2141 1900 2177 αὐτοῦ
1922 2138 1984 2186 τὴν
2013 2139 2209 2193 πρόγνωσιν
2230 2140 2393 2188 δείκνυσι,

1375 2201 1433 2238 καὶ
1449 2202 1487 2239 τὸ
1505 2201 1608 2251 μέσον
1625 2200 1801 2239 Ἰουδαίων
1818 2200 1878 2238 καὶ
1899 2203 2002 2239 ἐθνῶν
2019 2204 2164 2254 ἀναιρεῖ.
2194 2202 2262 2239 Καὶ
2277 2203 2314 2239 οὗ
2335 2218 2393 2252 μι-

1375 2261 1461 2312 κρὰν
1494 2261 1529 2298 δὲ
1560 2262 1619 2299 καὶ
1647 2263 1798 2299 ἐντεῦθεν
1826 2264 1875 2312 τῷ
1907 2261 1999 2313 λόγῳ
2016 2262 2268 2306 κατασκευάζει
2287 2263 2392 2300 πάλιν

1377 2322 1580 2372 ἀπολογίαν.
1625 2322 1716 2360 Οὐδὲ
1756 2321 1824 2373 γὰρ
1871 2321 1973 2371 μόνον
2015 2323 2073 2359 ἐπὶ
2117 2324 2186 2358 τῶν
2218 2322 2393 2360 Ἰουδαίων

1375 2386 1405 2420 οἱ
1444 2382 1504 2433 μὲν
1540 2381 1740 2429 ἀπώλοντο,
1772 2384 1803 2420 οἱ
1835 2381 1870 2418 δὲ
1909 2381 2101 2429 ἐσώθησαν,
2135 2382 2224 2420 ἀλλὰ
2244 2383 2303 2420 καὶ
2333 2383 2390 2421 ἐπὶ

1372 2446 1441 2480 τῶν
1487 2444 1590 2480 ἐθνῶν
1628 2446 1727 2480 τοῦτο
1771 2442 1888 2492 γέγονε
1905 2456 1913 2464 ·
1955 2441 2072 2492 διόπερ
2107 2441 2182 2478 οὐδὲ
2219 2441 2313 2493 λέγει
2346 2442 2390 2480 τὰ

1371 2503 1451 2549 ἔθνη
1472 2502 1586 2542 πάντα
1602 2533 1611 2550 ,
1635 2504 1724 2548 ἀλλ’,
1746 2502 1808 2546 Ἐξ
1829 2503 1951 2539 ἐθνῶν·
1971 2500 2046 2539 οὐδὲ
2059 2531 2068 2548 ,
2094 2501 2281 2545 Ἰουδαίους
2299 2502 2390 2540 ποίν-

1372 2580 1454 2611 τας,
1471 2563 1561 2602 ἀλλὰ
1579 2594 1587 2610 ,
1606 2562 1698 2605 Τοὺς
1716 2562 1749 2606 ἐξ
1766 2562 1955 2600 Ἰουδαίων.
1984 2560 2123 2613 ’Ὠσπερ
2141 2557 2198 2598 οὖν
2218 2565 2235 2599 ὃ
2253 2563 2389 2614 Φαραὼ

1373 2628 1493 2668 σκεῦος
1519 2626 1623 2677 ὄργῆς
1651 2624 1787 2675 γέγονεν
1817 2623 1886 2661 ἀπὸ
1915 2625 1977 2668 τῆς
2001 2622 2128 2665 οἰκείας
2147 2623 2388 2674 παρανομίας·

1373 2685 1462 2723 οὕτω
1489 2685 1547 2723 καὶ
1567 2679 1659 2722 οῧτοι
1680 2683 1785 2729 σκεύη
1806 2682 1919 2725 ἐλέους
1946 2682 2014 2720 ἀπὸ
2033 2686 2095 2729 τῆς
2112 2682 2240 2726 οἰκείας
2259 2685 2389 2735 εὐγνω-

1374 2747 1533 2798 μοσύνης.
1563 2747 1607 2783 Εἰ
1635 2745 1702 2797 γὰρ
1730 2745 1788 2782 καὶ
1812 2744 1851 2781 τὸ
1875 2743 1978 2781 πλέον
2004 2744 2077 2782 ἐστὶ
2097 2747 2156 2780 τοῦ
2185 2745 2290 2792 Θεοῦ,
2311 2745 2388 2782 ἀλλ’

1371 2808 1466 2859 ὅμως
1498 2807 1557 2844 καὶ
1587 2806 1683 2844 αὐτοί
1710 2822 1743 2843 τι
1779 2804 1900 2857 μικρὸν
1933 2804 2196 2856 εἰσηνέγκαμεν.
2232 2805 2295 2842 Διὸ
2313 2805 2388 2843 οὐδὲ

1373 2861 1448 2904 εἷπε
1464 2897 1474 2913 ,
1495 2866 1599 2913 σκεύη
1620 2865 1912 2917 κατορθωμάτων,
1932 2863 2030 2912 οὐδὲ,
2057 2864 2160 2911 σκεύη
2180 2864 2388 2916 παῤῥησίας,

1375 2929 1482 2975 ἀλλὰ,
1506 2927 1621 2972 Σκεύη
1653 2926 1765 2969 ἐλέους
1781 2956 1790 2973 ‚
1822 2924 1953 2967 δεικνὺς
1967 2954 1976 2970 ,
2011 2924 2062 2961 ὅτι
2081 2925 2120 2962 τὸ
2144 2932 2213 2962 πᾶν
2234 2927 2308 2963 ἐστι
2329 2930 2388 2963 τοῦ

1372 2992 1476 3029 Θεοῦ.
1507 2988 1575 3025 Καὶ
1600 2986 1666 3037 γὰρ
1690 2986 1748 3032 τὸ,
1774 2987 1827 3023 Οὐ
1857 2988 1916 3022 τοῦ
1944 2984 2098 3027 θέλοντος
2124 2984 2200 3021 οὐδὲ
2228 2989 2288 3022 τοῦ
2307 2985 2388 3036 τρέ-

1372 3065 1505 3102 χοντος,
1522 3049 1551 3086 εἷ
1569 3047 1628 3085 καὶ
1647 3049 1680 3084 ἐν
1700 3045 1794 3089 τάξει
1808 3044 2011 3087 ἀντιθέσεως
2027 3044 2176 3095 εἴρηται,
2197 3046 2273 3083 ἀλλ’
2294 3045 2388 3096 ὅμως

1374 3111 1433 3148 καὶ
1458 3109 1555 3160 παρὰ
1582 3111 1641 3145 τοῦ
1661 3106 1804 3144 Παύλου
1833 3106 2029 3157 λεγόμενον,
2055 3105 2216 3156 οὐδεμίαν
2240 3107 2387 3157 ἀπορὲαν

1375 3172 1480 3224 φέρει.
1498 3170 1611 3208 ΟΌταν
1631 3168 1698 3220 γὰρ
1713 3168 1793 3219 εἴτε(Ι
1807 3197 1816 3214 ,
1835 3169 1887 3205 Οὐ
1902 3170 1961 3203 τοῦ
1976 3166 2130 3209 θέλοντος
2147 3166 2223 3204 οὐδὲ
2240 3171 2299 3204 τοῦ
2316 3167 2388 3218 τρέ-

1373 3248 1515 3284 χοντος,
1535 3233 1572 3268 οὗ
1592 3229 1654 3276 τὴν
1675 3228 1826 3272 ἐξουσίαν
1845 3230 2000 3280 ἀναιρεῖ,
2023 3227 2113 3265 ἀλλὰ
2132 3226 2314 3273 δείκνυσιν,
2334 3226 2386 3264 ὅτι

1373 3297 1410 3332 οὔ
1430 3294 1469 3332 τὸ
1490 3298 1558 3329 πᾶν
1581 3293 1683 3329 αὐτοῦ
1700 3292 1805 3334 ἐστιν,
1825 3287 1914 3326 ἀλλὰ
1934 3289 2043 3325 δεῖται
2058 3290 2120 3333 τῆς
2135 3287 2264 3324 ἄνωθεν
2282 3287 2385 3339 χάρι-

1371 3369 1441 3397 τος.
1473 3355 1534 3390 Δεῖ
1564 3351 1625 3402 μὲν
1644 3349 1710 3401 γὰρ
1730 3348 1789 3386 καὶ
1815 3348 1923 3386 θέλειν
1941 3348 2000 3385 καὶ
2017 3346 2152 3399 τρέχειν
2165 3362 2172 3370 ·
2196 3348 2330 3398 θαῤῥεῖν
2351 3347 2385 3384 δὲ

1373 3414 1420 3465 μὴ
1437 3419 1507 3456 ταῖς
1525 3411 1662 3453 οἰκείοις
1680 3409 1795 3452 πόνοις
1810 3438 1819 3457 ,
1838 3407 1927 3446 ἀλλὰ
1941 3411 1982 3458 τῇ
2003 3410 2061 3444 τοῦ
2078 3409 2170 3446 Θεοῦ
2188 3408 2382 3457 φιλανθρω-
