2502 3810
154 2592 265 2621 Mallh.
288 2600 332 2620 12.

149 2631 198 2670 [μ.

375 257 465 302 520
831 270 868 298 s.
906 270 1044 299 ion]⁴
1054 271 1089 298 ιο·
1125 268 1365 298 cuiu’sosr.

374 365 416 388 ne
435 359 529 388 metu
546 349 699 386 damnat.
721 349 783 386 96.
800 349 896 385 Cum
909 351 1028 399 igitur
1048 350 1275 399 praeputium
1283 350 1317 399 jz

371 411 621 455 stificationes
637 408 729 458 legis
737 416 1012 454 serv-annonae
1028 411 1257 459 praeputium
1272 410 1353 459 ejus

371 453 747 507 in“circzczncisiorzenz
761 472 1019 506 convertetur?
1030 468 1124 508 Vide
1136 468 1222 519 quid
1229 468 1350 505 faciat:

368 543 438 567 non
458 528 563 577 dicit,
585 527 681 578 quod
699 528 915 580 praeputium
945 529 1248 567 circumcisionem
1270 529 1351 566 vin-

368 598 440 635 cat3
461 588 528 626 hoc
548 589 642 626 enim
656 588 762 627 valde
781 589 970 627 molestum
993 589 1216 627 auditoribus
1241 598 1349 636 esset3

367 647 427 685 sed
446 648 541 697 quod
560 648 778 700 praeputium
808 648 1030 687 circumcisio
1055 649 1188 686 factum
1209 648 1265 686 sit.
1300 651 1350 685 Ac

365 708 495 746 deinde
515 708 653 759 quaerit,
673 708 758 759 quid
774 709 819 747 sit
846 709 1081 758 circumcisio,
1103 709 1189 760 quid
1208 723 1348 761 praepu-

365 768 472 818 tium,
494 778 528 807 et
554 769 644 807 dicit
662 769 968 808 circumcisionem
997 785 1070 809 esse
1089 785 1177 822 opus
1195 770 1344 819 bonum,

364 838 396 866 et
413 829 630 882 praeputium
649 843 724 867 rem
747 831 879 868 malam
901 847 909 868 ε
931 840 963 869 et
990 845 1070 869 cum
1088 831 1188 883 prius
1213 831 1250 868 in
1279 831 1345 868 cir-

362 890 613 928 cumcisionem
635 900 804 929 mutasset
827 892 1082 943 praeputiatum
1103 892 1206 929 bonis
1223 892 1345 943 operi-

363 950 462 988 ribus
480 950 707 1000 instructum,
728 959 762 988 ct
781 951 1030 989 circumcisum
1047 961 1210 1004 corrupte
1223 952 1345 991 viven-
1367 959 1389 989 Β

362 1019 436 1047 tem
452 1011 488 1048 in
519 1011 736 1063 praeputium
754 1011 977 1063 impulisset:
1003 1012 1053 1050 sic
1076 1012 1265 1051 victoriam
1285 1013 1346 1051 dat

360 1072 587 1122 praeputiato.
609 1073 681 1110 Nec
703 1071 791 1110 dicit
810 1081 938 1120 tamen,
952 1074 1195 1126 'Praeputiato;
1218 1073 1279 1111 sed
1300 1075 1345 1112 ad

361 1131 475 1183 ipsam
504 1146 578 1170 rem
607 1133 746 1183 transit,
779 1133 830 1170 sic
861 1133 981 1171 dicens
1006 1150 1013 1171 :
1037 1136 1178 1172 „Nonne
1195 1149 1344 1186 proepzc-

362 1194 453 1228 tium
469 1201 572 1230 titum
588 1196 628 1230 in
642 1196 968 1232 circumcisionem
979 1204 1222 1233 convertetur
1233 1200 1250 1232 Ρ
1264 1197 1343 1233 Non

359 1251 463 1302 dicit,
484 1253 737 1305 Imputabitur,
763 1254 837 1305 sed,
862 1256 1127 1302 Convertetur,
1154 1256 1248 1306 quod
1268 1271 1343 1294 ma-

354 1312 470 1362 jorem
489 1314 686 1365 emphasim
701 1314 808 1352 habet
829 1330 836 1351 :
856 1314 946 1352 sicut
969 1329 1031 1353 nec.
1053 1316 1216 1367 superius
1230 1316 1339 1366 dixit,

357 1371 590 1411 circumcisio
606 1383 666 1412 tua
688 1375 904 1427 praeputium
919 1385 1113 1427 reputatur,
1136 1376 1196 1414 sed
1214 1379 1341 1415 Facta

357 1441 424 1471 est.
447 1434 510 1470 27.
528 1435 788 1486 Etjudicahc't
803 1437 907 1488 quod
933 1445 988 1474 est
1011 1450 1058 1473 ex
1084 1445 1227 1474 natura
1243 1452 1340 1488 prce-

352 1497 518 1544 putinm.
536 1495 666 1533 Viden’
687 1495 793 1533 illum
812 1497 884 1534 duo
912 1510 1013 1534 nosse
1032 1497 1219 1548 praeputia,
1240 1497 1338 1535 aliud

355 1567 400 1591 cx
419 1563 560 1605 natura,
592 1555 693 1593 aliud
721 1570 765 1593 ex
796 1557 1003 1595 voluntate?
1030 1557 1098 1593 Hic
1125 1571 1212 1594 vero
1232 1557 1336 1606 illud,

354 1614 449 1663 quod
464 1629 509 1653 ex
528 1624 653 1653 natura
668 1624 732 1665 est,
751 1615 850 1664 dicit,
862 1630 975 1666 neque
985 1616 1042 1653 hic
1055 1615 1208 1667 gradum
1227 1617 1334 1667 sistit,

353 1675 412 1712 sed
433 1675 534 1713 addit
554 1692 562 1712 ε
582 1677 719 1727 Legem
748 1690 1034 1724 consummans,
1058 1686 1094 1714 te
1110 1680 1175 1729 qui
1199 1693 1270 1730 per
1288 1679 1337 1716 li—

353 1744 473 1773 teram
486 1745 523 1773 et
537 1739 866 1775 circumcisionem
881 1747 1141 1789 transgressor
1155 1753 1193 1778 es
1217 1741 1311 1792 legis
1321 1745 1337 1777 P

349 1795 445 1834 Vide
463 1796 736 1834 subtilissimam
755 1798 829 1850 ejus
847 1798 1086 1850 prudentiam.
1116 1801 1196 1838 Non
1230 1800 1332 1847 dicit,

348 1856 566 1907 praeputium
592 1857 690 1908 quod
723 1871 768 1897 ex
794 1868 920 1897 natura
942 1868 1007 1910 est,
1030 1861 1336 1900 circumcisionem

343 1914 590 1966 judicaturum
607 1931 698 1967 esse3
712 1932 838 1955 verum
848 1919 911 1956 ubi
925 1919 1074 1958 victoria
1092 1930 1180 1971 erat,
1193 1935 1232 1959 eo
1246 1936 1336 1974 prae-

348 1975 488 2027 putium
506 1976 718 2027 introducit,
742 1979 805 2016 ubi
826 1992 911 2018 vero
945 1979 1116 2031 vincitur,
1150 1996 1219 2019 non
1241 1982 1335 2020 ultra

348 2035 653 2075 circumcisionem
686 2037 820 2075 victam
847 2052 921 2076 esse
939 2038 1042 2090 dicit,
1065 2041 1123 2080 sed
1143 2041 1335 2080 circumci—

349 2111 430 2134 sum
449 2097 629 2146 Judaeum,
651 2112 776 2137 cavens
788 2113 832 2137 ne
845 2100 1046 2139 auditorem
1063 2103 1240 2153 percellat.
1264 2105 1337 2142 Nec

347 2156 440 2194 dixit
458 2173 465 2192 :
483 2159 536 2195 Te
557 2158 619 2208 qui
631 2158 745 2209 legem
760 2159 869 2197 habes
885 2169 918 2197 et
931 2161 1250 2212 circumcisionem,
1275 2163 1334 2201 sed

347 2215 464 2253 adhuc
484 2217 605 2255 mitius
629 2220 700 2256 :Te
716 2221 784 2270 qui
796 2233 866 2270 per
885 2221 1042 2258 literam
1070 2231 1106 2260 et
1130 2226 1335 2261 circumci-
1357 2232 1381 2260 D

349 2279 494 2313 sionem
503 2285 764 2330 transgressor
781 2293 818 2317 es
835 2280 928 2331 legis
941 2296 956 2324 ;
971 2281 1039 2318 hoc
1055 2291 1120 2331 est,
1137 2291 1169 2319 et
1186 2283 1338 2321 circum-

350 2336 517 2374 cisionem
532 2337 716 2375 ulciscitur
741 2339 811 2376 tale
831 2340 1068 2392 praeputium3
1089 2355 1172 2379 nam
1188 2343 1251 2380 illa
1274 2344 1336 2381 lae-

350 2412 385 2436 sa
404 2408 453 2436 est
469 2415 475 2435 :
499 2409 531 2437 et
549 2400 746 2438 auxiliatur
764 2401 852 2452 legi3
869 2402 1135 2440 incommodum
1146 2404 1241 2442 enim
1257 2420 1336 2457 pas-

350 2472 386 2495 sa
408 2467 481 2508 est,-
506 2459 804 2511 splendidumque
835 2461 940 2513 erigit
960 2471 1149 2514 tropaeum.
1174 2464 1335 2503 Victoria

350 2519 442 2556 enim
456 2529 541 2557 tuuc
563 2520 748 2571 splendida
767 2531 829 2570 est,
859 2537 940 2560 cum
959 2537 1029 2562 non
1048 2524 1203 2564 aJudaeo
1217 2526 1335 2565 ,1110133-

351 2593 404 2627 us,
422 2579 483 2617 sed
502 2595 519 2617 a
535 2581 749 2632 praeputiato
773 2581 947 2632 vincitur3
966 2593 1006 2621 ut
1029 2598 1111 2622 cum
1146 2585 1196 2623 ait
1218 2602 1226 2623 :
1255 2589 1337 2625 Viri

349 2641 535 2678 Ninivitae
547 2650 716 2693 surgent,
740 2650 776 2680 et
789 2644 1102 2682 condemnabunt
1113 2650 1333 2697 generatio-

351 2715 436 2738 nem
452 2703 566 2740 hanc.
602 2703 726 2753 Itaque
748 2717 817 2741 non
854 2705 968 2756 legem
999 2705 1188 2745 inhonorat
1198 2723 1210 2757 3
1234 2708 1334 2746 illam

348 2762 445 2799 enim
469 2776 683 2815 magnopere
703 2773 890 2802 veneratur
912 2780 919 2801 :
939 2765 1000 2803 sed
1022 2780 1118 2816 eum,
1140 2768 1201 2818 qui
1220 2768 1333 2819 legem

347 2824 564 2861 contumelia
597 2825 719 2864 afficit.
759 2826 898 2864 Deinde
927 2836 1116 2879 postquam
1140 2829 1214 2868 haec
1244 2831 1335 2869 clare

345 2885 530 2935 probavit,
547 2885 697 2923 fidenter
716 2886 842 2925 definit
858 2888 946 2938 quid
967 2889 1012 2926 sit
1030 2889 1198 2936 Judaeus;
1219 2900 1334 2930 osten-

347 2944 472 2995 ditque
495 2959 564 2983 non
583 2959 618 2983 se
647 2946 812 2985 Judaeum
839 2961 902 2985 nec
933 2948 1247 3000 circumcisionem,
1271 2953 1334 2991 sed
1355 2956 1379 2985 E

345 3019 415 3044 non
432 3008 452 3046 J
458 3007 599 3045 udaeum
618 3017 651 3045 et
663 3008 953 3048 incircumcisum
973 3011 1108 3062 ejicere.
1123 3015 1174 3050 Ae
1190 3014 1332 3053 videtur

344 3066 594 3116 quidemillam
605 3068 802 3118 defendere,
813 3069 873 3107 sed
880 3071 954 3121 ejus
965 3070 1258 3111 existimationem
1266 3076 1332 3113 sol-

342 3127 406 3174 vit,
418 3141 436 3165 a
447 3127 494 3164 rei
506 3137 632 3166 eventu
646 3129 823 3166 calculum
836 3130 962 3168 ferens.
981 3132 1145 3170 Ostendit
1153 3133 1247 3171 enim
1262 3149 1331 3173 non

342 3187 447 3225 modo
469 3188 608 3225 nullum
618 3202 690 3226 esse
705 3189 894 3228 discrimen
906 3190 996 3229 inter
1013 3193 1031 3231 J
1037 3192 1182 3231 udaeum
1196 3203 1229 3232 et
1242 3209 1332 3247 prae-

383 3305 396 3320 3
419 3297 511 3328 Unus
526 3309 810 3342 μετατραπήςεται,
830 3308 862 3333 et
878 3302 924 3333 sic
943 3301 1026 3333 infra
1043 3301 1172 3343 legitur.
1190 3305 1229 3335 In
1247 3302 1338 3336 Edit.

336 3347 548 3386 epistolarum
560 3350 650 3381 Pauli
663 3350 802 3383 babetur
813 3356 1026 3394 λογισθήσεται.
1043 3353 1117 3397 [Sic
1130 3355 1168 3386 A.
1187 3362 1219 3387 et
1235 3365 1338 3397 marg.

335 3398 429 3438 Sav.]

1320 362 1350 384 ι,
1364 346 1410 371 176
1433 350 1444 362 e

1375 382 1401 410 A

1406 268 1592 297 AttcmEP
1602 287 1610 296 .
1649 269 2001 300 CONSTANTINOP-

1426 364 1447 393 η
1466 346 1675 398 ἀκροέυστία
1698 349 1800 385 αὐτοῦ
1821 351 1866 391 εἷς
1884 349 2076 401 περιτομὴν
2096 349 2439 402 Ωπεριτραπῆσεταη

1425 406 1520 459 εὈροι
1537 406 1570 444 τί
1587 413 1698 445 ποιεῖ·
1725 409 1761 444 οὔ
1782 407 1894 458 λέγει,
1911 409 1963 446 ὅτι
1979 414 2000 456 ἦ
2017 408 2230 460 ἀκροὲυστία
2246 409 2308 456 τὴν
2335 426 2439 462 περι-

1423 467 1534 517 τομὴν
1555 474 1652 519 νικᾷ·
1670 471 1770 504 τοῦτο
1799 467 1865 518 γὰρ
1895 469 2024 519 σφόδρα
2043 464 2084 515 ἦν
2100 468 2249 520 ἐπαχθὲς
2272 475 2342 511 τοῖς
2360 469 2437 506 τότε

1827 525 1872 573 br,
1892 528 2102 579 ἀκροὸυστία
2118 528 2289 581 περιτομὴ
2307 528 2436 580 γέγονε.

1423 526 1620 564 ἀκούουσιν·
1653 528 1729 565 ἀλλ’
1761 527 1813 564 ὅτι

1422 587 1491 625 Καὶ
1507 590 1600 635 ζητεῖ
1609 588 1728 626 λοιπὸν
1744 588 1776 625 τί
1795 591 1868 626 ἐστι
1883 588 2072 640 περιτομὴ,
2087 590 2144 627 καὶ
2159 589 2192 627 τί
2213 590 2436 641 ἀκροιῗυστία·

1421 648 1479 685 καὶ
1500 649 1615 699 λέγει,
1647 648 1699 686 ὅτι
1719 648 1889 701 περιτομὴ
1909 649 2030 699 πρᾶξίς
2061 652 2151 687 ἐστιν
2183 651 2315 702 ἀγαθὴ,
2336 650 2394 688 καὶ
2413 653 2434 696 ἠ

1418 710 1630 761 ἀκροέυστία
1648 709 1771 760 πρᾶξις
1790 710 1939 761 πονηρά·
1955 709 2014 747 καὶ
2028 710 2191 763 πρότερον
2216 712 2436 760 μεταστήσας

1417 769 1462 811 εἷς
1482 768 1545 815 τὴν
1564 768 1755 821 περιτομὴν
1772 768 1828 806 τὸν
1850 769 2061 820 ἀκρόέυστον
2077 769 2134 807 τὸν
2154 771 2293 822 πράξεις
2311 771 2436 822 ἔχοντα

1415 830 1591 881 χρηστὰς,
1619 829 1679 867 καὶ
1705 830 1761 868 τὸν
1793 830 2024 882 ἕμττερίτομον
2049 830 2106 868 τὸν
2135 833 2169 869 ἐν
2198 831 2436 884 διεφθαρμένῳ

1417 891 1482 942 βίῳ
1502 893 1548 935 εἷς
1567 890 1629 937 τὴν
1653 891 1883 943 ἀκροὸυστίαν
1915 890 2109 937 ἐξωθήσας,
2137 890 2227 928 οὕτω
2254 892 2316 938 τὴν
2336 893 2434 938 νίκην

1417 950 1537 989 δίδωσι
1556 955 1605 1004 τῷ
1626 952 1839 1005 ἀκροέύστῳ.
1858 952 1928 990 Καὶ
1950 954 1986 990 οὐ
2008 951 2124 1003 λέγει,
2140 955 2190 1004 τῷ
2212 952 2436 1006 ἇκροὸύστῳ,

1416 1013 1491 1049 ἀλλ’
1512 1013 1569 1049 ἐπὶ
1597 1013 1636 1050 τὸ
1665 1019 1813 1064 πρᾶγμα
1843 1014 1997 1062 μέτεισιν
2027 1012 2117 1050 οὕτω
2144 1013 2254 1063 λέγων
2270 1028 2277 1035 ·
2299 1013 2392 1064 Οὐχὶ
2411 1016 2432 1059 ἡ

1415 1072 1629 1124 ἀκροὲυστία
1675 1078 1757 1111 οσου
1794 1075 1841 1116 εἷς
1873 1073 2064 1124 περιτομὴν
2107 1073 2434 1125 μετατραπήσεται;

1415 1132 1483 1170 Καὶ
1513 1133 1575 1170 οὐκ
1605 1126 1700 1178 εἷπε,
1737 1133 2002 1183 λογισθήσεται,
2036 1133 2125 1171 ἀλλὰ
2140 1163 2149 1179 ,
2183 1133 2432 1186 Τραπήσεται,

1413 1192 1497 1230 ὅπερ
1527 1192 1827 1245 ἐμφαντικώτερον
1855 1197 1918 1240 ἠν·
1948 1193 2066 1246 ὥσπερ
2092 1193 2151 1231 καὶ
2176 1194 2338 1245 ἀνωτέρω
2370 1196 2433 1231 οὐκ

1481 1231 1486 1245 l

1413 1247 1519 1301 εἶπεν,
1543 1254 1752 1305 ἦπεριτομή
1787 1270 1846 1292 σου
1879 1254 2090 1306 ἀκροέυστία
2103 1254 2296 1305 λογίζεται,
2323 1254 2431 1301 ἀλλὰ,

1412 1314 1549 1365 Γέγονε.
1570 1314 1638 1352 Καὶ
1658 1321 1765 1366 κρινεῖ
1784 1318 1805 1360 ἡ
1827 1317 1865 1352 ἐκ
1884 1315 2017 1366 φύσεως
2046 1314 2269 1365 ἀκροδυστία.
2302 1315 2430 1367 “Ορ’ᾆς,

1411 1372 1463 1410 ὅτι
1479 1373 1535 1411 δύο
1555 1368 1642 1411 οἶδεν
1660 1374 1888 1426 ἇκροὸυστίας
1900 1404 1909 1421 ,
1930 1374 1993 1420 τὴν
2014 1374 2075 1424 μὲν
2091 1377 2129 1412 ἐκ
2146 1374 2277 1426 φύσεως
2288 1405 2298 1422 ,
2315 1375 2376 1421 τὴν
2393 1375 2429 1412 δὲ

1411 1436 1449 1471 ἐκ
1464 1433 1696 1485 προαιρέσεως
1713 1450 1720 1479 ;
1743 1435 1918 1471 Ἐνταῦθα
1944 1433 2060 1484 μέντοι
2081 1433 2144 1481 τὴν
2164 1435 2204 1471 ἐκ
2223 1433 2356 1485 φύσεως
2372 1435 2431 1472 λέ-

1408 1509 1475 1544 γει,
1499 1495 1574 1531 ἀλλ’
1600 1495 1664 1544 οὐχ
1680 1493 1819 1531 ἵσταται
1839 1494 1944 1546 μέχρι
1961 1494 2095 1542 τούτου,
2111 1495 2186 1532 ἀλλ’
2206 1494 2340 1545 ἐπάγει·
2358 1495 2428 1532 Τὸν

1407 1553 1510 1603 νόμον
1531 1554 1677 1592 τελοῦσα
1700 1570 1738 1592 σε
1767 1555 1823 1592 τὸν
1850 1556 1907 1592 διὰ
1931 1555 2138 1606 γράμματος
2157 1554 2216 1592 καὶ
2237 1557 2430 1606 περιτομῆς

1407 1613 1616 1666 παραὸάτην
1635 1614 1759 1664 νόμου;
1779 1613 1876 1667 εὈροι
1895 1615 1958 1662 τὴν
1973 1614 2189 1662 λεπτοτάτην
2220 1617 2320 1653 αὐτοῦ
2343 1615 2428 1653 σύν-

1408 1688 1493 1711 εσιν.
1511 1675 1589 1712 Οὐκ
1606 1668 1712 1723 εἶπεν,
1729 1674 1782 1712 ἔτι
1797 1678 1818 1721 ἡ
1838 1678 1876 1713 ἐκ
1891 1675 2025 1726 φύσεως
2050 1674 2262 1726 ἀκροὸυστία
2281 1675 2344 1722 τὴν
2361 1691 2428 1712 πε-

1410 1734 1553 1787 ριτομὴν
1571 1741 1701 1788 κρινεῖ,
1724 1735 1814 1774 ἀλλὰ
1829 1765 1837 1781 ,
1854 1736 1934 1774 ἔνθα
1953 1735 2013 1786 μὲν
2031 1739 2052 1782 ἡ
2073 1736 2151 1783 νίκη
2169 1731 2223 1784 ἦν,
2243 1736 2305 1783 τὴν
2324 1739 2428 1784 ἀκρο-

1408 1794 1549 1832 &uatem
1568 1795 1716 1848 εἰσάγει·
1733 1796 1812 1834 ἔνθα
1830 1797 1865 1834 δὲ
1879 1799 1900 1842 ἡ
1922 1791 2012 1842 ἧττα
2031 1791 2087 1844 ἦν,
2108 1797 2222 1835 οὐκέτι
2238 1797 2300 1843 τὴν
2322 1813 2426 1848 περι-

1406 1855 1516 1905 τομὴν
1537 1856 1706 1895 δείκνυσιν
1727 1857 1945 1907 ἡττωμένην,
1973 1857 2063 1894 ἀλλὰ
2087 1857 2144 1895 τὸν
2171 1856 2277 1904 αὐτὴν
2301 1857 2425 1909 ἔχοντα

1405 1915 1584 1964 Ἰουδαῖον,
1604 1917 1802 1969 φειδόμενος
1833 1917 1890 1955 διὰ
1916 1921 1983 1955 τῶν
2008 1918 2174 1969 ῥημάτων
2207 1917 2338 1964 πλῆξαι
2367 1918 2424 1956 τὸν

1407 1977 1591 2029 ἀκροατήν.
1620 1979 1690 2016 Καὶ
1713 1981 1774 2016 οὐκ
1809 1973 1904 2025 εἷπε,
1938 1978 1975 2017 σὲ
2000 1979 2055 2016 τὸν
2082 1978 2186 2028 νόμον
2213 1978 2338 2030 ἔχοντα
2365 1979 2425 2016 καὶ

1406 2038 1610 2089 περιτομὴν,
1629 2040 1704 2077 ἀλλ’
1718 2039 1768 2077 ἔτι
1787 2038 2080 2092 ἧμερώτερον,Σὲ
2099 2040 2157 2077 τὸν
2178 2039 2234 2077 διὰ
2252 2040 2425 2091 γράμμα-

1406 2113 1462 2141 τος
1481 2098 1540 2136 καὶ
1566 2103 1757 2151 περιτομῆς
1775 2100 1983 2152 παραὸάτην
2008 2099 2129 2149 νόμου·
2161 2099 2338 2147 τουτέστι,
2365 2100 2424 2137 καὶ

1406 2159 1528 2209 ἀμύνει
1547 2163 1590 2211 τῇ
1610 2164 1782 2213 περιτομῇ
1800 2165 1822 2208 ἡ
1842 2160 1984 2206 τοιαύτη
2002 2160 2214 2211 ἀκροὸυστία
2229 2190 2239 2207 ,
2259 2160 2424 2206 ἠδίκηται

1405 2219 1492 2270 γάρ·
1513 2221 1572 2257 καὶ
1589 2223 1706 2271 βοηθεῖ
1721 2224 1770 2272 τῷ
1787 2221 1883 2273 νόμῳ
1896 2251 1905 2268 ,
1929 2221 2144 2272 ἐπηρέαστοιι
2166 2220 2232 2271 γάρ
2246 2237 2253 2244 ·
2273 2221 2333 2259 καὶ
2355 2237 2423 2258 πε-

1408 2279 1544 2330 ριφανὲς
1566 2279 1683 2325 ἵστησι
1707 2281 1885 2332 τρόπαιον.
1906 2280 1950 2317 Ἥ
1967 2280 2034 2333 γὰρ
2049 2280 2128 2325 νίκη
2149 2280 2227 2318 τότε
2247 2280 2320 2318 ἐστὶ
2333 2282 2425 2330 λαμ-

1405 2339 1494 2389 πρὰ,
1528 2338 1608 2376 ὅταν
1645 2339 1692 2388 μὴ
1726 2339 1823 2390 παρὰ
1858 2340 2023 2377 Ἰουδαίου
2071 2343 2088 2377 ὃ
2113 2340 2297 2385 Ἰουδαῖος,
2335 2340 2424 2378 ἀλλὰ

1404 2398 1500 2448 παρὰ
1530 2399 1744 2449 ἀκροὸύστου
1764 2399 1924 2451 κρίνηται
1939 2416 1946 2423 ·
1973 2399 2091 2450 ὥσπερ
2116 2399 2198 2438 ὅταν
2220 2400 2325 2451 λέγῃ,
2347 2400 2426 2437 Ἄν-

1406 2460 1480 2511 δρες
1503 2460 1679 2496 Νινευῖται
1711 2459 1971 2511 ἐγερθήσονται,
1997 2460 2056 2497 καὶ
2087 2465 2334 2512 κατακρινοῦσι
2361 2461 2422 2508 τὴν

1405 2518 1524 2570 γενεὰν
1546 2520 1686 2566 ταύτην.
1712 2522 1847 2558 Οὐκοῦν
1868 2523 1905 2558 οὐ
1923 2520 1979 2558 τὸν
2003 2520 2105 2571 νόμον
2126 2522 2286 2571 ἀτιμάζει
2302 2538 2309 2545 ·
2336 2522 2424 2574 σφό-

1406 2581 1469 2633 δρα
1490 2581 1556 2631 γὰρ
1577 2581 1676 2619 αὐτὸν
1693 2583 1861 2619 αἰδεῖται·
1885 2582 1975 2620 ἀλλὰ
1994 2582 2050 2620 τὸν
2072 2583 2118 2624 εἷς
2130 2583 2187 2620 τὸν
2202 2583 2306 2634 νόμον
2329 2583 2423 2636 ὑδρί-

1406 2643 1517 2684 ζοντα.
1538 2636 1627 2679 Εἶτα
1645 2642 1700 2680 ὅτε
1720 2642 1956 2680 κατεσκεύασε
1981 2647 2090 2680 ταῦτα
2117 2646 2235 2694 σαφῶς
2249 2673 2258 2691 ,
2287 2645 2422 2695 θαῤῥῶν

1404 2701 1522 2739 λοιπὸν
1538 2702 1687 2755 ὁρίζεται
1712 2702 1746 2740 τί
1765 2703 1850 2741 ποτέ
1869 2704 1960 2740 ἔστιν
1975 2705 1992 2740 ὁ
2009 2702 2193 2750 Ἰουδαῖος,
2213 2703 2271 2741 καὶ
2291 2704 2424 2741 δείκνυ-

1406 2777 1472 2807 σιν,
1488 2762 1540 2799 ὅτι
1560 2763 1636 2814 οὐχὶ
1662 2762 1719 2800 τὸν
1737 2763 1902 2801 Ἰουδαῖον
1923 2762 1996 2801 οὐδὲ
2018 2762 2081 2808 τὴν
2103 2763 2310 2814 περιτομὴν,
2332 2765 2422 2802 ἀλλὰ

1404 2821 1462 2859 τὸν
1479 2823 1556 2874 οὐχὶ
1572 2823 1736 2861 Ἰουδαῖον
1755 2824 1813 2861 καὶ
1829 2824 1886 2861 τὸν
1905 2823 2139 2873 ἀπερίτμητον
2150 2823 2334 2861 -ἐκὸάλλει,
2352 2825 2422 2862 Καὶ

1405 2884 1497 2921 δοκεῖ
1514 2884 1575 2933 μὲν
1597 2884 1737 2934 ἀμύνειν
1756 2887 1861 2935 αὐτῇ,
1887 2883 2053 2921 καταλύει
2073 2884 2108 2921 δὲ
2129 2885 2235 2930 αὐτ-ἧς
2254 2885 2315 2931 τὴν
2335 2885 2422 2922 ὑπό-

1404 2945 1522 2995 ληψιν,
1539 2944 1608 2982 ἀπὸ
1626 2948 1685 2981 τοῦ
1713 2944 1960 2993 συμὸαίνοντος
1988 2943 2076 2995 ἔχων
2102 2942 2162 2986 τὰς
2181 2944 2326 2996 ψήφους.
2344 2945 2422 2983 Δεί-

1404 3019 1500 3042 κνυσι
1520 3004 1586 3055 γὰρ
1603 3004 1640 3041 οὖ
1659 3003 1758 3053 μόνον
1772 3003 1867 3042 οὐδὲν
1888 3003 1991 3054 μέσον
2007 3003 2176 3042 Ἰουδαίου
2196 3005 2255 3042 καὶ
2274 3005 2421 3057 ἀκροὸυ-

1404 3080 1485 3102 στου
1499 3093 1508 3111 ,
1527 3063 1615 3102 ἀλλὰ
1642 3064 1700 3102 καὶ
1721 3063 1890 3115 ἀνώτερον
1911 3065 1992 3102 ὄντα
2022 3066 2079 3103 τὸν
2107 3065 2331 3116 ἀκρόὸυστον,
2361 3065 2419 3104 ἐὰν

1403 3132 1516 3181 ἑαυτῷ
1535 3129 1710 3180 προσέχῃ,
1736 3129 1794 3166 καὶ
1819 3135 1936 3168 τοῦτον
1967 3131 2047 3169 ὄντα
2076 3132 2228 3184 ἀκριὸὦς
2247 3133 2304 3170 τὸν
2328 3132 2420 3170 Ἴου-

1405 3197 1519 3234 δαῖον·
1543 3195 1594 3232 διό
1619 3210 1721 3246 φησι·
1753 3197 1805 3233 Οὐ
1835 3195 1902 3247 γὰρ
1921 3200 1938 3234 ὃ
1954 3198 1988 3234 ἐν
2009 3200 2058 3250 τῷ
2086 3201 2220 3250 φανερῷ
2254 3198 2420 3242 Ἰουδαῖός

1452 3304 1468 3327 ¹³
1492 3304 1548 3345 [A.
1565 3309 1583 3342 ἡ
1599 3312 1747 3348 περιτομή
1764 3309 1957 3350 ἀκροέυστὶα.
1971 3305 2065 3338 Idem
2083 3306 2294 3350 sequentibus
2311 3304 2417 3339 tribus

1406 3354 1623 3387 substantivis
1637 3354 1775 3398 praefigit
1791 3355 1981 3389 articulum.
1996 3358 2008 3399 ]

1451 3416 1463 3429 ε
1488 3404 1548 3449 [Α.
1567 3413 1599 3437 et
1617 3417 1718 3448 marg.
1738 3406 1812 3440 sav.
1833 3411 1933 3446 αὑτοῦ,
1951 3415 1984 3439 ut
2003 3407 2108 3440 Editt.
2125 3407 2238 3450 Bibl.]
