2502 3810
736 251 780 281 IN
818 249 956 280 EPIST.
989 250 1047 280 AD
1083 249 1192 279 ROM.

101 335 168 371 τῶν
195 332 438 384 δυνατωτέρων
458 332 536 376 τοὺς
554 333 816 385 ἀσθενεστέρους
839 332 1111 371 καταπινόντων.

101 393 207 432 Ὥ.στε
233 394 291 431 καὶ
311 395 340 431 εἷ
361 393 408 443 μὴ
425 394 510 445 ὀργή
528 410 578 438 τις
598 394 712 432 εἵπετο
726 397 775 446 τῷ
794 394 1037 445 παρακούοντι,
1056 393 1116 431 καὶ

99 453 208 497 οὕτως
226 455 485 493 ὑποτάσσεσθαί
505 471 544 493 σε
571 458 689 508 ἐχρῆν,
712 455 768 492 ἵνα
795 454 842 505 μὴ
860 454 958 505 δόξῃς
979 453 1117 492 ἀσυνεί-

99 515 199 560 δητος
220 508 328 561 εἶναι,
357 515 416 552 καὶ
441 514 613 566 ἀγνώμων
639 514 718 566 περὶ
737 516 794 553 τὸν
814 515 1009 566 εὐεργέτην.
1048 514 1114 552 Διὰ

97 578 200 612 τοῦτο
217 574 284 626 γὰρ
306 575 365 612 καὶ
391 575 513 627 φόρους
537 579 689 622 τελεῖτε,
720 574 815 627 φησί.
851 577 942 613 Θεοῦ
961 575 1028 626 γάρ
1049 576 1115 613 εἰσι

98 635 312 686 λειτουργοὶ,
336 638 383 680 εἷς
400 641 500 674 τοῦτο
520 638 602 675 αὐτὸ
623 639 973 689 προσκαρτεροῦντες.1
1004 636 1116 687 Ἀφεὶς

100 696 207 733 εἰπεῖν
228 696 318 734 κατὰ
338 697 439 749 μέρος
454 698 515 741 τὰς
530 697 725 749 εὐεργεσίας
743 697 804 740 τὰς
820 697 888 735 ἀπὸ
902 700 970 734 τῶν
990 696 1115 748 ἀρχόν-

97 773 165 794 των
197 764 273 802 ταῖς
303 758 425 796 πόλεσι
447 758 650 808 γινομένας,
682 752 750 796 οἷον
770 757 833 805 τὴν
854 757 1023 804 εὐταξίαν,
1051 757 1114 804 τὴν

98 818 249 870 εἰρήνην,
270 818 330 861 τὰς
351 819 458 862 ἄλλας
478 819 669 867 διακονίας,
691 818 754 861 τὰς
773 818 829 856 ἐπὶ
849 821 916 855 τῶν
938 833 1115 869 στρατιω-

97 882 177 927 τῶν,
206 879 267 922 τὰς
292 880 348 918 ἐπὶ
368 882 435 917 τῶν
456 880 498 918 τὰ
518 880 617 918 κοινὰ
635 880 870 932 πραττόντων,
889 879 923 923 ἐξ
943 879 1014 921 ἑνὸς
1033 878 1114 916 τού-

96 957 155 979 του
175 941 213 978 rb
232 947 301 978 πᾶν
321 945 334 960 ⁰
347 940 528 979 δείκνυσιν.
544 940 629 978 “Ort
640 941 706 992 γὰρ
723 941 881 991 εὐεργετῇ
899 940 982 991 παρ’
998 941 1114 987 αὐτοῦ,

97 1001 204 1053 φησὶ,
228 1000 268 1039 σὺ
289 1007 493 1052 μαρτυρεῖς,
517 1001 638 1052 μισθὸν
660 1002 752 1052 αὐτῷ
779 1001 901 1037 τελῶν.
933 997 1030 1051 “Opti
1051 1014 1114 1036 σο-

96 1062 176 1114 φίαν
196 1063 255 1099 καὶ
274 1062 408 1100 σύνεσιν
430 1066 488 1099 τοῦ
512 1061 683 1112 μακαρίου
704 1060 858 1098 Παύλου.
888 1058 937 1097 ⁰0
956 1059 1022 1111 γὰρ
1041 1059 1114 1097 ἐδό-

95 1138 150 1159 κει
171 1122 331 1174 φορτικὸν
357 1116 444 1159 εἶναι
472 1122 530 1159 καὶ
560 1120 709 1172 ἐπαχθὲς
720 1116 768 1159 ’τὸ
786 1123 854 1157 τῶν
877 1119 1113 1166 ἀπαιτήσεων,

2146 235 2167 249 μ

1231 250 1386 281 nonu„
1425 251 1553 281 xxm.
2078 235 2154 296 75⁷

1185 331 1360 369 firmiores
1395 331 1658 370 devorantibus.
1682 332 1803 382 Itaque
1835 332 1896 369 etsi
1928 332 1978 370 ira
2006 332 2169 383 quaedam

1185 390 1445 430 inobedientem
1482 406 1551 430 non
1580 401 1795 442 sequeretur,
1823 401 1857 431 te
1887 401 2002 430 tamen
2040 393 2169 445 subjici

1186 461 1374 504 oporteret,
1396 462 1436 491 ut
1449 467 1492 490 ne
1506 452 1677 491 videreris
1693 453 1768 491 sine
1799 453 2008 491 conscientia
2032 468 2117 501 esse,
2137 463 2170 491 et

1185 511 1344 563 ingratus
1365 527 1447 564 erga
1463 514 1732 553 benefactorem.
1754 517 1794 553 6.
1809 516 1902 552 Ideo
1928 518 2029 552 enim
2049 523 2085 552 et
2101 518 2170 552 tri-

1186 575 1277 610 buta
1293 575 1455 623 solvitis,
1471 574 1597 624 inquit.
1613 576 1690 611 Dei
1705 578 1807 613 enim
1824 579 1993 614 ministri
2008 585 2111 622 sunt,
2130 579 2172 613 in

1185 634 1256 669 hoc
1275 636 1398 684 ipsum
1418 636 1691 672 incumbentes.
1716 635 1867 673 Omissis
1892 635 2072 673 beneficiis
2097 636 2170 673 sin-

1185 692 1291 743 gulis,
1309 707 1385 742 quae
1403 710 1423 730 a
1436 694 1708 743 magistratibus
1725 704 1936 746 praestantur
1951 695 2168 744 civitatibus;

1184 762 1223 790 ut
1240 762 1320 790 sunt
1335 753 1450 790 bonus
1471 753 1570 802 ordo,
1593 768 1678 805 pax,
1698 755 1765 791 alia
1789 755 1999 803 ministeria,
2023 770 2170 806 quaeque

1184 813 1313 850 milites
1342 822 1514 864 spectant,
1536 828 1614 864 quae
1643 815 1845 853 communia
1872 816 2010 864 officia,
2029 830 2074 854 ex
2103 817 2170 854 1100

1185 887 1255 910 uno
1274 882 1388 911 totum
1418 874 1585 911 ostendit.
1606 874 1713 920 Quod
1732 877 1827 912 enim
1847 876 1891 913 ab
1912 877 1974 914 illo
1999 877 2169 915 beneficia

1184 933 1349 984 accipias,
1370 934 1499 984 inquit,
1521 943 1560 971 tu
1580 935 1794 984 testificaris,
1812 936 2007 974 mercedem
2021 937 2075 974 illi
2091 952 2167 989 per-

1184 994 1337 1032 solvens.
1365 994 1461 1033 Vide
1492 996 1716 1046 sapientiam,
1746 996 2046 1048 prudentiamque
2077 999 2171 1036 beati

1186 1054 1302 1091 Pauli.
1315 1054 1421 1100 Quod
1434 1055 1529 1092 enim
1546 1069 1735 1093 onerosum
1750 1056 1939 1094 videbatur
1959 1072 2031 1095 esse
2046 1068 2079 1096 et
2094 1072 2172 1109 gra-

1185 1128 1241 1162 ve,
1263 1129 1389 1167 nempe
1406 1115 1618 1162 exactiones,
1642 1116 1711 1154 hoc
1729 1126 1978 1168 argumentum
1993 1118 2077 1156 facit
2091 1119 2174 1155 illo-

1137 518 1161 548 E

93 1186 194 1220 τοῦτο
224 1183 348 1232 δεῖγμα
376 1187 527 1220 ποιεῖται
552 1185 615 1228 τῆς
641 1183 752 1219 αὐτῶν
778 1180 952 1233 προνοίας,
986 1181 1054 1219 Διὰ
1081 1180 1172 1230 τί689
1188 1189 1267 1212 rum
1288 1175 1534 1227 providentiae.
1559 1177 1632 1214 Cur
1652 1176 1760 1224 enim,
1790 1177 1920 1228 inquit,
1939 1179 2073 1216 tributa
2098 1179 2173 1230 regi

95 1242 184 1296 γὰρ,
204 1242 308 1294 φησὶ,
330 1241 453 1294 φόρους
475 1242 612 1292 δίδομεν
634 1244 794 1292 βασιλεῖ,
814 1243 893 1293 Οὐχ
917 1244 962 1284 ὡς
984 1257 1112 1295 προνο-

95 1308 201 1352 οῦντι,
226 1306 291 1356 οὐχ
306 1305 352 1347 ὡς
365 1302 609 1356 προϊσταμένῳ
631 1302 750 1354 μισθὸν
767 1303 942 1345 τελοῦντες
957 1304 1114 1353 κηδεμο-

95 1363 190 1410 νίας;
222 1364 348 1402 Καίτοι
377 1380 415 1415 γε
441 1366 502 1401 οὐκ
522 1364 561 1401 ἂν
589 1364 808 1414 ἐτελέσαμεν,
830 1366 858 1401 εἷ
881 1363 929 1414 μὴ
950 1363 982 1407 ἐξ
1004 1365 1115 1414 ἀρχῆς

95 1424 261 1474 ἔγνωμεν,
281 1423 334 1462 ὅτι
352 1424 575 1475 κερδαίνομεν
590 1427 628 1462 ἐκ
644 1428 705 1471 τῆς
721 1424 882 1469 τοιαύτης
898 1423 1112 1466 ἐπιστασίας·

96 1485 187 1523 ἀλλὰ
216 1485 273 1524 διὰ
302 1488 403 1523 τοῦτο
430 1485 557 1523 ἄνωθεν
588 1488 685 1536 κοινῇ
708 1484 830 1536 γνώμῃ
856 1485 996 1523 πάντων
1021 1483 1114 1526 ἔδοξε

94 1545 172 1590 τοὺς
192 1547 361 1597 ἄρχοντας
379 1545 564 1598 τρέφεσθαι
584 1548 664 1597 παρ’
683 1548 797 1595 ἡμῶν,
815 1544 868 1582 ὅτι
887 1547 955 1581 τῶν
978 1543 1111 1581 οἰκείων

95 1609 316 1658 ἀμελοῦντες,
335 1610 402 1645 τῶν
422 1609 544 1645 κοινῶν
558 1605 722 1652 κήδονται
737 1605 969 1657 πραγμάτιον,
992 1605 1051 1643 καὶ
1067 1607 1114 1648 εἷς

93 1673 202 1719 ταῦτα
232 1668 294 1716 τὴν
317 1668 446 1720 σχολὴν
477 1667 720 1706 ἀναλίσκουσιν
740 1666 890 1713 ἅπασαν,
915 1666 957 1703 δι’
978 1660 1026 1704 ὧν
1052 1665 1112 1704 καὶ

94 1729 137 1767 τὰ
156 1729 312 1783 ἡμέτερα
332 1729 492 1773 σώζεται.

145 1790 267 1828 Εἰπὼν
298 1790 409 1828 τοίνυν
441 1789 484 1827 τὰ
509 1788 578 1826 ἀπὸ
603 1791 670 1826 τῶν
697 1787 831 1836 ἔξωθεν,
858 1787 962 1826 πάλιν
993 1787 1049 1825 ἐπὶ
1068 1785 1112 1825 τὰ

91 1849 245 1903 πρότερα
274 1850 330 1894 τὸν
357 1851 456 1901 λόγον
478 1850 496 1868 *
513 1849 634 1900 ἐπάγει
650 1864 657 1872 ·
692 1849 749 1886 τὸν
775 1848 843 1900 γὰρ
871 1849 991 1888 πιστὸν
1022 1847 1111 1886 οὕτω

94 1911 224 1960 μᾶλλον
244 1911 360 1954 ἱκανὸς
377 1905 419 1957 ἦν
436 1910 712 1948 ἐπισπάσασθαι·
747 1909 807 1946 καὶ
828 1908 976 1946 δείκνυσι
993 1908 1111 1956 πάλιν,

92 1972 145 2008 ὅτι
165 1972 247 2022 Θεῷ
277 1976 377 2009 τοῦτο
397 1972 513 2017 δοκεῖ,
544 1970 603 2008 καὶ
635 1972 682 2013 εἷς
709 1970 793 2008 αὐτὸ
819 1968 1018 2007 κατακλείει
1047 1968 1110 2015 τὴν

93 2031 307 2081 συμὲουλὴν,
332 2031 422 2069 οὕτω
454 2031 563 2081 λέγων
582 2047 589 2054 ·
620 2033 712 2069 Θεοῦ
733 2031 799 2082 γάρ
825 2032 891 2069 εἶσι
908 2029 1110 2082 λειτουργοί.

91 2086 182 2129 Εἶτα
198 2092 257 2129 καὶ
274 2092 330 2130 τὸν
350 2092 453 2130 πόνον
472 2094 584 2129 αὐτῶν
605 2091 748 2139 δεικνὺς,
769 2092 829 2129 καὶ
845 2091 907 2138 τὴν
926 2092 1111 2128 ταλαιπω-

94 2152 168 2204 ρίαν
184 2155 293 2190 αὐτῶν
309 2152 483 2204 ἐπήγαγεν
498 2168 505 2175 ·
527 2154 588 2195 Εἰς
602 2157 700 2190 τοῦτο
713 2152 796 2190 αὐτὸ
811 2155 1111 2203 προσκαρτεροῦν-

90 2229 158 2256 τες.
181 2208 293 2257 (JK-„05
311 2213 379 2265 γὰρ
402 2216 516 2257 αὐτοῖς
534 2216 551 2251 ὃ
572 2213 665 2264 βίος,
688 2213 775 2260 αὕτη
793 2216 813 2259 ἡ
835 2211 989 2259 σπουδὴ,
1019 2211 1112 2255 ὅπως

90 2275 267 2326 ἀπολαύῃς
297 2275 445 2327 εἰρήνης.
478 2274 546 2312 Διὰ
570 2280 669 2313 τοῦτο
688 2274 747 2312 καὶ
765 2276 799 2311 ἐν
823 2273 926 2326 ἑτέρα
945 2274 1110 2324 ἐπιστολῇ

90 2337 127 2373 οὐ
145 2335 247 2385 μόνον
267 2335 545 2382 ὑποτάσσεσθαι,
568 2335 658 2373 ἀλλὰ
684 2334 742 2372 καὶ
768 2333 931 2386 εὔχεσθαι
948 2333 1034 2384 ὑπὲρ
1053 2336 1112 2371 αὖ·

89 2399 157 2434 τῶν
168 2395 315 2434 κελεύει·
331 2396 390 2433 καὶ
408 2395 538 2439 δεικνὺς
552 2398 653 2433 κάκεῖ
663 2396 702 2434 τὸ
717 2394 836 2448 κέρδος
851 2395 976 2441 κοινὸν,
1000 2399 1013 2414 ⁰
1024 2395 1110 2441 ἐπή-

85 2472 208 2507 γαγεν·
231 2456 452 2510 Ἵνα-ἤρεμον
476 2456 535 2494 καὶ
553 2456 699 2508 ἡσύχιον
719 2456 791 2507 Ι[Ᾰιίον
808 2455 995 2507 διάγωμεν.
1018 2455 1110 2493 Οὐδὲ

89 2516 157 2569 γὰρ
177 2517 298 2569 μικρόν
319 2533 352 2555 τι
371 2520 588 2555 συντελοῦσιν
610 2521 694 2567 ἡμῖν
715 2518 762 2559 εἷς
781 2516 844 2563 τὴν
861 2521 920 2554 τοῦ
941 2517 1111 2567 παρόντος

91 2578 166 2628 βίου
183 2578 411 2625 κατάστασιν,
426 2577 517 2616 ὅπλα
534 2578 720 2628 τιθέμενοι,
730 2577 809 2619 τοὺς
826 2573 1012 2627 πολεμίους
1024 2579 1110 2615 ἀπο-

88 2637 309 2690 κρουόμενοι,
328 2638 404 2682 τοὺς
434 2640 468 2675 ἐν
503 2644 579 2681 ταῖς
607 2638 731 2675 πόλεσι
759 2637 1009 2681 στασιάζοντας
1034 2653 1109 2674 κω-

86 2699 245 2746 λύοντες,
264 2698 326 2742 τὰς
347 2702 381 2737 ἐν
409 2705 496 2737 πᾶσι
524 2699 688 2750 διαφορὰς
707 2698 918 2741 διαλύοντες.
960 2697 1020 2743 Μὴ
1042 2698 1108 2749 γάρ

87 2775 147 2811 μοι
165 2764 266 2798 τοῦτο
284 2759 396 2811 εἴπῃς,
418 2759 450 2797 εἴ
464 2776 515 2803 τις
534 2761 650 2802 κακῶς
664 2764 713 2811 τῷ
730 2758 912 2810 πράγματι
925 2757 1107 2810 κέχρηται,

86 2823 162 2860 ἀλλ’
185 2823 292 2867 αὖτ’-ῆς
319 2821 424 2872 βλέπε
444 2824 505 2866 τῆς
525 2820 710 2864 διατάξεως
738 2819 800 2865 τὴν
828 2819 1029 2870 εὐκοσμίαν,
1049 2819 1108 2856 καὶ

80 2883 147 2930 τὴν
165 2882 296 2930 πολλὴν
315 2883 391 2934 ὄψει
417 2886 477 2921 τοῦ
502 2886 613 2920 ταῦτα
632 2882 666 2926 ἐξ
682 2884 793 2935 ἀρχῆς
814 2880 1109 2931 νομοθετήσαντος

83 2944 220 2995 σοφίαν.
256 2943 422 2982 Ἀπόδοτε
447 2937 503 2981 οἶν
524 2950 613 2981 πᾶσι
633 2943 695 2986 τὰς
715 2941 856 2994 ὀφειλὰς
873 2971 881 2988 ,
898 2944 947 2993 τῷ
966 2940 1024 2978 τὸν
1045 2940 1109 2992 <516-
1126 2977 1131 2980 .

87 3019 157 3054 ρον,
172 3005 230 3042 τὸν
249 3004 350 3056 φόρον
367 3020 375 3028 ·
394 3007 444 3056 τῷ
463 3004 502 3042 τὸ
521 3003 640 3051 τέλος,
659 3004 698 3041 τὸ
712 3003 829 3045 τέλος·
852 3005 901 3053 τῷ
917 3003 974 3039 τὸν
989 3001 1106 3053 φόέον,

85 3065 144 3101 τὸν
167 3065 270 3115 eadem»
284 3080 291 3088 ·
317 3067 367 3116 τῷ
392 3064 456 3110 τὴν
473 3064 592 3115 τιμὴν,
616 3064 679 3111 τὴν
700 3063 819 3115 τιμήν.
845 3062 981 3110 Μηδενὶ
998 3061 1105 3112 μηδὲν

92 3127 102 3139 7
293 3127 303 3139 ἒ
361 3125 370 3140 Χ
418 3126 426 3139 Χ
465 3127 490 3139 5*
536 3125 546 3139 Ι
653 3128 662 3140 Ἰ
745 3132 766 3139 Ν
815 3124 828 3136 γ
935 3127 956 3134 Ν
1019 3124 1028 3135 7
1061 3125 1083 3132 Ν

87 3125 252 3175 οφείλετε,
276 3141 304 3162 ει
329 3141 376 3174 μη
395 3142 434 3164 το
457 3128 628 3171 αΛληλους
645 3141 796 3176 αγαπαν.
832 3126 897 3162 Ετι
911 3140 978 3161 των
992 3139 1104 3160 αυτων
1128 3130 1152 3159 D

86 3185 217 3235 ἔχεται,
235 3187 272 3222 οὗ
289 3185 454 3236 χρήματα
475 3185 574 3236 μόνον
588 3185 735 3225 κελεύων
751 3187 864 3229 αὐτοῖς
877 3185 1001 3231 τελεῖν,
1017 3181 1107 3221 ἀλλὰ

128 3338 140 3351 c
166 3325 292 3367 [Iidem
309 3329 510 3370 ἐνὸείκνυται-]

129 3381 142 3395 '⁶
169 3380 227 3421 [A.
250 3379 415 3420 inm-uffa]

1136 1245 1162 1272 A
1188 1235 1404 1288 pendimus?
1426 1240 1549 1275 Annon
1571 1247 1611 1275 ut
1633 1238 1864 1290 providenti?
1884 1253 2000 1277 annon
2022 1249 2060 1277 ut
2080 1254 2172 1292 pra-

1187 1297 1301 1348 posito
1322 1297 1572 1336 sollicitudinis
1589 1313 1662 1336 suae
1682 1299 1878 1337 mercedem
1895 1299 2045 1338 damus?
2064 1301 2172 1351 Atqui

1186 1372 1254 1396 non
1277 1358 1526 1410 penderemus,
1548 1360 1617 1397 nisi
1640 1374 1659 1397 a
1677 1360 1853 1413 principio
1874 1361 2105 1410 novissemus,
2127 1375 2173 1399 ex

1184 1419 1247 1456 tali
1262 1421 1465 1471 principatu
1482 1420 1582 1457 nobis
1598 1420 1738 1457 lucrum
1755 1420 1918 1458 accedere
1933 1437 1941 1458 :
1956 1436 2080 1459 verum
2092 1422 2172 1459 ideo

1180 1480 1253 1530 jam
1273 1480 1358 1517 olim
1387 1494 1431 1517 ex
1465 1480 1645 1517 communi
1679 1481 1819 1519 decreto
1851 1491 2024 1519 statutum
2045 1492 2110 1527 est,
2133 1492 2173 1520 ut

1183 1540 1409 1591 magistratus
1429 1554 1448 1577 a
1466 1541 1566 1578 nobis
1584 1541 1774 1590 alerentur,
1792 1542 1874 1592 quia
1893 1541 2098 1580 domesticis
2111 1557 2172 1580 ne-

1183 1599 1304 1650 glectis
1324 1600 1440 1648 rebus,
1461 1600 1507 1638 de
1531 1601 1685 1652 publicis
1716 1601 1859 1639 solliciti
1881 1611 1977 1651 sunt,
2001 1611 2032 1640 et
2055 1603 2092 1640 in
2114 1603 2172 1641 his

1181 1661 1294 1698 otium
1310 1670 1423 1699 totum
1444 1662 1643 1714 impedunt,
1661 1676 1729 1713 quo
1747 1671 1865 1701 nostra
1884 1673 2080 1702 servantur.

1236 1778 1273 1815 5.
1292 1778 1383 1815 Cum
1402 1777 1551 1816 dixisset
1563 1792 1646 1830 ergo
1659 1793 1710 1827 ea,
1722 1792 1800 1830 quae
1815 1777 1861 1817 ad
1880 1788 2042 1818 externos
2061 1782 2171 1832 perti-

1182 1847 1278 1886 nent,
1289 1838 1336 1875 ad
1349 1838 1467 1890 priora
1481 1849 1675 1878 sermonem
1693 1849 1835 1890 revocat
1849 1856 1856 1876 :
1876 1840 1944 1878 1100
1961 1841 2055 1878 enim
2065 1841 2171 1879 modo

1180 1901 1325 1939 fidelem
1334 1902 1447 1953 magis
1462 1903 1662 1954 pertrahere
1675 1913 1812 1955 poterat
1827 1918 2036 1955 :rursusque
2057 1914 2171 1942 osten-

1180 1964 1234 2002 dit
1257 1967 1330 2002 Deo
1346 1965 1394 2002 ita
1410 1966 1562 2017 placere,
1576 1981 1646 2017 qua
1667 1967 1702 2004 in
1719 1982 1754 2005 re
1769 1967 1956 2005 consilium
1972 1983 2074 2006 suum
2088 1982 2171 2006 con-

1182 2025 1306 2075 cludit,
1328 2026 1375 2063 ita
1391 2026 1532 2065 dicens:
1551 2029 1630 2065 Dei
1645 2031 1745 2065 enim
1758 2031 1926 2066 ministri
1942 2039 2042 2068 sunt.
2060 2030 2170 2067 Dein-

1181 2085 1224 2124 de
1251 2087 1410 2125 laborem
1442 2087 1600 2139 ipsorum
1631 2088 1815 2127 ostendens
1839 2098 1944 2140 atque
1972 2090 2167 2139 miseriam,

1182 2147 1297 2194 addit,
1316 2151 1365 2185 In
1376 2150 1447 2186 hoc
1456 2151 1578 2199 ipsum
1591 2151 1868 2187 incumbentes.
1882 2150 1965 2187 Haec
1981 2151 2075 2188 enim
2090 2151 2170 2189 illo·

1182 2222 1263 2244 rum
1284 2207 1359 2246 vita
1379 2217 1442 2254 est,
1468 2208 1536 2246 hoc
1556 2208 1730 2257 studium,
1750 2219 1787 2247 ut
1808 2224 1894 2262 pace
1918 2211 2060 2248 fruaris.
2083 2210 2168 2248 Ideo

1181 2268 1218 2305 in
1235 2268 1305 2305 alia
1324 2269 1471 2319 epistola
1497 2283 1567 2306 non
1597 2270 1710 2307 solum
1733 2270 1804 2307 illis
1824 2270 1984 2309 subditos
2001 2285 2086 2318 esse,
2107 2271 2168 2309 sed

1182 2329 1287 2366 etiam
1318 2343 1380 2381 pro
1406 2329 1478 2367 illis
1503 2330 1642 2382 precari
1671 2331 1797 2383 jubet:
1822 2341 1854 2369 et
1885 2342 2073 2384 postquam
2095 2333 2168 2371 illic

1182 2405 1322 2441 quoque
1345 2391 1500 2428 ostendit
1528 2392 1669 2429 lucrum
1688 2407 1761 2430 esse
1791 2407 1990 2444 commune,
2016 2395 2167 2447 subjun-

1183 2451 1258 2502 git:
1289 2453 1339 2489 Ut
1363 2452 1563 2503 placidam
1579 2461 1617 2489 et
1643 2456 1814 2505 quietam
1845 2457 1971 2491 vitam
1995 2469 2168 2506 agamus.

1181 2512 1304 2562 Neque
1322 2511 1416 2549 enim
1437 2526 1563 2563 parum
1582 2513 1682 2550 nobis
1701 2514 1885 2550 conserunt
1915 2513 1959 2551 ad
1988 2517 2170 2566 praesentis

1180 2572 1264 2610 vitae
1283 2581 1426 2620 statum,
1449 2586 1548 2609 arma
1567 2581 1762 2621 mox-entes,
1779 2573 1896 2610 hostes
1910 2575 2169 2625 propulsantes,

1181 2632 1367 2670 seditiosos
1382 2633 1417 2669 in
1432 2632 1585 2669 urbibus
1602 2633 1817 2681 cohibentes,
1832 2633 1996 2671 subortas
2008 2635 2043 2672 in
2058 2636 2171 2673 omni-

1181 2692 1334 2730 buslites
1352 2693 1699 2731 solventes.Nemihi
1714 2693 1807 2730 enim
1816 2693 1966 2744 dixeris,
1983 2695 2081 2744 quod
2090 2696 2169 2746 quis

1181 2765 1273 2803 saepe
1286 2752 1353 2789 bac
1372 2760 1542 2803 potestate
1560 2752 1730 2789 abutatur
1741 2768 1753 2802 ;
1775 2753 1835 2790 sed
1857 2753 1969 2805 ipsius
1994 2755 2168 2792 constitu-

1180 2811 1286 2849 tionis
1306 2812 1440 2849 bonum
1459 2812 1617 2850 ordinem
1642 2814 1788 2865 respice,
1807 2823 1841 2851 et
1857 2815 2007 2852 multam
2029 2815 2169 2853 videbis

1180 2874 1269 2925 ejus,
1290 2873 1349 2924 qui
1370 2888 1389 2911 a
1409 2873 1584 2926 principio
1603 2873 1695 2911 banc
1719 2874 1831 2925 legem
1863 2876 1997 2925 statuit,
2029 2877 2168 2929 sapien-

1179 2934 1278 2973 tiam.
1296 2935 1334 2972 7.
1348 2936 1511 2973 Reddite
1529 2949 1616 2987 ergo
1636 2938 1810 2974 omnibus
1827 2937 1958 2974 debita
1973 2953 1983 2973 .-
2013 2941 2076 2975 cui
2103 2942 2167 2976 tri-

1181 2999 1336 3044 butum,
1363 2999 1569 3041 tributum;
1589 2998 1853 3048 cuivectigal,
1879 3000 2073 3050 vectigal;
2104 3003 2167 3037 cui

1180 3061 1366 3107 timorem,
1388 3060 1558 3095 timorem
1564 3073 1579 3102 ,·
1599 3060 1661 3094 cui
1676 3058 1874 3106 honorem,
1902 3060 2096 3096 honorem.
2128 3060 2164 3099 8.

1210 3120 1336 3156 'emini
1364 3119 1577 3170 quidquam
1603 3118 1788 3166 debeatis,
1826 3121 1900 3156 nisi
1930 3128 1971 3156 ut
1995 3122 2164 3159 invicem

1180 3180 1365 3232 diligatis.
1402 3177 1537 3216 Iisdem
1566 3176 1685 3215 adhuc
1715 3178 1857 3228 insistit,
1892 3193 1961 3217 non
1998 3182 2165 3232 pecunias

1132 2405 1155 2435 C

1203 3333 1216 3347 a
1241 3321 1360 3364 [Idem
1384 3329 1416 3354 et
1440 3332 1544 3365 marg.
1563 3321 1665 3356 Savil.
1685 3326 1787 3364 ἐπάγει
1808 3329 1840 3355 et
1865 3333 1942 3356 mox
1964 3326 2109 3367 διάγωμεν
2136 3330 2164 3358 ἐν

1159 3374 1273 3418 πᾶσιν-1

2188 2307 2212 2326 1.
2233 2296 2314 2325 Tim.
2338 2306 2368 2326 2·

2187 2349 2212 2369 Χ.
2236 2346 2265 2366 2.
