2466 3805
703 280 744 308 {N
781 278 896 309 ACTA
930 277 1282 308 APOSTOLORUM.
1322 278 1483 309 nomn„
1524 283 1618 313 XXI.
2094 289 2178 332 179

106 360 255 413 ψεύστην
283 354 392 403 εῗπας.
428 360 582 398 Εὔκολον
604 360 669 411 γὰρ
698 361 754 398 τὸν
776 360 875 407 ἥλιον
907 361 954 410 μὴ
979 359 1125 410 θερμαί·
1199 358 1304 406 xoris,
1315 373 1383 397 non
1402 374 1503 412 posse
1519 363 1762 402 Christianum
1775 365 1951 417 prodesse,
1966 367 2082 403 Deum
2099 380 2182 404 con-

105 438 188 467 νειν,
209 421 296 472 μηδὲ
325 421 516 472 φαίνειν,ἢ
546 422 602 459 τὸν
634 422 842 473 Χριστιανὸν
865 420 912 471 μὴ
945 420 1100 472 φωτίζειν
1117 435 1124 441 ·
1200 419 1344 457 tumelia
1376 421 1524 460 affecisti
1553 433 1587 461 ct
1619 423 1825 463 mendacem
1854 425 1994 463 dixisti.
2025 427 2182 465 Facilius

106 481 244 520 εὔκολον
278 482 317 520 τὸ
352 483 422 533 φῶς
467 475 554 518 εἶναι
583 481 726 529 σκότος,
761 482 782 528 ἢ
816 485 918 519 τοῦτο
955 479 1124 530 γενέσθαι.
1198 479 1293 517 enim
1321 490 1387 531 est,
1412 483 1520 522 solem
1542 498 1611 522 non
1634 487 1822 525 calefacere
1843 501 1907 525 nec
1925 487 2054 536 lucere,
2075 502 2182 538 quam

105 541 168 590 Μὴ
198 541 239 587 δὴ
272 541 368 592 λέγε,
399 540 452 579 ὅτι
483 541 668 579 ἀδύνατον·
691 542 856 580 ἀδύνατον
887 541 954 594 γὰρ
982 542 1126 577 τοῦναν-
1199 540 1441 580 Christianum
1460 558 1529 582 non
1561 546 1700 597 lucere;
1719 547 1860 586 facilius
1891 557 1957 598 est,
1978 548 2093 586 lucem
2111 563 2184 586 0550

104 601 175 639 τίον
201 600 285 639 ἐστί.
305 602 366 648 Μὴ
398 601 438 648 δὴ
459 601 575 655 ὕὸριζε
595 601 652 639 τὸν
673 602 775 640 Θεόν.
794 600 855 641 Ἂν
875 601 919 639 τὰ
935 603 1011 639 καθ’
1033 604 1127 650 ἡμᾶς
1197 602 1373 652 tenebras,
1394 618 1501 653 quam
1520 605 1588 643 hoc
1608 607 1698 646 fieri.
1723 609 1775 646 Ne
1799 608 1911 658 dicas,
1933 622 2007 647 rem
2027 623 2100 647 esse
2114 609 2185 646 im-

105 663 423 713 κατασκευάσωμεν
451 665 587 711 καλῶς,
614 663 753 705 πάντως
783 663 880 700 ἔσται
917 665 1048 709 ἐκεῖνα,
1068 661 1127 698 καὶ
1197 662 1404 712 possibilem
1429 680 1436 700 ε
1457 679 1539 702 nam
1564 668 1780 706 contrarium
1802 678 1853 706 est
1875 670 2109 722 impossibile.
2131 671 2185 707 Ne

105 724 225 776 ὥσπερ
244 724 386 762 φυσικόν
416 739 450 761 τι
481 730 628 776 πρᾶγμα
657 724 789 775 ἕψεται.
823 726 900 762 Οὐκ
934 722 983 759 ἔνι
1011 724 1126 760 λαθεῖν
1198 723 1316 760 Deum
1335 726 1547 763 contumelia
1566 728 1713 766 afficias.
1739 730 1779 767 Si
1809 740 1925 768 nostra
1958 741 2050 769 recte
2083 746 2184 769 com-

106 784 177 825 ωῶς
206 766 435 834 Χριστιανοῧ·
469 785 529 822 οὐκ
559 784 608 822 ἔνι
640 783 810 835 κρυὲἧναι
835 783 1006 832 λαμπάδα
1039 781 1127 820 οὕτω
1149 786 1174 815 Β
1199 796 1384 833 ponamus,
1406 785 1469 822 illa
1484 788 1628 824 omnino
1646 798 1760 838 erunt,
1772 799 1805 827 et
1819 792 1918 841 quasi
1937 806 1992 829 res
2007 793 2184 844 quaepiam

107 822 292 894 περιφανῆ.
309 844 369 891 Μὴ
389 845 430 891 δὴ
445 847 644 895 ἀμελῶμεν.
658 843 798 895 (Ὠσπερ
811 843 878 894 γὰρ
889 843 958 881 ἀπὸ
973 845 1034 888 τῆς
1050 844 1130 893 ἀρε·
1200 844 1370 880 naturalis
1392 855 1594 894 sequentur.
1616 849 1694 885 Non
1715 858 1829 900 potest
1849 850 1958 888 latere
1982 853 2048 889 lux
2077 853 2185 890 Chri-

108 906 169 949 τῆς
195 883 234 941 τὸ
249 904 368 955 κέρδος
390 905 438 947 εἷς
457 921 495 942 τε
514 908 627 955 ἡμᾶς,
647 905 695 946 εἴς
718 919 756 941 τε
775 904 854 946 τοὺς
872 901 1129 954 ὠφελουμένους
1201 903 1306 940 stiani
1325 919 1332 939 :
1351 918 1420 942 non
1439 915 1554 956 potest
1575 908 1745 946 occultari
1772 918 1845 946 tam
1864 911 2002 962 fulgida
2030 913 2181 964 lampas.

107 962 295 1000 διαὸαίνει·
316 963 423 1007 οὕτως
447 963 514 1001 ἀπὸ
538 967 601 1009 τῆς
628 962 751 1005 κακίας
774 963 879 1008 διπλῆ
901 961 1005 999 πάλιν
1023 963 1043 1005 ἡ
1066 962 1129 1006 ζη-
1201 963 1255 1000 Ne
1270 963 1390 1013 itaque
1403 965 1525 1015 ignavi
1541 967 1774 1007 simusSicut
1789 970 2186 1011 enimvirtutislucrum

109 1022 191 1072 μία,
209 1023 256 1066 εἴς
274 1039 312 1061 τε
330 1028 440 1074 ἡμᾶς,
467 1023 514 1066 εἴς
532 1039 569 1060 τε
588 1022 666 1066 τοὺς
699 1020 959 1073 βλαπτομένους
988 1019 1130 1058 διαὸαί-
1202 1030 1235 1059 ct
1254 1022 1290 1060 in
1310 1037 1373 1061 1105
1387 1034 1421 1061 et
1441 1025 1476 1062 in
1495 1039 1565 1074 eos,
1578 1027 1639 1077 qui
1655 1028 1716 1065 illa
1727 1029 1914 1080 juvantur,
1931 1032 2056 1069 transit
2070 1033 2138 1070 :sic
2154 1043 2186 1071 et

108 1099 223 1122 νουσα.
240 1083 360 1120 Ἔστω
379 1099 448 1130 τις,
468 1085 498 1120 εἰ
520 1083 654 1133 βούλει,
676 1083 813 1128 ἰδιώτης
833 1081 940 1133 μυρία
961 1080 1058 1131 παρά
1075 1096 1130 1117 τι-
1202 1095 1222 1118 a
1237 1083 1373 1121 malitia
1392 1084 1529 1137 duplex
1546 1087 1800 1127 detrimentum
1819 1099 1854 1128 et
1871 1091 1908 1128 in
1924 1105 1988 1129 nos
2006 1102 2039 1130 et
2057 1093 2093 1131 in
2113 1108 2185 1144 005,

107 1159 163 1186 νος
182 1142 300 1181 παθὼν
326 1143 436 1188 κακὰ,
458 1142 518 1180 καὶ
547 1143 665 1193 μηδεὶς
685 1145 811 1180 ἐκεῖνον
829 1139 1135 1191 ἀμυνέσθω,ἀλλὰ’
1202 1142 1265 1192 qui
1295 1143 1488 1195 laeduntur,
1518 1149 1721 1198 pertransit.
1750 1150 1805 1188 Sit
1832 1151 2024 1203 quispiam,
2055 1153 2085 1191 si
2116 1155 2186 1203 vis,

107 1202 167 1240 καὶ
186 1202 425 1254 εὐεργετείτω·
443 1202 555 1247 πόσης
582 1207 682 1240 τοῦτο
704 1201 930 1244 διδασκαλίας
954 1203 1017 1239 οὐκ
1036 1203 1132 1252 ἷσχυ·
1203 1202 1329 1254 idiota,
1350 1205 1412 1255 qui
1433 1220 1452 1243 a
1475 1208 1644 1260 quopiam
1674 1210 1859 1249 innumera
1889 1212 2046 1264 patiatur
2078 1215 2185 1265 mala,

110 1262 263 1314 ρότερον;
286 1262 403 1300 πόσων
423 1263 534 1313 λόγων
546 1294 555 1310 ,
571 1263 687 1301 πόσων
706 1262 958 1315 παραινέσεων;
975 1261 1052 1299 τίνα
1069 1264 1134 1313 οὐχ
1204 1276 1375 1314 nemoque
1392 1265 1496 1303 illum
1514 1268 1721 1320 ulciscatur,
1744 1271 1807 1309 sed
1838 1281 1872 1310 et
1899 1273 2069 1311 beneficia
2097 1289 2190 1326 prae-

109 1324 225 1362 ἱκανὸν
243 1323 366 1362 σὸέσαι
384 1324 490 1374 θυμὸν
505 1324 563 1362 καὶ
587 1324 758 1374 μαλάξαι;
780 1324 891 1361 Ταῦτ’
910 1317 967 1361 οἶν
989 1322 1132 1369 εἰδότες,
1205 1332 1269 1361 stet
1287 1340 1295 1360 ε
1314 1339 1384 1375 qua
1403 1325 1581 1378 doctrina,
1610 1330 1741 1380 quibus
1759 1333 1893 1383 verbis,
1915 1343 2003 1383 quot
2021 1335 2189 1373 admoni-

111 1383 274 1435 ἐχώμεθα
292 1387 354 1430 τῆς
373 1387 517 1436 ἀρετῆς,
541 1386 588 1428 ὡς
606 1386 668 1422 οὐκ
686 1385 758 1423 ἐνὸν
775 1383 900 1438 ἑτέρως
919 1387 1092 1430 σωθῆναι,
1108 1382 1130 1429 ἢ
1203 1385 1359 1424 tionibus
1378 1401 1448 1425 non
1469 1398 1519 1426 est
1542 1390 1610 1428 hoc
1630 1392 1789 1430 fortius?
1808 1409 1913 1444 quem
1933 1396 2091 1434 furorem
2121 1411 2190 1435 non

112 1444 202 1494 μετὰ
223 1444 352 1482 τούτων
379 1448 447 1482 τῶν
475 1445 756 1497 κατορθωμάτων
784 1444 847 1492 τὴν
868 1446 1015 1483 ἐνταῦθα
1040 1444 1130 1490 ζωὴν
1155 1448 1179 1478 C
1204 1447 1442 1500 exstinguere7
1459 1464 1529 1488 non
1551 1452 1716 1503 mitigare
1740 1454 1885 1492 valeat?
1905 1456 1989 1494 Ηὶ,36
2008 1471 2090 1508 ergo
2111 1471 2192 1496 cum

112 1504 356 1552 διανύσαντας,
379 1504 435 1542 ἵνα
461 1505 520 1543 καὶ
549 1508 618 1543 τῶν
639 1505 834 1557 μελλόντων
853 1508 990 1557 ἀγαθῶν
1014 1504 1132 1544 ἐπιτύ-
1203 1508 1369 1559 sciamus,
1402 1510 1529 1548 virtuti
1559 1511 1771 1561 haereamus‚
1802 1529 1884 1553 cum
1914 1531 1983 1555 non
2014 1519 2191 1569 possimus

110 1580 242 1616 χωμεν,
266 1566 386 1617 χάριτι
404 1565 464 1603 καὶ
481 1566 720 1618 φιλανθρωπίᾳ
733 1570 792 1604 τοῦ
804 1565 931 1617 Κυρίου
944 1569 1045 1616 ἡμῶν
1061 1566 1131 1612 Ἰη-
1202 1569 1273 1606 alio
1292 1571 1398 1608 modo
1429 1572 1579 1610 salutem
1607 1576 1787 1626 consequi,
1813 1577 1880 1614 nisi
1907 1577 1944 1615 in
1975 1578 2072 1616 hisce
2088 1580 2190 1617 bonis

112 1629 171 1664 σοῦ
191 1626 361 1677 Χριστοῦ,
383 1628 456 1676 μεθ’
476 1622 514 1664 οῧ
533 1629 583 1678 τῷ
603 1627 721 1679 Πατρὶ
741 1627 815 1676 ἅμα
838 1629 888 1678 τῷ
908 1626 995 1679 ἁγίῳ
1013 1627 1131 1664 Πνεύ-
1204 1630 1370 1681 operibus
1400 1631 1514 1669 vitam
1545 1644 1753 1685 praesentem
1781 1638 1912 1675 emensi
1941 1639 2128 1686 fuerimus,
2152 1650 2191 1677 ut

114 1701 218 1735 ματι,
233 1685 335 1732 δόξα,
351 1685 494 1737 κράτος,
510 1686 618 1737 τιμὴ,
645 1690 703 1724 νῦν
727 1687 786 1725 καὶ
805 1687 879 1735 ἀεὶ,
899 1686 959 1725 καὶ
979 1689 1026 1731 εἷς
1053 1686 1131 1731 τοὺς
1202 1692 1321 1730 futura
1351 1707 1608 1744 consequamur
1636 1697 1743 1748 bona,
1771 1699 1883 1750 gratia
1913 1708 1947 1737 et
1976 1700 2191 1753 benignitate

113 1748 239 1789 αἰῶνας
261 1750 328 1784 τῶν
350 1745 494 1785 αἰώνων.
515 1746 636 1797 Ἀμήν.
1202 1753 1348 1792 Domini
1364 1756 1477 1793 nostri
1502 1758 1585 1795 Jesu
1605 1758 1751 1807 Christi,
1768 1760 1915 1810 quicum
1935 1762 2033 1799 Patri
2055 1771 2088 1800 et
2108 1764 2190 1815 spi-

1201 1813 1286 1851 ritui
1304 1825 1423 1853 sancto
1439 1816 1564 1867 gloria,
1582 1817 1785 1870 imperium,
1803 1821 1928 1871 honor,
1945 1835 2039 1861 nunc
2053 1832 2086 1862 et
2099 1837 2189 1862 sem-

1202 1888 1278 1925 per,
1294 1884 1327 1913 et
1346 1875 1383 1913 in
1402 1877 1529 1914 saecula
1544 1879 1765 1918 saeculorum.
1787 1884 1912 1919 Amen.

1186 2011 2182 2030 Ἣ

483 2112 663 2150 ΟΜΙΛΙΑ
690 2111 757 2151 κα’.
1521 2120 1734 2161 HOMILIA
1762 2124 1866 2163 XXI.

114 2231 399 2282 Παραγενόμενος
417 2231 452 2270 δὲ
478 2236 491 2252 ³
503 2234 520 2268 ὁ
540 2233 674 2275 Σαῦλος
694 2234 741 2275 εἷς
760 2231 1012 2283 Ἰερουσαλὴμ,
1035 2235 1129 2272 ἐπει·
1203 2239 1294 2276 CAP.
1314 2239 1380 2277 IX.
1398 2254 1436 2278 v.
1454 2242 1517 2280 96.
1536 2243 1634 2280 Cum
1644 2254 1776 2283 autem
1790 2251 1961 2287 venisset
1980 2251 2132 2289 Paulas
2147 2256 2189 2289 in

166 2298 249 2342 ρᾶτο
278 2293 469 2330 κολλᾶσθαι
487 2297 557 2334 τοῖς
585 2296 776 2341 μαθηταῖς·
807 2293 867 2330 καὶ
891 2293 1018 2337 πάντες
1046 2295 1128 2346 {300—
1156 2300 1180 2329 D
1254 2300 1489 2348 Jerusalem,
1514 2306 1691 2342 tentabat
1719 2319 1759 2343 se
1770 2309 1936 2360 jungere
1953 2310 2154 2362 discipulis
2176 2329 2186 2348 .-

164 2352 286 2389 δοῦντο
313 2351 426 2398 αὐτὸν,
449 2351 497 2402 μὴ
527 2351 766 2400 πιστεύοντες,
784 2352 838 2390 ὅτι
864 2353 938 2391 ἐστὶ
959 2355 1130 2404 μαθητής.
1255 2368 1292 2398 et
1311 2375 1440 2400 omnes
1458 2365 1646 2402 timebant
1659 2380 1758 2412 eum,
1772 2382 1851 2405 non
1868 2371 2065 2409 credentes
2085 2375 2190 2424 quod

162 2412 346 2463 Βαρνᾶὅας
366 2412 401 2450 δὲ
417 2411 666 2463 ἕπῑλαὸόμενῡς
683 2413 803 2461 αὐτοῦ,
825 2413 935 2465 ἤγαγε
951 2415 1036 2467 πρὸς
1056 2415 1132 2459 τοὺς
1255 2431 1352 2460 esset
1376 2424 1601 2476 discipulus.
1624 2428 1689 2464 27.
1731 2430 1938 2469 Barnabas
1960 2441 2089 2470 autem
2115 2448 2187 2485 ap-

163 2472 373 2516 ἀποστόλῡυς
385 2502 395 2520 ‚
410 2472 470 2510 καὶ
490 2473 680 2523 διηγήσατο
702 2475 815 2517 αὐτοῖς
827 2503 837 2521 ,
851 2477 926 2518 πῶς
944 2475 979 2512 ἓν
1001 2479 1043 2527 Τῇ
1064 2477 1132 2527 ὁδῷ
1253 2485 1483 2534 prehensum
1495 2487 1606 2524 illum
1627 2488 1740 2527 duxit
1755 2491 1809 2527 ad
1826 2493 2034 2543 apostolos,
2050 2503 2084 2532 et
2101 2509 2189 2533 nar-

167 2527 235 2570 εἶδε
253 2533 310 2571 τὸν
329 2533 469 2585 Κύριον.
1256 2547 1360 2582 ravit
1382 2546 1462 2584 illis
1489 2549 1679 2598 quomodo
1703 2552 1745 2587 in
1773 2553 1844 2589 via
1865 2555 2029 2592 vidisset
2055 2556 2189 2593 Domi-

1260 2619 1364 2643 num.

168 2709 276 2754 Ἄξιον
300 2712 444 2750 ἐνταῦθα
472 2713 704 2765 διαπορῆσαι,
722 2716 797 2758 πῶς
824 2718 858 2753 ἐν
894 2715 956 2766 μὲν
984 2719 1027 2768 τῇ
1049 2718 1134 2770 πρὸς
1258 2718 1293 2753 1.
1322 2717 1407 2755 Jure
1419 2717 1479 2755 hic
1496 2717 1600 2756 dubii
1618 2733 1832 2771 quaeramus,
1852 2723 2030 2772 quomodo
2049 2725 2085 2763 in
2101 2726 2189 2779 Epi-

115 2771 277 2814 Γαλάτας
306 2772 422 2823 φησὶν,
456 2773 508 2810 ὅτι
536 2775 613 2812 Οὐκ
635 2775 788 2820 ἀπῆλθον
822 2777 868 2819 εἷς
886 2775 1133 2828 Ἱεροσόλυμα,
1205 2776 1292 2814 stola
1305 2776 1352 2814 ad
1362 2777 1509 2816 Galatas
1521 2778 1778 2818 dicatur:N0n
1792 2784 1873 2819 abii
1887 2783 2189 2834 Jerosolymam,
2208 2798 2280 2826 Gal.
2303 2806 2327 2824 1.
2344 2804 2390 2832 ¹7·

116 2833 192 2869 ἀλλ’
213 2835 259 2876 εἷς
278 2831 439 2885 Ἀραὸίαν
465 2834 525 2871 καὶ
545 2835 756 2885 Δαμασκόν·
782 2836 842 2874 καὶ
870 2837 924 2875 ὅτι
946 2837 1036 2888 μετὰ
1055 2839 1135 2892 τρία
1205 2836 1274 2874 sed
1301 2838 1343 2874 in
1369 2837 1567 2876 Arabiam
1595 2848 1632 2877 et
1659 2841 1917 2887 Damascum;
1936 2851 1973 2881 et
2001 2854 2088 2895 post
2115 2854 2191 2885 tres
2203 2846 2298 2875 —¹9·

117 2890 177 2937 ἔτη
199 2891 323 2938 ἀνέδην
338 2895 386 2936 εἷς
399 2892 626 2945 Ἱεροσόλυμα
645 2897 827 2949 ἱστορῆσαι
847 2897 994 2950 Πέτρον,
1011 2899 1069 2936 καὶ
1085 2899 1137 2937 ὅτι
1207 2910 1330 2935 annos
1356 2899 1515 2936 ascendi
1541 2899 1831 2949 Jerosolymam
1863 2904 1997 2942 videre
2012 2907 2191 2954 Petrum,-

117 2949 238 2988 οὐδένα
259 2955 327 2989 τῶν
351 2954 553 2992 ἀποστόλων
575 2949 682 2993 εἶδον·
703 2958 849 2995 ἐνταῦθα
870 2957 905 2996 δὲ
925 2959 1135 3006 τούναντίον,
1165 2965 1185 2994 F.
1208 2967 1245 2995 et
1264 2961 1453 2997 neminem
1470 2962 1731 3012 apostolorum
1750 2965 1835 3003 vidi
1856 2980 1866 3001 .·
1887 2965 1948 3003 hic
1968 2981 2054 3005 vero
2070 2978 2192 3007 contra

117 3011 171 3049 ὅτι
198 3013 383 3064 Βαρνάὸας
407 3015 536 3068 ἤγαγεν
565 3017 665 3055 αὐτὸν
691 3018 776 3070 πρὸς
794 3017 872 3063 τοὺς
907 3019 1133 3064 ἀποστόλους.
1207 3018 1361 3069 dicatur,
1378 3020 1581 3059 Barnabam
1606 3023 1724 3075 ipsum
1754 3024 1901 3063 duxisse
1927 3026 1974 3064 ad
2004 3030 2191 3080 apostolos.

116 3070 167 3108 Ἢ
187 3071 298 3109 τοίνυν
321 3075 422 3113 τοῦτό
439 3091 556 3127 φησιν,
583 3076 636 3114 ὅτι
655 3079 717 3116 οὐκ
744 3080 899 3124 ἀπῆλθον
919 3079 1009 3118 ὥστε
1027 3078 1138 3119 1ὀἰνα-
1208 3080 1278 3119 Vel
1296 3081 1364 3119 hoc
1380 3081 1491 3133 igitur
1509 3083 1589 3121 vult
1604 3084 1721 3122 dicere
1743 3100 1750 3121 :
1772 3086 1851 3123 Non
1873 3087 1957 3136 abii,
1980 3097 2020 3126 ut
2048 3089 2099 3128 ibi
2117 3105 2194 3129 ma-

119 3130 256 3169 θέσθαι·
283 3132 375 3184 λέγει
393 3135 460 3187 γὰρ
480 3138 571 3185 ἐκεῖ,
593 3137 645 3175 ὅτι
664 3138 717 3176 Οὐ
738 3139 998 3191 προσανεθέμην
1033 3141 1137 3193 σαρκὶ
1212 3156 1352 3191 11010111,
1372 3142 1423 3180 ibi
1442 3157 1596 3195 namque
1624 3145 1726 3195 dicit,
1748 3147 1838 3184 Non
1861 3148 2009 3187 adlzoesi
2030 3155 2142 3190 carni
2159 3162 2197 3192 et
2213 3159 2292 3190 [bid.
2313 3164 2322 3183 1
2349 3153 2392 3182 16-

164 3253 177 3266 a
194 3243 296 3278 Savii.
313 3251 346 3276 et
362 3256 442 3278 unus
455 3247 571 3279 Codex
594 3253 715 3292 Σαῦλος,
731 3257 764 3281 et
783 3252 830 3282 510
847 3252 879 3283 111
898 3252 984 3283 cusis
1001 3250 1126 3284 Bibliis.
1197 3253 1272 3286 mel.
1286 3255 1396 3295 Quare
1408 3255 1441 3287 id
1459 3256 1674 3298 reposuimus,
1691 3269 1892 3300 quamquam
1904 3265 2022 3300 Παῦλος
2031 3261 2144 3307 legisse
2155 3267 2203 3298 1-1-

122 3295 235 3328 Morel.
277 3307 356 3329 vero
376 3304 410 3328 et
433 3297 570 3340 quidam
599 3301 677 3332 Mss.
706 3306 841 3343 Παῦλος,
876 3309 974 3344 atque
1009 3304 1057 3335 ita
1084 3304 1128 3336 le·
1197 3305 1297 3338 detur
1314 3307 1498 3351 Erasmus]

122 3347 204 3387 gissa
226 3345 354 3379 videtur
370 3348 649 3392 Chrysostomus,
668 3353 724 3394 qui
745 3364 873 3395 semper
889 3358 1007 3392 Παῦλος
1028 3354 1129 3387 habet
1241 3358 1256 3382 b
1274 3356 1334 3389 Alii
1351 3362 1519 3391 ἀναθέσθαι.
1539 3362 1567 3391 τί
1583 3363 1639 3402 γὰρ
1656 3361 1732 3400 λέγει
1752 3370 1760 3401 3
1780 3363 1810 3393 οὐ
1827 3368 2061 3406 προσανεθέμην.

123 3399 156 3429 iu
177 3398 238 3430 hnc
261 3398 408 3431 homilia.
433 3400 563 3441 [Σαῦλος
579 3404 684 3435 nostri
698 3403 808 3438 Codd.
827 3415 957 3446 01111105,
981 3414 1012 3438 et
1029 3406 1129 3439 Com-

340 3468 434 3490 10111.
453 3469 506 3491 ix.
1976 3471 2020 3506 14
