2502 3810
150 1528 311 1565 Imperato-

128 1572 167 1595 ris
182 1580 298 1608 pompa.

124 2620 237 2647 Jsalllz.
257 2621 306 2658 τις.

123 2670 172 2699 29.

340 271 432 317 652
808 284 846 312 S.

876 283 1061 313 JOANNIS
1096 282 1335 312 CHRYSOST·
1375 281 1581 312 ARCHIEP.
1619 284 1971 317 CONSTANTINOP.

342 376 426 414 tare,
443 364 568 414 laetari,
593 372 626 400 et
657 376 702 400 ex
730 362 914 414 voluptate
946 377 1009 400 ceu
1041 362 1199 402 volucris
1227 361 1317 399 ficri.
1341 369 1366 398 D
1392 360 1490 400 έσθαι
1521 363 1709 414 χρήματα,
1737 366 1824 411 δέον,
1844 369 1875 404 εἰ
1904 367 1963 407 καὶ
1989 367 2052 415 τὴν
2080 370 2169 415 ζωὴν
2191 370 2297 418 αὗτὴν
2319 374 2405 409 ἀπο-

341 427 398 464 Tu
417 437 500 462 vero
530 431 570 459 ut
598 422 847 472 magistratum
881 422 1048 474 accipias,
1070 422 1132 473 qui
1162 421 1230 459 tibi
1256 421 1319 458 fu-

340 484 443 522 randi
461 482 657 521 occasiones
685 482 840 534 praebeat
860 485 996 532 (neque
1023 483 1117 520 enim
1128 482 1166 520 id
1179 482 1321 520 lucrum

341 545 519 597 appellare
540 543 683 593 velim),
703 552 737 580 et
755 543 938 581 facultates
973 543 1139 596 projicis,
1170 558 1190 581 a
1219 551 1322 581 caete-

342 607 390 644 ris
420 605 622 652 foeneraris,
654 613 759 654 atque
799 618 949 642 uxorem
979 604 1142 655 filiosque
1179 604 1321 656 pignori

341 667 424 704 dare
456 680 526 704 non
558 665 701 703 dubitas
715 679 843 717 :regno
862 674 982 703 autem
1004 666 1171 703 caelorum
1188 680 1320 718 propo-

340 728 418 776 sito,
434 737 540 778 atque
566 727 715 779 imperio
733 727 830 778 quod
848 727 988 764 nullum
1002 741 1236 765 successorem
1251 727 1318 765 ha-

338 788 438 837 beat,
454 803 473 826 a
493 790 568 827 Deo
586 787 811 840 praecipiente
824 817 834 837 ,
855 802 926 825 non
948 797 988 825 ut
1012 788 1186 840 angulum
1203 797 1316 836 terrae,

339 849 401 887 sed
417 858 530 887 totum
547 848 698 900 accipias
717 848 845 886 caelum
856 878 866 897 ,
878 849 1054 886 cunctaris
1067 863 1106 886 ac
1121 849 1267 900 refugis,
1285 858 1318 887 et

338 910 383 948 ad
397 911 564 962 pecunias
582 910 714 959 inhias,
736 923 800 948 nec
816 909 962 961 cogitas,
985 909 1013 947 si
1033 924 1081 947 eae
1098 919 1216 961 partes
1241 910 1318 948 caeli

337 985 424 1022 quas
455 970 618 1008 videmus
645 970 803 1023 pulcbrae
829 970 1065 1022 jucundaeque
1083 970 1167 1020 sint,
1187 980 1317 1021 quanta

336 1032 405 1070 sint
419 1033 598 1084 superiora
613 1033 700 1084 ejus,
711 1040 882 1083 quantum
897 1031 1023 1069 caelum
1033 1031 1136 1069 caeli?
1149 1031 1218 1070 Sed
1233 1033 1316 1083 quia

336 1094 512 1146 corporeis
531 1094 642 1131 oculis
664 1093 726 1131 illa
741 1093 863 1131 videre
881 1107 951 1131 non
980 1093 1075 1143 licet,
1107 1093 1316 1145 cogitatione

334 1154 497 1204 ascende,
519 1163 552 1192 et
579 1165 689 1206 supra
707 1154 775 1192 hoc
796 1153 921 1192 caelum
955 1162 1062 1202 stans,
1081 1155 1317 1206 contemplare

334 1217 452 1269 ipsum
468 1217 536 1255 hoc
554 1216 716 1269 superius
736 1217 873 1265 caelum,
890 1216 1147 1255 sublimitatem
1166 1217 1315 1256 immen-

333 1291 423 1326 sam,
441 1277 556 1315 lucem
574 1277 721 1314 horrore
746 1276 888 1328 plenam
906 1276 1128 1327 :angelorum
1146 1278 1312 1329 populos,

332 1339 625 1390 archangelorum
642 1348 751 1377 coetus
764 1339 978 1387 innumeros,
994 1339 1080 1377 alias
1093 1339 1314 1391 incorporeas

331 1399 492 1439 virtutes.
516 1402 567 1437 Ac
594 1414 718 1438 rursus
744 1413 764 1437 a
792 1399 1034 1451 superioribus
1060 1400 1133 1438 illis
1163 1400 1313 1439 descen-

330 1459 428 1509 dens,
449 1460 640 1511 imaginem
656 1474 774 1497 rerum
795 1474 872 1510 quae
893 1460 930 1497 in
949 1468 1039 1497 terra
1059 1469 1140 1497 sunt
1157 1474 1310 1511 assume,

329 1520 480 1572 depinge
493 1521 561 1559 tibi
581 1529 758 1558 terrenum
777 1521 1048 1571 Imperatorem3
1067 1520 1235 1558 nimirum
1248 1521 1313 1559 ho-

328 1581 440 1618 mines
460 1595 546 1618 auro
567 1590 720 1628 onustos,
739 1580 841 1630 bigas
860 1580 1023 1616 alborum
1043 1579 1236 1628 mulorum,
1249 1582 1312 1632 qui

327 1655 414 1678 auro
439 1650 622 1687 ornantur,
648 1654 772 1677 currus
790 1639 924 1690 lapillis
945 1639 1141 1690 decoratos,
1161 1649 1311 1681 stratum

326 1701 470 1739 niveum
489 1710 522 1738 ct
541 1699 749 1748 candidum,
768 1699 919 1738 laminas
939 1700 975 1737 in
1007 1700 1172 1739 curribus
1191 1702 1308 1753 agita—

327 1772 391 1809 tas,
412 1762 580 1800 dracones
599 1762 635 1799 in
654 1761 812 1801 vestibus
833 1761 952 1799 sericis
973 1761 1162 1811 exhibitos,
1180 1763 1310 1815 clipeos

324 1823 439 1860 aureis
459 1822 642 1860 umbilicis
672 1831 828 1871 ornatos,
862 1821 936 1859 lora
958 1836 1000 1860 ex
1022 1822 1064 1860 iis
1083 1822 1125 1861 ad
1155 1838 1311 1864 summas

324 1894 417 1923 rotas
437 1899 500 1936 per
517 1883 659 1935 lapillos
674 1882 804 1920 multos
820 1891 978 1932 extensa,
993 1896 1101 1933 equos
1120 1898 1206 1922 auro
1222 1898 1310 1923 onu-

324 1955 414 1994 stos,
432 1955 464 1984 et
490 1946 589 1982 frena
615 1958 731 1981 aurea.
752 1944 798 1981 At
819 1957 899 1980 cum
917 1943 1035 1995 ipsum
1054 1944 1310 1996 Imperatorem

323 2006 504 2055 videmus,
534 2004 622 2042 nulli
651 2004 726 2056 jam
757 2003 934 2041 dictorum
966 2003 1183 2043 attendimus
1199 2022 1206 2042 :
1225 2015 1309 2045 tunc

322 2056 384 2104 ille
398 2068 494 2105 solus
508 2079 570 2103 nos
584 2064 628 2102 ad
642 2078 678 2102 se
694 2065 878 2113 convertit,
892 2078 1071 2116 purpurea
1088 2064 1307 2118 indumenta,

322 2127 501 2176 diadema,
533 2124 714 2174 cathedra,
744 2124 872 2175 fibula,
899 2125 1020 2173 calcei,
1042 2125 1113 2164 oris
1140 2127 1309 2179 splendor

323 2201 485 2237 magnus.
508 2186 573 2223 His
604 2184 770 2222 omnibus
798 2193 961 2222 accurate
993 2185 1163 2236 collectis,
1184 2202 1308 2227 rursus

324 2247 370 2284 ad
386 2261 538 2298 superna
550 2245 798 2295 cogitationem
823 2245 929 2295 erige,
937 2254 1042 2295 atque
1056 2245 1103 2283 ad
1116 2247 1220 2285 illum
1237 2257 1307 2286 tre-

324 2307 492 2345 mendum
510 2306 619 2353 diem,
637 2319 706 2355 quo
730 2304 894 2342 Christus
913 2304 1090 2343 adveniet.
1115 2307 1194 2344 Non
1213 2309 1307 2347 enim

324 2368 426 2419 bigas
447 2367 627 2404 mulorum
646 2374 730 2403 tunc
747 2364 888 2402 videbis
906 2378 1018 2414 neque
1037 2379 1162 2404 currus
1183 2381 1307 2406 aureos

324 2445 436 2482 neque
467 2430 636 2467 dracones
668 2437 702 2465 et
729 2427 874 2479 clipeos,
897 2427 956 2465 sed
976 2442 1052 2478 quze
1073 2428 1185 2467 multo
1203 2430 1307 2482 plena

323 2500 404 2529 sunt
432 2491 580 2529 horrore
593 2520 603 2538 ,
619 2497 827 2538 tantumque
842 2496 1011 2525 terrorem
1031 2488 1241 2537 immittunt,
1268 2501 1308 2530 ut

322 2553 407 2604 ipsae
438 2541 652 2603 incorporeae
682 2549 834 2587 virtutes
860 2549 1216 2600 percellanturmam
1243 2553 1306 2601 ait,

326 2615 493 2651 Virtutes
511 2611 692 2649 melorum
713 2611 976 2647 movebuntur.
999 2609 1104 2647 Tunc
1129 2611 1308 2662 aperietur

324 2682 437 2711 totum
469 2671 609 2719 caelum,
631 2679 664 2707 et
691 2669 856 2721 apsidum
875 2668 1018 2706 illarum
1038 2679 1149 2721 portae
1169 2685 1307 2724 expan-

321 2733 450 2771 dentur
465 2748 471 2768 :
487 2729 675 2768 descendet
694 2728 898 2779 unigenitus
917 2728 985 2766 Dei
1004 2729 1133 2778 Filius,
1152 2745 1221 2770 non
1243 2733 1306 2771 vi—

322 2795 426 2846 giuti⁷
440 2806 508 2830 non
524 2801 664 2829 centum
677 2789 824 2827 hastatis
844 2790 1056 2828 satellitibus
1070 2791 1234 2843 stipatus,
1245 2794 1306 2833 sed

322 2854 491 2896 millenis,
506 2852 621 2890 dccics
635 2850 788 2889 millenis
804 2851 949 2901 angelis,
961 2852 1196 2904 archangelis,
1214 2855 1305 2893 Che-

322 2914 454 2961 rubim,
482 2911 685 2962 Seraphim,
708 2910 909 2960 caeterisque
929 2910 1148 2948 virtutibus:
1165 2913 1302 2952 omnia-

323 2990 390 3026 quc
412 2982 514 3011 erunt
538 2972 663 3009 timore
681 2980 713 3008 et
729 2980 879 3008 tremore
898 2971 1013 3022 plena,
1033 2971 1177 3024 dirupta
1196 2983 1301 3023 terra,

321 3034 526 3072 hominibus
539 3032 703 3070 omnibus
718 3031 762 3068 ab
773 3031 908 3068 Adamo
920 3045 1032 3082 usque
1042 3032 1089 3069 ad
1098 3032 1202 3071 illum
1209 3034 1303 3073 diem

320 3096 365 3133 dc
379 3105 468 3132 terra
487 3092 756 3131 ascendentibus
775 3100 809 3129 et
832 3091 957 3143 raptis,
969 3091 1045 3143 ipso
1061 3092 1202 3132 Christo
1222 3109 1303 3135 cum

321 3166 415 3193 tanta
431 3154 542 3206 gloria
561 3166 633 3190 sese
650 3152 850 3201 exhibente,
867 3161 905 3189 ut
921 3161 954 3189 et
968 3152 1053 3190 luna
1069 3162 1101 3190 et
1118 3154 1171 3192 sol
1193 3165 1226 3193 et
1244 3156 1300 3194 lu-

320 3233 398 3255 men
425 3230 526 3255 omne
544 3216 738 3254 occultetur
757 3230 775 3252 a
793 3224 890 3253 tanto
906 3215 1094 3267 splendore
1118 3216 1301 3257 illumina-

321 3279 501 3325 tquuis
518 3292 630 3315 sermo
641 3277 739 3314 illam
752 3276 1008 3315 beatitudinem
1024 3281 1299 3331 rcprtcscntabit,

363 3416 370 3423 '
398 3412 447 3444 [k.
467 3418 497 3442 ct
517 3421 617 3452 marg.
637 3410 1005 3454 5ωὶ1,χρκονςῑ>.λητα-]

1392 421 1562 462 δύσασθαι
1593 425 1680 473 ἔδει,
1725 434 1867 480 σκιρτᾷν
1908 429 1966 466 καὶ
1996 429 2207 480 ἀγάλλεσθαι
2235 431 2293 468 καὶ
2323 448 2408 470 πτε-

1395 486 1535 535 ροῦσθαι
1554 487 1597 536 τῇ
1625 488 1744 539 ηδονῇ.
1773 488 1825 526 Σὺ
1854 488 1889 526 δὲ
1907 488 1963 527 ἵνα
1993 489 2054 539 μὲν
2076 489 2188 542 ἀρχὴν
2214 491 2326 542 λοίὸῃς
2345 491 2408 538 τὴν

1392 544 1617 597 παρέχουσάν
1637 564 1690 586 σοι
1710 551 1849 587 κλοπῶν
1870 550 2026 602 ἀφορμὰς
2050 553 2103 598 (οὗ
2126 550 2193 602 γὰρ
2212 550 2252 589 ἂν
2274 551 2411 602 εἴποιμι

1392 603 1512 656 κέρδος
1532 606 1572 644 τὸ
1589 611 1741 647 τοιοῦτον
1760 608 1842 661 ἐγώ)
1853 641 1865 657 ,
1886 610 1945 648 καὶ
1970 609 2014 648 τὰ
2030 610 2111 648 ὄντα
2130 610 2330 659 ἐκὸάλλεις,
2349 611 2410 649 καὶ

1391 663 1435 702 τὰ
1467 665 1592 718 ἑτέρων
1621 669 1891 720 δανεισάμενος,
1920 673 1949 708 εἷ
1981 670 2071 717 δέοι,
2099 671 2158 709 καὶ
2177 671 2241 718 τὴν
2261 677 2409 722 γυναῖκα

1390 726 1450 763 καὶ
1479 726 1523 764 τὰ
1551 727 1657 766 τέκνα
1684 729 1871 768 ὑποθέσθαι
1891 732 1928 768 οὐ
1949 737 2145 774 κατοκνεῖς·
2165 733 2228 777 τῆς
2248 730 2283 769 δὲ
2309 734 2408 782 βασι-

1389 786 1484 830 λείας
1505 790 1573 825 τῶν
1590 789 1742 841 οὐρανῶν
1760 791 2011 843 προκειμένης,
2027 793 2089 838 τῆς
2109 791 2228 829 οὐδένα
2248 790 2407 843 διάδοχον

1389 847 1535 898 ἐχούσης
1573 850 1704 901 ἀρχῆς,
1736 850 1795 888 καὶ
1826 856 1886 889 τοῦ
1916 853 2008 890 Θεοῦ
2033 851 2228 896 κελεύοντος
2247 852 2284 889 οὗ
2305 851 2407 903 μέρος

1388 908 1515 959 γωνίας
1529 912 1574 960 γῆ
1579 926 1606 955 ς,
1623 912 1700 948 ἀλλ’
1715 911 1841 959 ὃλόκλη
1849 928 1903 964 ρον
1919 912 2038 950 λαὸεἶν
2055 913 2112 951 τὸν
2128 913 2282 965 οὐρανὸν,
2296 915 2407 956 ὀκνεῖς

1387 969 1446 1006 καὶ
1467 970 1593 1022 ἀναδύῃ
1606 999 1615 1016 ,
1639 973 1698 1010 καὶ
1717 972 1803 1023 πρὸς
1819 972 1988 1025 χρήματα
2009 973 2183 1025 κέχηνας,
2203 972 2261 1010 καὶ
2277 974 2339 1010 οὐκ
2358 975 2407 1010 ἐν·

1387 1035 1493 1078 νοεῖς,
1524 1030 1577 1068 ὅτι
1597 1033 1626 1069 εἷ
1645 1031 1689 1070 τὰ
1706 1033 1791 1084 πρὸς
1810 1037 1903 1083 ἡμᾶς
1922 1037 1981 1071 τοῦ
2001 1036 2144 1086 οὐρανοῦ
2164 1032 2294 1071 ἐκείνου
2315 1033 2405 1086 μέρη

1386 1089 1472 1128 οὕτω
1495 1093 1586 1130 καλὰ
1606 1093 1666 1130 καὶ
1684 1093 1835 1145 τερπνὰ,
1857 1094 1963 1140 ἡλίκα
1978 1094 2022 1132 τὰ
2042 1094 2112 1132 ἅνω
2124 1125 2134 1142 ,
2156 1094 2216 1132 καὶ
2234 1096 2251 1131 ὃ
2270 1097 2329 1132 τοῦ
2348 1096 2405 1132 οὖ-

1389 1156 1489 1203 ρανοῧ
1506 1153 1646 1205 οὐρανός
1660 1169 1670 1201 ;
1691 1153 1781 1191 Ἀλλ’
1800 1153 1920 1200 ἐπειδὴ
1938 1154 2023 1197 τέως
2039 1153 2199 1205 σώματος
2215 1154 2405 1206 ὀφθαλμοῖς

1386 1216 1495 1250 ταῦτα
1516 1215 1598 1252 ἰδεῖν
1619 1217 1679 1252 οὐκ
1698 1214 1772 1261 ἔνι,
1795 1215 1944 1261 ἀνοίὸηθι
1968 1217 2017 1267 τῷ
2037 1216 2218 1267 λογισμῷ,
2238 1213 2298 1252 καὶ
2318 1213 2406 1267 ὑπὲρ

1385 1272 1442 1310 τὸν
1472 1273 1614 1325 οὐρανὸν
1640 1278 1759 1312 τοῦτον
1788 1274 1894 1323 στὰς,
1914 1275 2109 1325 &veiens-{402
2134 1276 2180 1318 εἷς
2199 1275 2327 1312 ἐκεῖνον
2345 1273 2403 1312 τὸν

1385 1333 1547 1385 ἀνωτέρω
1574 1334 1694 1373 τούτου
1715 1336 1871 1388 οὐρανὸν,
1901 1337 1947 1378 εἷς
1966 1336 2006 1373 τὸ
2027 1335 2111 1386 ὕψος
2124 1335 2164 1373 τὸ
2183 1335 2337 1386 ἄπειρον,
2357 1337 2405 1378 εἷς

1383 1394 1422 1432 τὸ
1437 1397 1508 1446 φῶς
1524 1395 1563 1432 τὸ
1578 1395 1701 1446 φρίκης
1717 1396 1836 1446 γέμον,
1852 1398 1899 1439 εἷς
1912 1395 1990 1438 τοὺς
2004 1398 2072 1433 τῶν
2090 1394 2245 1446 ἀγγέλων
2261 1395 2403 1444 δήμους,

1384 1457 1431 1498 εἷς
1460 1455 1504 1493 τὰ
1537 1455 1641 1507 στίφη
1673 1459 1741 1494 τῶν
1774 1455 2001 1508 ἀρχαγγέλων
2033 1455 2078 1493 τὰ
2097 1455 2243 1508 ἄπειρα,
2276 1457 2322 1497 εἷς
2341 1454 2404 1499 τὰς

1383 1516 1490 1558 ἄλλας
1511 1516 1572 1559 τὰς
1592 1517 1797 1567 ἀσωμάτους
1817 1517 1991 1567 δυνάμεις.
2020 1516 2090 1554 Καὶ
2108 1516 2213 1554 πάλιν
2234 1515 2402 1554 ἕπιλαὸοῧ

1382 1578 1445 1622 τῆς
1460 1579 1543 1629 παρ’
1567 1579 1651 1627 ἡμῖν
1668 1577 1795 1620 εἰκόνος
1814 1577 1971 1620 καταδὰς
1990 1577 2143 1625 ἄνωθεν,
2173 1576 2231 1614 καὶ
2251 1576 2402 1628 ὑπόγρα-

1382 1639 1444 1689 ψον
1466 1636 1510 1675 τὰ
1528 1638 1608 1691 περὶ
1632 1638 1688 1676 τὸν
1719 1637 1865 1689 βασιλέα
1890 1638 1947 1676 τὸν
1968 1637 2052 1689 παρ’
2067 1641 2164 1688 ἡμῖν,
2186 1632 2254 1676 οἷον
2275 1637 2402 1691 ἄνδρας

1382 1702 1702 1750 χρυσοφοροῦντας,
1730 1698 1789 1736 καὶ
1820 1698 1922 1750 ζεύγη
1956 1701 2088 1737 λευκῶν
2107 1698 2260 1749 ἡμιόνων
2279 1700 2401 1750 χρυσῷ

1382 1759 1712 1810 καλλωπιζομένων,
1740 1759 1800 1797 καὶ
1833 1760 1998 1811 ὀχήματα
2029 1760 2308 1808 ἋΓλιθοκοᾜλητοι,
2341 1758 2401 1797 καὶ

1335 1830 1360 1859 Α
1381 1820 1567 1871 στρωμνὴν
1583 1821 1747 1872 χιονώδη,
1757 1821 1815 1858 καὶ
1829 1820 1964 1858 πέταλα
1977 1827 2047 1864 τοῖς
2059 1820 2216 1872 ὀχήμασι
2230 1819 2401 1873 περισειό-

1382 1897 1490 1931 μενα,
1521 1881 1581 1920 καὶ
1616 1881 1805 1934 δράκοντας
1833 1884 1866 1919 ἐν
1896 1882 2046 1932 ἱματίοις
2081 1881 2402 1934 σχηματιζομένους

1382 1948 1557 1994 σηρικοῖς,
1585 1943 1645 1981 καὶ
1679 1943 1827 1986 ἀσπίδας
1846 1947 1995 1994 χρυσοῦς
2024 1942 2170 1994 ἐχούσας
2198 1941 2399 1994 ὀμφαλοὺς,

1380 2004 1439 2042 καὶ
1460 2006 1665 2054 τελαμῶνας
1686 2006 1725 2042 ἐκ
1748 2003 1878 2041 τούτων
1902 2003 1988 2055 πρὸς
2003 2003 2063 2046 τὰς
2084 2003 2232 2055 ἄντυγας
2252 2002 2322 2040 ἅνω
2342 2003 2399 2041 διὰ

1380 2068 1518 2104 πολλῶν
1553 2064 1792 2116 ἐκτεινομένας
1820 2063 1938 2111 λίθων,
1975 2064 2034 2102 καὶ
2066 2064 2193 2107 ἵππους
2228 2078 2399 2115 χρυσοφο-

1381 2130 1521 2180 ροῦντας
1533 2157 1542 2175 ,
1562 2126 1622 2164 καὶ
1637 2125 1798 2178 χαλινοὺς
1816 2128 1976 2177 χρυσοῦς.
2005 2123 2096 2162 Ἀλλ’
2116 2123 2199 2162 ὅταν
2218 2124 2275 2162 τὸν
2297 2126 2400 2174 βασι-

1377 2187 1439 2224 λέα
1459 2188 1606 2237 ἴδωμεν,
1624 2186 1717 2225 οὐδὲν
1737 2186 1866 2224 τούτων
1880 2185 1999 2223 λοιπὸν
2015 2187 2149 2238 ὁρῶμεν
2166 2200 2173 2208 ·
2190 2187 2317 2228 ἐκεῖνος
2331 2184 2399 2236 γὰρ

1377 2252 1469 2298 ἡμᾶς
1489 2248 1687 2299 ἐπιστρέφει
1709 2247 1827 2297 μόνος,
1852 2246 1912 2284 καὶ
1930 2246 1974 2284 τὰ
1993 2253 2153 2298 πορφυρᾶ
2169 2245 2308 2296 ἱμάτια,
2337 2245 2399 2283 καὶ

1377 2309 1416 2346 τὸ
1445 2308 1620 2358 διάδημα,
1646 2307 1705 2345 καὶ
1729 2310 1749 2352 ἡ
1775 2308 1946 2360 κάθεδρα,
1968 2307 2027 2344 καὶ
2049 2310 2070 2352 ἠ
2091 2306 2240 2356 περόνη,
2269 2306 2328 2344 καὶ
2353 2306 2397 2343 τὰ

1378 2368 1606 2419 ὑποδήματα,
1636 2371 1656 2414 ἡ
1685 2367 1798 2414 πολλὴ
1823 2370 1884 2414 τῆς
1906 2368 2015 2418 ὅψεως
2037 2367 2246 2417 λαμπηδών.
2287 2369 2400 2405 Ταῦτ’

1377 2423 1433 2467 οὖν
1460 2429 1598 2466 ἅπαντα
1627 2427 1829 2479 συναγαγὼν
1850 2428 2003 2479 ἀκριὲὦς
2017 2457 2028 2475 ,
2053 2428 2122 2465 ἀπὸ
2141 2427 2270 2465 τούτων
2290 2428 2397 2466 πάλιν

1378 2488 1522 2540 μετάθες
1542 2488 1599 2526 ἐπὶ
1616 2487 1659 2526 τὰ
1673 2488 1743 2526 ἅνω
1758 2488 1814 2526 τὸν
1829 2488 2008 2539 λογισμὸν,
2025 2488 2084 2525 καὶ
2102 2488 2166 2534 τὴν
2182 2488 2316 2540 ἡμέραν
2332 2488 2395 2535 τὴν

1376 2548 1526 2601 φοὸερὰν
1549 2548 1696 2596 ἐκείνην,
1715 2551 1793 2586 καθ’
1813 2548 1855 2594 ἢν
1874 2551 1891 2586 ὃ
1910 2548 2060 2601 Χριστὸς
2078 2548 2318 2600 παραγίνεται.
2342 2551 2397 2588 Οὔ

1375 2609 1441 2662 γὰρ
1462 2609 1565 2660 ζεύγη
1589 2609 1744 2660 ἡμιόνων
1763 2609 1839 2661 ὄψει
1859 2609 1936 2647 τότε
1949 2639 1959 2658 ,
1990 2609 2067 2647 οὐδὲ
2086 2609 2250 2661 ὀχήματα
2268 2617 2396 2662 χρυσᾶ,

1374 2671 1450 2709 οὐδὲ
1483 2670 1673 2723 δράκοντας
1705 2671 1764 2708 καὶ
1793 2670 1962 2719 ἀσπίδας,
1994 2672 2070 2708 ἀλλ’
2103 2670 2124 2708 ἃ
2144 2673 2275 2716 πολλῆς
2294 2671 2395 2722 γέμει

1374 2731 1498 2785 φρίκης
1511 2760 1520 2778 ,
1541 2731 1600 2769 καὶ
1619 2730 1790 2778 τοσαύτην
1817 2733 1954 2782 ἐμποιεῖ
1974 2731 2037 2778 τὴν
2063 2730 2249 2780 ἔκπληξιν,
2268 2734 2314 2775 ὥς
2333 2732 2394 2770 καὶ

1375 2792 1480 2836 αὐτὰς
1510 2793 1778 2842 καταπλαγῆναι
1807 2792 1869 2835 τὰς
1900 2792 2108 2842 ἀσωμάτους
2132 2791 2314 2842 δυνάμεις·
2346 2795 2394 2831 Αἱ

1372 2853 1440 2906 γὰρ
1475 2853 1637 2903 δυνάμεις
1666 2856 1733 2890 τῶν
1755 2854 1929 2905 οὐρανῶν,
1965 2852 2073 2904 φησὶ,
2107 2853 2393 2900 σαλευθήσονται.

1373 2914 1464 2953 Τότε
1495 2913 1561 2966 γὰρ
1588 2913 1762 2964 ἀνοίγεται
1793 2919 1862 2956 πᾶς
1887 2913 2048 2964 οὐρανὸς,
2085 2913 2144 2951 καὶ
2169 2916 2238 2951 τῶν
2260 2914 2392 2966 ἀψίδων

1372 2975 1511 3013 ἐκείνων
1536 2973 1832 3012 ἀναπετάννυνται
1853 2975 1888 3009 αἱ
1918 2972 2045 3020 πύλαι,
2068 2973 2203 3011 κάτεισι
2234 2973 2271 3010 δὲ
2296 2977 2313 3012 ὃ
2332 2978 2393 3013 τοῦ

1328 3045 1351 3075 C
1374 3038 1465 3075 Θεοῦ
1488 3033 1673 3086 μονογενὴς
1693 3035 1804 3079 Παῖς,
1832 3034 1892 3070 οὐκ
1921 3032 2061 3078 εἴκοσιν,
2093 3034 2169 3071 οὐδὲ
2190 3034 2312 3072 ἑκατὸν
2333 3038 2391 3073 ἀν-

1372 3097 1518 3149 Θρώπων
1537 3093 1812 3147 δορυφορούντων
1833 3093 1947 3141 αὐτὸν,
1965 3093 2055 3131 ἀλλὰ
2069 3095 2238 3145 χιλιάδων
2255 3096 2314 3134 καὶ
2329 3112 2391 3146 μυ-

1374 3158 1498 3210 ριάδων
1530 3156 1698 3207 ἀγγέλων,
1729 3154 1974 3206 ἀρχαγγέλων,
2006 3159 2073 3193 τῶν
2096 3156 2293 3207 Χερουὸὶμ,
2321 3161 2390 3195 τῶν

1372 3218 1534 3272 Σεραφὶμ
1547 3248 1556 3266 ,
1576 3220 1643 3254 τῶν
1660 3216 1773 3254 ἄλλων
1793 3216 1983 3266 δυνάμεων,
2004 3216 2062 3253 καὶ
2080 3216 2193 3255 πάντα
2211 3217 2308 3254 ἔσται
2328 3218 2389 3269 φό-

1371 3282 1431 3320 δου
1450 3280 1507 3318 καὶ
1527 3278 1654 3331 τρόμου
1672 3275 1796 3326 μεστὰ,
1817 3279 1879 3322 τῆς
1895 3279 1956 3326 γῆς
1974 3277 2297 3327 ἀναρρηγνυμένης,
2317 3281 2386 3315 τῶν
