2502 3810
122 1758 305 1784 precationis

123 1799 305 1825 catechume-

117 1849 222 1866 norum
247 1840 306 1866 ini-

118 1882 204 1907 tium.

119 1929 211 1957 Dent.
229 1931 280 1960 32.

122 1968 168 1997 18.

117 2052 257 2080 sssalach.
273 2061 302 2081 2.

123 2101 169 2120 10,

328 250 420 296 638
763 261 799 289 s.

324 360 387 397 per
404 344 490 381 alios
520 342 744 391 loquebatur,
778 341 879 378 nobis
907 355 968 392 per
995 338 1242 392 seipsum:illi
1257 351 1303 375 ex

840 259 1023 290 JOANNIS
1059 257 1296 288 CHRYSOST.
1336 255 1543 285 ARCHIEP.
1583 255 1936 286 CONSTANTINOP-

1373 338 1542 388 ἐλάορομεν
1560 338 1620 376 καὶ
1646 339 1703 377 τὸν
1720 339 1861 390 οὐρανὸν
1882 337 2095 388 ἀναμένομεν
2112 353 2120 360 ·
2141 337 2309 381 κάκείνοις
2326 335 2387 388 μὲν

323 405 449 441 timore
470 401 638 453 supplicii
670 400 787 437 omnia
816 400 1004 446 faciebant,
1038 409 1074 437 at
1101 398 1304 451 spirituales
1325 409 1349 440 C
1373 400 1417 437 δι’
1434 399 1558 451 ἑτέρων
1575 399 1746 450 διελέγετο
1759 428 1768 445 ,
1785 402 1869 449 ἡμῖν
1888 399 1924 437 δὲ
1941 400 1982 437 δι’
1995 402 2117 437 ἑαυτοῦ
2134 415 2141 423 ·
2156 402 2309 437 κάκεῖνοι
2326 398 2389 448 μὲν

323 478 369 500 ex
396 461 570 500 desiderio
588 469 621 497 et
647 473 787 508 amore3
808 459 847 496 id
870 474 954 498 vero
973 459 1162 498 ostendunt
1179 472 1224 497 ex
1244 472 1299 503 eo,

324 521 419 573 quod
440 521 544 558 etiam
564 528 738 571 praecepta
756 528 931 570 superent.
957 519 1017 557 Illi
1036 529 1075 557 ut
1095 518 1304 557 mercenarii

325 590 358 618 et
390 579 519 630 ingrati
549 592 746 628 numquam
785 578 894 615 finem
927 578 1102 615 faciebant
1135 591 1302 615 murmu-

324 639 442 688 randi,
461 639 499 676 hi
514 647 631 675 autem
645 637 692 675 ad
706 637 968 689 beneplacitum
981 638 1114 675 Patris:
1127 637 1181 674 illi
1194 638 1301 675 bene-

323 700 414 737 ficiis
425 700 574 751 acceptis
584 699 890 750 blasphemabant,
900 712 963 736 nos
986 699 1022 735 in
1037 698 1206 750 periculis
1224 712 1303 749 gra-

323 761 390 798 tias
399 760 596 811 agimus.Si
611 760 716 797 etiam
730 769 927 811 peccatores
940 758 1110 811 puniendi
1121 758 1304 807 sint,mul-

323 830 400 858 tum
413 821 472 858 hie
479 834 616 871 quoque
628 819 817 857 discrimen
829 821 975 857 est.Non
988 820 1082 857 enim
1094 819 1305 870 1]ῖίΠίᾸᾶΡί-

323 882 412 931 dati,
425 881 596 920 combusti
601 889 652 928 ,et
666 895 685 918 a
700 880 942 918 sacerdotibus
956 880 1122 929 truncati,
1135 880 1183 917 ita
1199 889 1231 917 et
1243 893 1306 917 nos

324 940 666 989 cont-ertim111·;sed
689 940 822 977 sufficit
852 955 872 977 a
899 949 1043 992 paterna
1072 940 1150 992 ejici
1169 953 1302 986 mensa,

324 1010 356 1038 et
370 1001 416 1038 ad
426 1010 560 1038 certum
577 999 716 1037 dierum
731 1014 918 1037 numerum
933 1000 1090 1037 absentes
1108 997 1307 1050 esse.Apud

324 1062 469 1101 Judaeos
488 1061 587 1100 verbi
606 1070 743 1099 tantum
762 1061 874 1098 honos
894 1070 966 1098 erat
986 1060 1147 1112 adopti03
1165 1060 1226 1097 hic
1244 1074 1307 1096 au-

323 1131 395 1159 tem
412 1136 466 1159 res
487 1121 563 1172 ipsa
584 1121 762 1170 sequitur,
791 1121 956 1172 purgatio
979 1135 1042 1173 per
1069 1121 1305 1172 baptismum,

323 1182 480 1234 Spiritus
510 1181 659 1229 donum,
680 1181 834 1218 aliorum
861 1181 1037 1218 bonorum
1065 1176 1220 1231 larssitio.
1242 1180 1308 1217 His

323 1243 428 1294 plura
446 1242 516 1279 dici
536 1250 686 1293 possent,
705 1255 784 1291 quae
803 1250 959 1278 nostram
976 1241 1159 1278 ostendant
1177 1240 1308 1278 nobili-

322 1312 444 1350 tatem,
461 1303 688 1354 ipsorumque
703 1302 890 1339 vilitatem.
905 1302 993 1348 Quae
1011 1301 1130 1339 onmia
1144 1315 1225 1338 cum
1244 1315 1308 1353 per

321 1363 508 1414 Spiritum,
529 1376 591 1413 per
622 1363 799 1410 timorem,
819 1377 881 1414 per
896 1362 1123 1414 adoptionem
1137 1361 1304 1399 subindi-

321 1432 444 1470 causet,
468 1422 570 1460 aliud
598 1423 700 1460 affert
731 1432 992 1473 argumentum,
1015 1422 1111 1472 quod
1138 1422 1306 1473 spiritum

320 1484 519 1536 adoptionis
551 1484 757 1522 habeamus.
786 1483 975 1529 Quodnam
1011 1483 1130 1520 illud?
1149 1486 1198 1521 In
1229 1497 1305 1534 quo

321 1546 556 1593 clamamus,
577 1543 619 1583 A
623 1545 695 1581 bba
714 1545 843 1582 Pater.

372 1734 408 1770 5.
426 1732 501 1770 Hoc
523 1740 642 1769 autem
662 1738 835 1782 quantum
850 1730 895 1768 sit
908 1731 1023 1768 sciunt
1043 1729 1188 1779 initiati,
1209 1727 1306 1779 quod

319 1793 355 1830 in
367 1793 517 1844 mystica
533 1792 733 1844 precatione
748 1791 823 1828 haec
836 1791 953 1842 primo
969 1790 1086 1827 dicere
1097 1789 1306 1841 jubeantur.

320 1853 418 1901 Quid
435 1867 532 1904 ergo,
554 1853 704 1903 inquies,
721 1866 837 1890 annon
862 1860 895 1889 et
917 1851 972 1888 illi
992 1853 1109 1889 Deum
1129 1850 1306 1889 vocabant

319 1914 485 1952 Patrem?
499 1927 568 1951 non
581 1913 684 1950 audis
700 1914 865 1964 Moysem
885 1911 1060 1949 dicentem
1077 1912 1225 1948 :Deum
1241 1913 1308 1963 qui

320 1985 356 2014 te
373 1979 503 2028 genuit
517 1977 783 2027 dereliquisti?
799 1989 868 2012 non
889 1973 992 2011 audis
1009 1973 1228 2011 Malachiam
1244 1988 1306 2011 ex-

319 2038 546 2089 probrantem
559 2050 600 2073 ac
623 2035 929 2072 dicentemtDeus
944 2047 1041 2072 unus
1058 2036 1205 2071 creavit
1221 2047 1303 2081 nos,

320 2106 354 2134 et
370 2110 469 2134 unus
484 2098 604 2134 Pater
614 2104 669 2133 est
685 2097 853 2132 omnium
868 2103 1039 2132 nostrum
1049 2098 1064 2131 Ρ
1075 2096 1213 2133 Verum
1224 2094 1308 2131 licet

318 2158 395 2195 haec
408 2167 441 2195 et
456 2157 568 2194 multo
588 2156 690 2207 ltlura
709 2155 802 2193 dicta
816 2156 960 2203 fuerint,
977 2169 1153 2205 nusquam
1171 2155 1308 2193 inveni-

321 2232 400 2256 mus
430 2231 487 2254 eos
517 2216 585 2254 hoc
614 2215 757 2253 nomine
785 2216 904 2252 Deum
922 2224 1102 2262 vocantes,
1122 2229 1236 2264 neque
1256 2214 1306 2252 sic

321 2286 517 2330 precantes.
531 2277 563 2313 N
567 2289 604 2313 os
620 2283 738 2311 autem
756 2288 890 2324 omnes,
907 2283 940 2311 et
958 2274 1154 2311 sacerdotes
1167 2283 1203 2311 et
1218 2273 1305 2312 idjo-

1373 460 1469 511 φόὸῳ
1488 459 1657 512 τιμωρίας
1672 460 1787 497 πάντα
1805 459 1972 511 ἔπραττον
1993 459 2173 510 ἀγόμενοι,
2190 462 2220 497 οἳ
2239 458 2275 496 δὲ
2288 474 2391 496 πνευ-

1375 519 1514 569 ματικοὶ
1529 519 1694 571 ἐπιθυμίᾳ
1708 519 1767 558 καὶ
1781 519 1877 572 πόθῳ
1892 535 1900 542 ·
1920 519 2090 558 καὶτοῦτο
2106 521 2248 566 δηλοῦσι.
2266 522 2315 571 τῷ
2331 518 2392 556 καὶ

1373 581 1591 632 ὑπερὸαίνειν
1609 581 1652 618 τὰ
1672 581 2060 631 ἐπιτάγματα-Ἐκεῖνοι
2082 583 2127 623 ὡς
2147 580 2313 630 μισθωτοὶ
2331 579 2393 617 καὶ

1373 640 1568 691 ἀγνώμονες
1583 671 1592 689 ,
1613 641 1775 679 οὐδέποτε
1790 645 1868 692 γοῦν
1890 639 2059 678 διέλειπον
2078 641 2315 691 γογγύζοντες·
2333 635 2394 678 οἷ-

1373 716 1425 738 τοι
1445 699 1480 738 δὲ
1502 703 1548 743 εἰς
1569 700 1750 752 ἀρέσκειαν
1771 704 1832 739 τοῦ
1850 700 1992 752 Πατρός
2009 716 2016 723 ·
2037 700 2096 738 καὶ
2115 703 2144 738 οἱ
2168 700 2228 751 μὲν
2250 702 2392 750 εὐεργε-

1374 759 1534 810 τούμενοι
1552 761 1795 812 ἕῧλασφήμουν
1813 776 1820 784 ·
1839 762 1941 810 ἡμεῖς
1959 760 1995 798 δὲ
2015 761 2266 803 κινδυνεύοντες
2281 762 2393 812 εὐχα-

1377 825 1569 871 ριστοῦμεν.
1587 821 1660 859 Κᾶν
1676 823 1887 868 κολασθῆναι
1902 820 1938 859 δὲ
1953 821 2218 875 ἁμαρτάνοντας
2236 822 2294 873 δέῃ
2306 851 2315 868 ,
2332 822 2393 860 καὶ

1375 882 1520 918 ἐνταῦθα
1539 881 1651 928 πολλὴ
1683 886 1704 928 ἦ
1736 881 1892 934 διαφορά.
1913 883 1966 919 Οὐ
1995 880 2061 934 γὰρ
2080 883 2125 925 ὡς
2144 884 2266 919 ἐκεῖνοι
2282 897 2394 921 κατα-

1375 941 1553 991 λευόμενοι
1568 972 1577 990 ,
1614 942 1674 979 καὶ
1712 941 1910 991 καιόμενοι,
1951 941 2011 979 καὶ
2056 942 2396 993 ἀκρωτηριαζόμενοι

1375 1002 1472 1054 παρὰ
1509 1004 1576 1039 τῶν
1606 1001 1739 1054 ἱερέων,
1759 1002 1848 1040 οὕτω
1879 1001 1938 1040 καὶ
1960 1005 2059 1052 ἡμεῖς
2093 1002 2368 1054 ἓπιστρεφόμεθα
2385 1033 2398 1049 ,

1377 1062 1467 1100 ἀλλὰ
1489 1066 1587 1114 ἀρκεῖ
1605 1057 1779 1114 τραπέζης
1799 1062 2010 1109 ἐκὸληθῆναι
2029 1066 2200 1114 πατρικῆς
2215 1092 2225 1110 ,
2246 1062 2305 1100 καὶ
2327 1063 2398 1101 ἀπὸ

1377 1123 1485 1173 ὅψεως
1507 1122 1612 1174 ῥητὰς
1627 1122 1785 1173 γενέσθαι
1803 1122 1949 1174 ἡμέρας,
1967 1122 2037 1160 Καὶ
2055 1122 2112 1160 ἐπὶ
2134 1122 2197 1172 μὲν
2215 1126 2282 1160 τῶν
2304 1124 2397 1161 Ἴου-

1377 1182 1482 1219 δαίων
1503 1181 1655 1233 ῥήματος
1669 1176 1711 1227 ἦν
1729 1182 1814 1231 τιμὴ
1835 1186 1856 1228 ἡ
1877 1182 2027 1220 υἱοθεσία
2049 1181 2150 1232 μόνον
2163 1198 2171 1205 ·
2193 1183 2338 1220 ἐνταῦθα
2358 1182 2395 1219 δὲ

1376 1242 1435 1279 καὶ
1460 1248 1607 1293 πρᾶγμα
1625 1242 1871 1288 ἠκολούθησεν,
1887 1245 1905 1279 ὃ
1923 1242 1979 1280 διὰ
1999 1242 2240 1293 βαπτίσματος
2259 1246 2397 1292 καθαρ-

1377 1302 1460 1352 μὸς,
1479 1307 1501 1349 ἡ
1522 1307 1581 1341 τοῦ
1610 1303 1815 1353 Πνεύματος
1843 1302 1936 1346 δόσις
1949 1333 1958 1350 ,
1978 1307 1999 1349 ἢ
2031 1306 2100 1340 τῶν
2121 1304 2236 1340 ἄλλων
2256 1305 2394 1353 ἀγαθῶν

1375 1362 1540 1414 χορηγία.
1560 1361 1631 1399 Καὶ
1664 1361 1795 1400 τούτων
1816 1361 1850 1400 δὲ
1881 1362 1981 1412 ἕτερα
2001 1361 2143 1400 πλείονοί
2175 1365 2265 1400 ἐστιν
2287 1365 2396 1400 εἰπεῖν
2416 1406 2421 1409 ἃ

1375 1422 1438 1468 τὴν
1467 1425 1549 1473 παρ’
1571 1425 1655 1473 ἡμῖν
1676 1421 1918 1472 ἐνδεικνύμενα
1938 1422 2125 1472 εὐγένειαν,
2143 1422 2201 1459 καὶ
2222 1422 2285 1468 τὴν
2305 1422 2399 1460 ἐκεί-

1374 1498 1442 1520 νων
1469 1483 1640 1520 εὐτέλειαν
1657 1498 1665 1505 ·
1682 1482 1770 1534 ἅπερ
1790 1482 1928 1519 ἅπαντα
1947 1481 2004 1520 διὰ
2023 1486 2082 1519 τοῦ
2112 1481 2317 1532 Πνεύματος
2336 1482 2397 1520 καὶ

1374 1547 1434 1581 τοῦ
1450 1543 1555 1594 φόὸου
1577 1543 1637 1580 καὶ
1656 1546 1718 1589 τῆς
1736 1542 1907 1586 υἱοθεσίας
1926 1542 2140 1593 αἰνιξάμενος
2157 1571 2166 1588 ,
2186 1543 2245 1581 καὶ
2274 1542 2396 1594 ἑτέραν

1374 1610 1525 1642 ποιεῖται
1543 1603 1716 1646 ἀπόδειξιν
1733 1607 1792 1641 τοῦ
1809 1606 1946 1654 πνεῦμα
1966 1603 2136 1646 υἱοθεσίας
2164 1603 2266 1654 ἔχειν.
2286 1605 2396 1642 Ποῖον

1376 1664 1416 1711 δὴ
1433 1667 1559 1710 τοῦτο,
1581 1663 1642 1701 Ἐν
1662 1657 1691 1715 ᾧ
1709 1662 1894 1715 κράζομεν,
1915 1663 2008 1701 ἀὸὅᾶ
2029 1667 2046 1701 ὃ
2067 1664 2207 1716 Πατήρ.

1429 1726 1543 1763 Τοῦτο
1565 1724 1600 1762 δὲ
1625 1723 1744 1770 ἡλίκον
1766 1723 1871 1771 ἐστὶν,
1889 1723 2004 1762 ἴσασιν
2033 1727 2064 1762 οἳ
2093 1724 2223 1775 μύσται
2238 1755 2248 1773 ,
2277 1727 2394 1769 καλῶς

1375 1787 1432 1827 ἐπὶ
1447 1791 1509 1834 τῆς
1521 1788 1625 1840 εῧχῆς
1642 1789 1705 1833 τ’ἧς
1722 1789 1891 1836 μυστικῆς
1905 1790 2004 1824 τοῦτο
2022 1788 2159 1837 πρῶτον
2174 1786 2398 1837 κελευόμενοι

1374 1848 1414 1886 τὸ
1430 1851 1525 1900 ῥῆμα
1538 1848 1664 1900 λέγειν.
1684 1849 1716 1886 Τ
1721 1847 1731 1885 ί
1753 1842 1809 1885 οὖν
1827 1863 1836 1895 ;
1852 1849 1914 1884 οὐκ
1930 1845 2071 1885 ἐκάλουν
2089 1847 2148 1884 καὶ
2168 1849 2290 1885 ἐκεῖνοι
2309 1849 2392 1885 Πα-

1374 1910 1484 1962 τέρα,
1505 1909 1614 1961 φησὶ,
1641 1908 1698 1946 τὸν
1726 1907 1843 1955 Θεόν,
1866 1909 1927 1945 οὐκ
1961 1906 2096 1950 ἀκούεις
2131 1906 2312 1951 Μωϋσέως
2338 1907 2396 1945 λέ-

1374 1985 1492 2020 γοντος
1508 2000 1517 2017 ,
1538 1970 1627 2009 Θεὸν
1665 1969 1722 2006 τὸν
1750 1968 1966 2020 γεννήσαντα
1988 1983 2026 2006 σε
2057 1968 2281 2020 ἐγκατέλιπες
2302 1985 2310 2015 ;
2334 1969 2396 2006 οὐκ

1376 2030 1511 2074 ἀκούεις
1530 2033 1588 2069 τοῦ
1610 2029 1780 2082 Μαλαχία
1798 2029 2018 2072 ὀνειδίζοντος
2036 2029 2094 2066 καὶ
2114 2028 2271 2080 λέγοντος
2286 2059 2294 2075 ,
2311 2034 2325 2050 ³
2341 2028 2394 2066 ὅτι

1375 2093 1462 2137 Θεὸς
1481 2088 1527 2137 εἷς
1541 2093 1674 2131 ἔκτισεν
1689 2096 1782 2142 ἡμᾶς
1799 2121 1809 2138 ,
1843 2090 1902 2129 καὶ
1923 2085 1969 2133 εἷς
1998 2090 2126 2143 Πατήρ
2156 2093 2228 2128 ἐστι
2254 2090 2396 2128 πάντων

1374 2157 1499 2204 ἧμῶν;
1515 2155 1606 2191 Ἀλλ’
1624 2155 1653 2191 εἷ
1669 2153 1728 2191 καὶ
1744 2155 1856 2190 ταῦτα
1871 2151 1931 2202 καὶ
1947 2150 2090 2188 πλείονα
2107 2151 2232 2189 τούτων
2246 2151 2395 2203 εἴρηται,

1374 2215 1525 2264 οὐδαμοῦ
1545 2215 1646 2252 τοῦτο
1667 2213 1869 2266 εὑρίσκομεν
1890 2210 2011 2254 αὐτοὺς
2030 2212 2220 2254 καλοῦντας
2239 2211 2278 2249 τὸ
2299 2215 2396 2263 ῥῆμα

1373 2275 1431 2311 τὸν
1448 2274 1551 2321 Θεὸν,
1571 2273 1646 2311 οὐδὲ
1666 2272 1870 2323 εὐχομένους
1885 2271 2004 2314 οὕτως.
2024 2270 2148 2321 (Ημεῖς
2165 2271 2202 2309 δὲ
2217 2271 2366 2314 ἅπαντες
2380 2301 2392 2317 ,

321 2347 379 2384 tae,
394 2346 426 2374 et
438 2335 615 2388 principes
627 2343 660 2372 et
677 2333 826 2383 subditi,
840 2334 890 2371 sic
907 2334 1044 2385 preca-ri
1058 2333 1150 2385 jussi
1164 2347 1302 2380 sumus,
1318 2366 1363 2389 579
1373 2334 1430 2372 καὶ
1461 2336 1560 2385 ἱερεῖς
1585 2333 1645 2370 καὶ
1665 2334 1799 2369 ἰδιῶται
1820 2332 1880 2370 καὶ
1913 2331 2076 2383 ἄρχοντες
2096 2332 2156 2369 καὶ
2176 2332 2362 2383 ἀρχόμενοι
2380 2361 2392 2379 ,

322 2406 356 2434 ct
374 2397 467 2433 hanc
485 2395 639 2447 primam
654 2394 849 2431 emittimus
867 2407 1005 2443 vocem,
1027 2403 1106 2445 post
1124 2393 1306 2432 mirabiles
1329 2403 1353 2430 Α
1374 2394 1481 2436 οὕτως
1506 2393 1668 2445 εὔχεσθαι
1699 2391 1963 2442 ἐκελεόσΟημεν.
1998 2392 2070 2429 Καὶ
2103 2392 2231 2438 ταύτην
2251 2392 2393 2443 πρώτην

323 2458 402 2494 illos
419 2457 564 2504 natales,
581 2463 660 2507 post
679 2468 810 2491 novam
827 2462 859 2490 et
878 2453 1090 2505 stupendam
1106 2453 1306 2490 incunabu-

323 2519 441 2556 lorum
463 2517 588 2567 legem.
602 2515 770 2564 Alioquin
790 2528 874 2552 vero
895 2514 960 2551 etsi
978 2514 1033 2551 illi
1053 2528 1306 2564 nonnunquam

323 2579 374 2617 sic
393 2587 585 2626 vocarunt,
615 2576 675 2614 sed
699 2590 743 2613 ex
762 2575 907 2628 propria
928 2585 1043 2613 mente
1067 2591 1074 2611 :
1098 2575 1161 2626 qui
1187 2585 1306 2613 autem

323 2641 361 2678 in
391 2639 505 2690 gratia
531 2639 673 2685 vivunt,
698 2650 743 2674 ex
773 2636 950 2688 spirituali
975 2636 1176 2688 operatione
1204 2635 1305 2673 moti.

323 2697 634 2747 Quemadmodum
662 2698 755 2734 enim
786 2696 932 2748 spiritus
961 2696 1140 2748 sapientiae
1163 2705 1226 2744 est,
1245 2710 1307 2747 per

323 2775 429 2812 quem
445 2760 648 2811 insipientes
672 2757 845 2809 sapientes
860 2756 975 2794 effecti
998 2766 1092 2806 sunt,
1115 2757 1154 2794 id
1172 2756 1268 2807 quod
1285 2771 1309 2795 a

322 2822 482 2860 doctrina
513 2819 706 2868 indicatur3
734 2827 767 2856 et
796 2817 941 2869 spiritus
973 2817 1119 2856 viz-tutis
1151 2827 1215 2866 est,
1244 2831 1307 2869 per

323 2896 430 2933 quem
457 2879 591 2918 infirmi
627 2888 784 2917 mortuos
820 2877 1035 2915 suscitarunt
1065 2887 1098 2915 et
1127 2877 1305 2916 daemonas

321 2946 499 2996 ejecerunt
505 2951 557 2992 ,εἴ
567 2942 710 2993 spiritus
724 2949 773 2978 est
784 2940 906 2991 gratiae
918 2940 1306 2992 ciu‘ationum,etspiri-

322 3014 378 3043 tus
391 3003 583 3056 prophetiae
594 3032 604 3051 ‚
623 3011 656 3039 et
671 3000 817 3053 spiritus
830 3000 1038 3050 linguarum
1052 3015 1059 3035 τ
1075 2999 1125 3037 sic
1143 3009 1177 3036 et
1195 2999 1303 3051 spiri-

321 3074 378 3102 tus
397 3063 608 3116 adoptionis,
632 3065 681 3099 Ac
712 3061 803 3099 sicut
833 3060 997 3098 novimus
1025 3060 1189 3112 spiritum
1220 3075 1301 3112 pro-

320 3126 463 3177 phetiae,
483 3133 652 3174 quatenus
681 3122 744 3172 qui
776 3122 884 3159 babet
919 3121 1035 3170 illum,
1066 3122 1186 3159 futura
1208 3136 1301 3173 prae-

318 3186 422 3236 dicit,
458 3199 528 3224 non
565 3199 608 3223 ex
639 3184 783 3236 propria
823 3192 938 3221 mente
970 3184 1115 3234 loquens
1132 3213 1142 3232 ,
1181 3184 1242 3227 sed
1279 3199 1299 3222 a

320 3248 428 3297 gratia
449 3256 563 3285 motus
581 3263 588 3283 :
604 3246 652 3284 sic
673 3255 705 3284 et
723 3246 868 3297 spiritus
887 3245 1105 3298 adoptionis,
1126 3256 1299 3297 quatenus

359 3383 371 3396 ⁸
397 3373 486 3404 [nus
504 3378 545 3407 ἔτι
565 3380 623 3412 θεὸς·
642 3378 678 3412 εἷς
693 3381 768 3415 ἐστι,
785 3379 832 3408 καὶ
850 3381 947 3420 πατὴρ
967 3381 1093 3411 πάντων,

1374 2454 1519 2506 ἀφίεμεν
1543 2453 1674 2506 φωνὴν,
1697 2453 1785 2504 μετὰ
1805 2454 1865 2495 τὰς
1881 2451 2083 2503 θαυμαστὰς
2100 2453 2224 2495 ὠδῖνας
2241 2452 2397 2498 ἐκείνας,

1373 2516 1432 2554 καὶ
1450 2516 1506 2554 τὸν
1538 2515 1629 2559 ξένον
1649 2515 1708 2553 καὶ
1728 2513 1921 2567 παράδοξον
1939 2516 2009 2551 τῶν
2029 2513 2256 2565 λοχευμάτων
2274 2514 2394 2565 νόμον.

1373 2575 1503 2619 Ἄλλως
1523 2575 1558 2613 δὲ
1574 2605 1583 2624 ,
1605 2575 1708 2614 εἶκαὶ
1729 2574 1898 2612 ἐκάλεσάν
1919 2589 2004 2611 ποτε
2024 2576 2166 2619 ἐκεῖνοι,
2188 2575 2264 2612 ἀλλ’
2291 2573 2324 2618 ἐξ
2346 2576 2395 2612 οἷ-

1373 2636 1467 2682 κείας
1483 2636 1634 2679 διανοίας
1647 2651 1654 2659 ·
1674 2637 1705 2673 οἳ
1732 2635 1767 2672 δὲ
1787 2636 1821 2672 ἓν
1847 2637 1890 2685 τῇ
1909 2633 2046 2687 χάριτι,
2068 2635 2136 2672 ἀπὸ
2155 2637 2393 2685 πνευματικῆς

1374 2696 1545 2748 ἐνεργείας
1563 2694 1916 2747 κινούμενοι.”Ωσπερ
1928 2694 1995 2746 γὰρ
2009 2698 2147 2745 πνεῦμα
2163 2695 2284 2746 σοφίας
2298 2695 2392 2742 ἐστὶ,

1374 2761 1451 2796 καθ’
1470 2758 1489 2796 ὃ
1509 2757 1608 2809 σοφοὶ
1628 2760 1662 2795 οἱ
1678 2757 1801 2808 ἄσοφοι
1833 2755 2006 2808 ἐγίνοντο,
2026 2756 2085 2793 καὶ
2105 2757 2268 2802 δηλοῦται
2291 2759 2394 2793 τοῦτο

1375 2819 1443 2856 ἀπὸ
1473 2821 1534 2864 τῆς
1566 2816 1788 2859 διδασκαλίας
1806 2831 1814 2839 ·
1833 2816 1894 2854 καὶ
1921 2819 2060 2866 πνεῦμα
2094 2815 2271 2866 δυνάμεώς
2297 2818 2392 2864 ἐστι,

1374 2878 1451 2916 καθ’
1481 2878 1499 2916 ὃ
1527 2879 1558 2915 οἱ
1591 2879 1745 2920 ἀσθενεῖς
1776 2876 1916 2928 νεκροὺς
1947 2876 2105 2927 ἤγειραν,
2139 2876 2198 2913 καὶ
2227 2875 2393 2926 δαίμονας

1373 2940 1520 2985 ἤλασαν,
1535 2937 1594 2975 καὶ
1608 2941 1745 2986 πνεῦμα
1757 2936 1976 2989 χαρίσματος
1991 2935 2163 2986 ἰαμάτων,
2178 2936 2234 2974 καὶ
2252 2940 2392 2986 πνεῦμα

1373 2997 1584 3051 προφητείας
1596 3028 1605 3045 ,
1626 2997 1685 3035 καὶ
1704 3002 1841 3045 πνεῦμα
1860 2997 2026 3045 γλωσσῶν
2045 3012 2053 3019 ·
2075 2995 2162 3034 οὕτω
2177 2996 2236 3033 καὶ
2255 3001 2391 3046 πνεῦμα

1373 3059 1554 3101 υἱοθεσίας.
1576 3057 1644 3095 Καὶ
1664 3056 1782 3108 ὥσπερ
1811 3056 1910 3106 ἴσμεν
1930 3056 1968 3093 τὸ
1999 3059 2136 3106 πνεῦμα
2165 3060 2226 3102 τ’ῆς
2255 3071 2392 3107 προφη-

1373 3120 1465 3163 τείας
1479 3149 1486 3162 ,
1504 3120 1560 3170 ἀφ’
1579 3111 1616 3154 οὗ
1637 3119 1654 3154 ὃ
1669 3116 1758 3168 ἔχων
1779 3116 1863 3153 αὐτὸ
1878 3116 2039 3167 προλέγει
2053 3116 2096 3154 τὰ
2114 3116 2283 3166 μέλλοντα
2301 3147 2309 3162 ,
2331 3118 2392 3153 οὐκ

1373 3180 1480 3231 οἰκείᾳ
1510 3177 1738 3230 φθεγγόμενος
1768 3176 1919 3226 διανοίᾳ,
1958 3177 2034 3213 ἀλλ’
2068 3177 2135 3214 ὑπὸ
2159 3180 2220 3222 τῑῆς
2250 3175 2392 3227 χάριτος

1372 3245 1586 3296 κινούμενος·
1608 3244 1696 3282 οὕτω
1718 3242 1758 3289 δὴ
1780 3242 1838 3280 καὶ
1861 3244 1996 3291 πνεῦμα
2022 3242 2192 3284 υἱοθεσίας
2206 3269 2215 3287 ,
2238 3243 2294 3293 ἀφ’
2315 3236 2352 3280 οὗ
2372 3245 2390 3279 ὁ
