2502 3810
797 250 979 282 JOANMS
1015 247 1252 277 CHRYSOST.

253 247 346 305 484
723 255 760 283 5.

54 347 165 374 March.
187 354 233 375 ιο·
250 344 354 389 ena),
384 348 417 377 et
432 345 583 390 potestas
604 334 649 371 ad
682 333 832 370 exitium
859 334 960 378 (nam
991 328 1064 365 ait:
1084 327 1231 365 Timete

54 389 101 418 28.

74 2599 192 2628 Habac.
211 2605 240 2625 2,

249 371 269 393 t>

248 416 345 450 eum,
365 403 430 452 qui
440 404 563 450 potest
578 404 612 432 et
631 397 805 431 animam
819 400 855 429 et
868 404 1005 442 eorpus
1013 389 1173 441 perdere
1189 390 1232 425 ἰη

248 462 498 514 gehennamj:
520 457 598 493 idco
624 455 673 492 ait
696 470 704 490 τ
726 454 809 490 Haec
837 452 981 490 veniens
1000 451 1109 487 affero
1119 479 1132 496 ,
1163 463 1232 487 non

249 537 326 573 quae
346 521 392 558 ad
409 532 549 571 poenam
574 526 608 555 et
623 515 853 568 supplicium,
877 513 940 551 sed
957 527 1035 563 quae
1059 511 1101 550 ad
1131 511 1231 549 salu-

249 592 332 620 tem.
350 578 686 630 QuidergOPnonne
693 573 1007 613 haeeannuntiabat
1018 572 1125 609 etiam
1132 584 1234 609 evan-

250 641 394 693 gelium,
408 640 453 677 de
482 638 652 690 gehenna,
675 636 719 674 de
744 634 898 673 tenebris
918 632 1166 679 exterioribus,
1190 630 1236 668 de

249 716 367 743 verme
377 699 573 739 venenato?
594 697 704 748 Atqui
723 710 792 734 non
806 693 951 733 aliunde
962 694 1039 730 haec
1058 692 1235 740 novimus,

250 763 372 800 nisiex
381 760 565 812 evangelio
583 775 592 795 t
609 757 787 809 quomodo
801 756 912 807 igitur
924 754 1076 804 inquieS,
1094 754 1239 791 Poten-

252 828 307 863 tia
320 825 394 861 Dei
409 823 463 860 ad
477 822 669 860 salntem?
698 818 768 857 Sed
787 816 872 855 audi
891 815 1072 866 sequentia
1089 829 1096 850 :
1118 815 1236 851 Omni

252 886 436 930 credenti,
459 884 490 920 J
490 883 598 920 udaeo
618 883 796 932 primum,
812 887 849 915 et
871 877 1017 915 Groeco.
1043 876 1121 913 Non
1143 873 1238 911 enim

252 944 432 993 omnibus,
447 942 509 981 sed
524 939 811 992 suscipientibus.
829 936 981 975 Etiamsi
1002 935 1098 973 enim
1129 935 1235 973 Grae-

253 1019 314 1043 cus
333 1005 408 1042 sive
429 1003 570 1055 gentilis
581 1001 702 1046 fueris,
726 998 866 1037 etiamsi
884 997 1080 1047 nequitiam
1096 1008 1238 1032 omnem

254 1065 403 1114 adjeris3
425 1064 490 1102 etsi
504 1063 651 1115 Scytha,
664 1061 850 1107 barbarus,
865 1058 936 1096 imo
950 1058 1023 1094 fera
1042 1056 1164 1105 fueris,
1182 1069 1240 1092 ra-

255 1127 350 1165 tione
364 1125 505 1164 omnino
523 1123 727 1169 destitutus,
753 1129 787 1158 et
805 1119 903 1157 mille
921 1127 1146 1170 peccatorum
1169 1130 1240 1153 sar-

255 1188 343 1225 cinis
360 1196 526 1225 onustus:
542 1183 756 1233 simulatque
776 1194 969 1219 sermonem
988 1179 1032 1216 de
1050 1191 1152 1216 cruce
1165 1190 1240 1214 sus-

257 1248 391 1300 cepisti,
411 1256 444 1285 et
461 1245 659 1297 baptizatus
685 1257 734 1289 es,
760 1240 877 1279 omnia
891 1239 951 1277 illa
972 1238 1148 1277 delevisti.
1168 1238 1241 1275 Cur

256 1318 374 1346 autem
385 1307 444 1344 hic
462 1306 562 1353 dicit,
576 1306 606 1343 J
605 1305 715 1342 zcdaeo
732 1305 912 1354 primum,
928 1309 963 1337 et
986 1300 1119 1337 Groeeo
1129 1303 1144 1335 ?
1155 1296 1243 1348 quid

257 1369 325 1408 sibi
343 1369 422 1406 vult
435 1368 497 1405 illa
508 1364 734 1404 differentia?
755 1361 864 1412 Atqui
883 1374 973 1412 saepe
993 1359 1099 1405 dixit,
1121 1359 1243 1409 Neque

257 1429 478 1469 circumcisio
497 1427 764 1479 quidquamest,
778 1436 890 1473 neque
902 1421 1117 1473 praeputium
1139 1434 1241 1470 :quo-

257 1491 365 1529 modo
381 1490 491 1541 igitur
509 1489 568 1526 hic
586 1485 787 1537 distinguit,
807 1482 974 1523 Judaeum
995 1483 1119 1520 Graeco
1139 1489 1242 1518 ante-

258 1565 392 1603 ponens
402 1551 421 1588 Ξ)
434 1548 576 1600 Ecquid
587 1548 680 1585 hoc?
697 1559 808 1595 neque
828 1543 922 1581 enim
934 1543 1018 1592 quia
1033 1542 1170 1593 primus
1180 1550 1244 1588 est,

258 1610 429 1660 majorem
459 1606 588 1658 accipit
606 1605 758 1656 gratiam
784 1601 902 1650 (idem
920 1600 1014 1637 enim
1040 1599 1159 1650 ipsum
1175 1597 1242 1635 do-

258 1685 344 1708 num
360 1679 393 1707 et
411 1669 496 1706 huic
515 1677 548 1705 et
564 1667 619 1703 illi
638 1663 853 1711 tribuitur),
877 1659 937 1698 sed
965 1659 1100 1697 ordinis
1128 1659 1246 1696 solum

257 1740 308 1769 est
322 1730 426 1778 illud,
438 1731 601 1782 primus.
617 1727 739 1776 Neque
754 1723 793 1761 id
810 1724 889 1775 plus
912 1722 1033 1769 habet,
1054 1719 1150 1771 quod
1171 1734 1246 1757 ma-

254 1792 370 1842 jorem
391 1787 563 1840 acceperit
577 1785 770 1838 justitiam,
795 1783 858 1821 sed
873 1783 910 1819 in
926 1782 993 1819 hoc
1007 1780 1121 1818 solum
1134 1780 1247 1816 hono-

258 1861 372 1898 ratur,
391 1849 487 1901 quod
503 1848 642 1900 primus
660 1844 846 1897 acceperit.
860 1845 954 1882 Nam
974 1842 1014 1893 ii,
1030 1842 1091 1893 qui
1111 1841 1246 1878 illumi-

258 1920 388 1950 nantur
409 1910 544 1959 (scitis,
574 1906 720 1956 initiati,
745 1905 843 1956 quod
855 1904 1030 1953 dicitur),
1063 1917 1182 1940 omnes
1202 1901 1249 1939 ad

258 1972 438 2024 baptisma
453 1978 612 2017 currunt,
627 1967 689 2005 sed
708 1980 777 2004 non
794 1979 912 2003 omnes
926 1964 1048 2002 eadem
1066 1963 1169 2012 hora,
1188 1961 1249 1999 sed

261 2031 353 2070 alius
370 2031 522 2084 primus,
535 2029 627 2066 alius
640 2026 815 2065 secundus
830 2041 837 2061 z
858 2039 969 2076 neque
983 2033 1099 2061 tamen
1110 2022 1248 2075 primus

262 2093 344 2144 plus
360 2090 488 2143 accipit
506 2103 613 2140 quam
622 2086 809 2134 secundus,
826 2099 936 2136 neque
953 2083 1128 2122 secundus
1143 2097 1249 2134 quam

263 2153 401 2201 tertius,
417 2151 477 2189 sed
491 2163 611 2188 omnes
634 2148 763 2186 iisdem
783 2147 962 2184 fruuntur.
980 2145 1122 2182 Primus
1139 2144 1250 2194 igitur
1274 2158 1299 2186 D

264 2214 338 2263 hic,
357 2214 510 2252 nominis
543 2212 658 2250 solum
681 2220 733 2248 est
750 2210 878 2258 honor,
900 2222 968 2245 non
987 2207 1100 2258 gratia
1121 2207 1246 2258 major.

267 2277 420 2325 Deinde,
439 2284 627 2328 postquam
640 2273 749 2321 dixit,
766 2272 838 2309 Ad
855 2272 1033 2318 salutem,
1048 2283 1170 2306 rursus
1189 2283 1251 2306 au-

268 2347 326 2390 get
343 2337 492 2385 donum,
518 2333 708 2373 ostendens
726 2346 795 2369 non
812 2330 993 2383 praesentis
1011 2329 1181 2381 temporis
1195 2343 1250 2366 so-

267 2399 343 2437 lum
359 2412 444 2446 esse,
458 2396 518 2435 sed
537 2405 570 2433 et
587 2393 736 2432 ulterius
745 2391 908 2444 progredi
917 2406 928 2440 5
949 2391 1016 2428 hoc
1033 2390 1126 2427 enim
1141 2389 1253 2440 signi-

270 2458 393 2497 ficavit
409 2457 466 2495 his
481 2456 600 2495 verbis
623 2470 631 2490 ε
656 2455 717 2491 17.
734 2454 764 2490 J
764 2454 900 2490 ustitia
918 2453 1020 2488 enim
1032 2451 1107 2487 Dei
1119 2453 1158 2486 in
1171 2451 1251 2500 ipso

270 2520 464 2559 revelatur
478 2515 615 2569 exfide
635 2517 676 2552 in
685 2514 820 2564 fidem,
846 2515 946 2550 sicut
966 2513 1148 2562 scriptum
1167 2518 1220 2547 est
1239 2525 1249 2545 :

270 2582 406 2620 Justus
427 2586 556 2616 autem
573 2591 620 2613 ex
633 2576 713 2627 fide
732 2576 849 2611 vivet.
872 2572 943 2619 Qui
961 2585 1043 2623 ergo
1061 2572 1178 2623 justus
1197 2570 1252 2607 ef-

272 2645 381 2682 fectus
398 2651 463 2691 est,
478 2654 548 2678 non
568 2639 604 2676 in
621 2636 785 2691 praesenti
802 2636 918 2674 solum
934 2635 1075 2682 saeculo,
1093 2633 1156 2671 sed
1172 2642 1204 2671 et
1218 2633 1256 2670 in

271 2709 392 2745 futuro
411 2706 522 2744 vivet.
542 2704 665 2752 Neque
678 2701 747 2738 hoc
761 2699 875 2737 solum
885 2714 897 2748 5
922 2697 984 2736 sed
1005 2706 1038 2735 et
1053 2696 1153 2734 aliud
1173 2696 1256 2734 sub-

272 2768 420 2817 indicat,
434 2762 642 2817 hujusmodi
662 2774 786 2813 nempe
803 2760 885 2798 vitae
904 2757 1128 2811 splendorem
1142 2765 1174 2794 et
1186 2757 1257 2794 cla·
1280 2761 1304 2790 E

273 2829 424 2866 ritatem.
440 2825 533 2872 Quia
554 2823 649 2861 enim
667 2829 782 2873 potest
803 2819 882 2870 quis
896 2833 979 2856 cum
996 2817 1167 2855 dedecore
1189 2831 1258 2855 ser-

275 2888 354 2927 vari
374 2903 382 2924 ε
402 2896 441 2925 ut
469 2884 575 2924 multi
593 2898 639 2922 ex
652 2881 749 2933 regia
767 2879 949 2918 clementia
964 2894 984 2917 a
996 2879 1172 2931 supplicio
1190 2878 1258 2916 eri-

277 2951 443 3002 piuntur3
464 2955 504 2984 ut
523 2960 565 2984 ne
580 2945 658 2995 quis
674 2943 826 2981 salutem
847 2941 996 2979 audiens
1013 2941 1082 2977 hoc
1101 2939 1259 2992 suspice-

277 3021 355 3060 tur,
374 3009 514 3049 addidit
530 3024 538 3044 :
556 3008 609 3045 Et
615 3007 811 3058 justitiam
820 3011 878 3051 ,·et
889 3001 1141 3054 justitiamnon
1150 3010 1260 3049 tuam,

280 3072 342 3110 sed
367 3071 456 3120 Dei;
475 3070 552 3121 ejus
577 3065 779 3117 largitatem
798 3073 831 3102 et
855 3062 1063 3100 facilitatem
1097 3060 1262 3098 subindi-

282 3147 376 3171 cans.
394 3132 518 3182 Neque
540 3128 632 3167 enim
646 3140 690 3164 ex
709 3124 835 3163 sudore
850 3132 884 3161 et
898 3123 1019 3161 labore
1040 3122 1139 3160 illam
1158 3121 1263 3173 perfi-

284 3195 346 3240 cis,
354 3193 413 3230 sed
423 3206 468 3230 ex
477 3202 627 3242 superno
639 3187 730 3225 dono
740 3185 884 3237 accipis,
893 3185 961 3222 hoc
969 3198 1080 3222 unum
1096 3197 1141 3220 ex
1155 3182 1264 3234 teipso

285 3253 446 3297 afferens,
464 3247 559 3299 quod
582 3245 714 3285 credas.
728 3242 878 3289 Deinde,
900 3242 983 3293 quia
994 3242 1060 3281 vix
1084 3239 1263 3279 credibilis

327 3371 336 3379 ¹
362 3365 508 3406 [ἐπέλθῃς
525 3363 560 3392 Α,
580 3368 612 3392 et
628 3370 732 3400 marg.
751 3357 870 3399 sax-ih]

332 3426 344 3440 τι
369 3414 421 3446 Sic
443 3414 519 3445 Mss.
539 3418 639 3444 recte.
658 3412 698 3442 In
714 3408 822 3441 Edizis
840 3410 887 3442 οὖν
903 3406 1007 3440 deest.

1292 248 1316 275 A
1326 248 1479 277 RCHIEP
1488 267 1496 276 .
1536 248 1869 279 CONSTANTINOP
1879 268 1888 278 .

1301 327 1388 378 ρίαν.
1409 327 1556 374 Ἐπειδὴ
1577 329 1643 380 γάρ
1663 330 1738 366 ἐστι
1758 328 1817 366 καὶ
1838 327 1981 379 δύναμις
2001 330 2093 366 Θεοῦ
2113 330 2159 371 εἷς
2176 328 2317 366 κόλασιν

1298 388 1380 435 (καὶ
1395 388 1463 439 γὰρ
1483 388 1540 426 ὅτε
1560 388 1637 432 τοὺς
1653 387 1862 436 Αἰγυπτίους
1879 388 2053 436 ἐκόλαζεν,
2070 387 2186 439 ἔλεγεν
2202 403 2210 411 ·
2232 387 2320 433 αὕτη

1300 447 1393 485 ἐστὶν
1423 451 1446 494 ἡ
1480 448 1623 498 δύναμίς
1654 464 1718 498 μου
1740 451 1762 493 ἡ
1797 447 1980 498 μεγάλη),
2010 448 2069 486 καὶ
2102 449 2246 498 δύναμις
2276 450 2322 490 εἷς

1302 508 1478 546 ἀπώλειαν
1499 508 1711 555 (Φοὲήθητε
1729 507 1819 558 γὰρ,
1839 508 1946 560 φησὶ,
1970 508 2026 546 τὸν
2057 508 2243 559 δυνάμενον
2265 508 2324 545 καὶ

1303 568 1418 619 ψυχὴν
1450 568 1510 606 καὶ
1541 570 1644 618 σῶμα
1674 568 1844 606 ἀπολέσαι
1875 570 1908 606 ἐν
1941 568 2110 620 γεέννῃ)·
2139 569 2194 606 διὰ
2224 569 2324 606 τοῦτό

1303 644 1407 680 φησιν
1423 644 1430 652 ·
1449 631 1486 667 οὐ
1502 632 1613 666 ταῦτα
1633 628 1740 666 ἐλθὼν
1760 628 1914 679 κομίζω,
1934 630 1971 665 οὗ
1991 628 2035 666 τὰ
2052 629 2133 680 περὶ
2150 629 2326 672 κολάσεως

1303 689 1363 726 καὶ
1377 689 1566 742 τιμωρίας,
1588 688 1678 727 ἀλλὰ
1702 688 1746 727 τὰ
1776 689 1857 741 περὶ
1875 688 2062 740 σωτηρίας.
2078 689 2126 727 Τί
2145 684 2220 737 οῧν5
2248 690 2326 741 οὒγὶ

1305 749 1364 787 καὶ
1383 752 1494 786 ταῦτα
1519 749 1736 801 κατήγγελλε
1755 749 1794 786 τὸ
1814 748 2025 800 εὐαγγέλιον,
2045 749 2102 787 τὸν
2129 750 2209 802 περὶ
2230 735 2327 800 γεέν.-

1305 826 1364 856 νης
1379 809 1493 860 λόγον,
1514 809 1570 847 τὸν
1588 810 1668 860 περὶ
1684 814 1743 847 τοῦ
1763 809 1905 852 σκότους
1923 813 1982 846 τοῦ
2002 808 2167 861 ἐξωτέρου
2186 810 2246 847 καὶ
2267 813 2326 848 τοῦ

1306 869 1486 916 σκώληκος
1511 873 1570 907 τοῦ
1596 869 1753 916 ἰοίόλου,
1770 869 1844 910 Καὶ
1866 869 1932 918 μὴν
1962 868 2149 918 οὐδαμόθεν
2172 869 2328 915 ἄλλοθεν,

1305 929 1327 976 ἢ
1348 933 1386 968 ἐκ
1402 934 1461 967 τοῦ
1481 930 1682 981 εὐαγγελίου
1710 934 1821 967 ταῦτα
1850 929 2003 980 ἔγνωμεν
2017 945 2024 952 ·
2045 932 2119 972 πῶς
2137 924 2207 977 οἶν,
2222 929 2327 981 φησὶ,

1307 990 1459 1040 Δύναμις
1486 992 1578 1029 Θεοῧ
1609 992 1655 1033 εἷς
1689 989 1881 1042 σωτηρίαν5
1912 989 2004 1028 Ἀλλ’
2033 990 2135 1028 ἄκουε
2169 990 2229 1027 καὶ
2260 992 2328 1027 τῶν

1307 1050 1403 1096 ἑξῆς·
1425 1051 1538 1088 Παντὶ
1559 1053 1608 1102 τῷ
1628 1050 1825 1088 πιστεύοντι
1841 1080 1850 1098 ,
1872 1050 2031 1102 Ἰουδαίῳ
2045 1067 2082 1089 τε
2100 1052 2251 1104 πρῶτον,
2270 1050 2330 1088 καὶ

1307 1112 1468 1158 ΠΕλληνι.
1491 1113 1544 1150 Οὐ
1563 1111 1630 1162 γὰρ
1649 1111 1768 1154 ἁπλῶς
1787 1118 1907 1158 πᾶσιν,
1924 1111 2013 1150 ἀλλὰ
2031 1117 2102 1154 τοῖς
2120 1111 2329 1162 δεχομένοις.

1309 1171 1384 1209 Κᾶν
1404 1171 1471 1223 γὰρ
1492 1171 1624 1217 Ἕλλην
1657 1166 1717 1222 ᾗς,
1739 1170 1803 1209 κᾶν
1832 1177 1948 1209 πᾶσαν
1977 1171 2162 1209 *ἐπελθὼν
2192 1171 2330 1217 κακίαν,

1310 1233 1373 1271 κᾶν
1394 1233 1548 1281 Σκύθης,
1565 1233 1627 1271 κᾶν
1656 1233 1848 1285 βάρὸαρος,
1865 1233 1928 1271 κᾶν
1951 1233 2162 1285 αὖτοθηρίον,
2179 1232 2243 1271 κᾶν
2266 1233 2332 1269 πά-

1311 1310 1372 1341 σης
1397 1293 1538 1345 ἀλογίας
1557 1293 1687 1345 γέμων,
1706 1294 1765 1331 καὶ
1789 1294 1897 1344 μυρίοι
1921 1293 2185 1345 ἁμαρτημάτων
2211 1295 2331 1343 ἐπιφε-

1314 1356 1453 1407 ρόμενος
1472 1354 1614 1406 φορτία,
1640 1354 1714 1403 ἅμα
1737 1354 1794 1392 τὸν
1823 1354 1903 1406 περὶ
1933 1357 2082 1405 σταυροῦ
2114 1354 2214 1404 λόγον
2236 1368 2335 1390 κατε-

1314 1416 1399 1460 δέξω
1428 1416 1489 1453 καὶ
1516 1414 1748 1461 ἐδαπτίσθης,
1775 1414 1834 1452 καὶ
1861 1413 1977 1451 πάντα
2005 1416 2119 1451 ἐκεῖνα
2140 1413 2334 1465 ἐξήλειψας.

1315 1476 1383 1514 Διὰ
1402 1476 1436 1513 τί
1465 1475 1502 1513 δέ
1524 1491 1625 1526 φησιν
1657 1476 1824 1520 ἐνταῦθα,
1845 1473 2003 1526 Ἰουδαίῳ
2032 1490 2070 1512 τε
2098 1477 2248 1526 πρῶτον,
2276 1474 2336 1512 καὶ

1313 1537 1483 1583 ἽΞλληνι5
1502 1536 1535 1574 τί
1553 1536 1713 1586 βούλεται
1731 1535 1816 1582 αὕτη
1833 1538 1854 1581 ἡ
1875 1535 2023 1587 διαφορά
2034 1551 2045 1585 5
2063 1535 2187 1574 Καίτοι
2205 1537 2336 1573 πολλα-

1313 1603 1377 1649 χοῦ
1390 1591 1497 1644 εἶπεν,
1511 1599 1563 1634 ὅτι
1574 1596 1651 1634 οὔτε
1666 1595 1839 1647 περιτομὴ
1853 1596 1886 1633 τί
1903 1597 2009 1643 ἐστιν,
2025 1596 2102 1634 οὔτε
2112 1596 2336 1647 ἀκροὸυστία·

1315 1661 1413 1701 ί’πῶς
1445 1651 1500 1694 οὖν
1534 1659 1681 1695 ἐνταῦθα
1713 1658 1861 1708 διαιρεῖ,
1881 1656 2054 1707 προτιθεὶς
2086 1656 2143 1694 τὸν
2172 1656 2338 1694 Ἰουδαῖον

1315 1722 1374 1756 τοῦ
1392 1717 1585 1765 ἽΞλλ-ηνοςς
1605 1717 1673 1755 Καὶ
1692 1716 1726 1753 τί
1752 1721 1869 1763 ‘roffi-:03
1889 1716 1965 1755 οὐδὲ
1995 1716 2082 1769 γὰρ,
2102 1716 2222 1763 ἐπειδὴ
2244 1719 2339 1768 πρῶ-

1315 1780 1372 1823 τός
1402 1781 1494 1826 ἐστι,
1514 1779 1574 1816 καὶ
1608 1777 1714 1816 πλέον
1736 1777 1908 1828 λαμὸάνει
1938 1780 2000 1823 τ’ἦς
2029 1777 2188 1830 χάριτος·
2215 1781 2236 1824 ἡ
2265 1777 2335 1829 γὰρ

1934 1837 2087 1875 δίδοται·
2109 1838 2198 1876 ἀλλὰ
2213 1838 2341 1882 τάξεώς

1319 1902 1392 1939 ἐστι
1410 1901 1496 1951 τιμὴ
1520 1900 1621 1950 μόνον
1638 1900 1676 1938 τὸ
1691 1900 1706 1920 ¹³
1721 1903 1868 1953 πρῶτος.
1884 1898 1955 1937 Καὶ
1977 1898 2044 1951 γὰρ
2063 1900 2125 1936 οὔκ
2145 1901 2178 1937 ἐν
2198 1901 2248 1950 τῷ
2269 1898 2341 1949 μεί-

1319 1962 1399 2004 ζονα
1415 1961 1533 1999 λαὸεῖν
1555 1960 1772 2007 δικαιοσύνην
1790 1961 2006 2007 πλεονεκτεῖ,
2027 1961 2102 1997 ἀλλ’
2127 1961 2162 1997 ἐν
2182 1962 2231 2012 τῷ
2248 1961 2344 2010 πρῶ-

1319 1839 1404 1885 αὐτὴ
1424 1839 1534 1892 δωρεὰ
1550 1839 1609 1877 καὶ
1627 1839 1739 1890 τούτῳ
1763 1837 1914 1888 κάκείνῳ

1319 2036 1375 2065 τος
1395 2022 1499 2068 αὐτὴν
1517 2022 1636 2060 λαὸεῑν
1659 2021 1843 2072 τετίμηται
1865 2019 1967 2070 μόνον
1980 2035 1988 2043 ·
2006 2020 2082 2057 ἐπεὶ
2103 2019 2163 2058 καὶ
2190 2019 2246 2058 ἐπὶ
2275 2022 2344 2057 τῶν

1320 2082 1562 2134 φωτιζομένων
1579 2083 1672 2130 (ἴστε
1692 2081 1727 2120 δὲ
1749 2083 1779 2119 οἱ
1801 2080 1929 2132 μύσται
1945 2080 2204 2130 τὸλεγόμενον)
2219 2080 2346 2123 πάντες

1323 2143 1384 2193 μὲν
1407 2144 1464 2181 ἐπὶ
1485 2144 1524 2181 τὸ
1543 2143 1726 2195 βάπτισμα
1753 2141 1948 2194 τρέχουσιν,
1974 2142 2011 2178 οὔ
2031 2141 2157 2184 πάντες
2176 2140 2211 2179 δὲ
2237 2142 2271 2178 ἐν
2301 2144 2345 2192 τῇ

1324 2205 1409 2254 αὐτῇ
1427 2202 1501 2256 ὥρᾳ
1514 2234 1523 2251 ,
1543 2206 1618 2242 ἀλλ’
1637 2207 1655 2242 ὅ
1675 2202 1735 2253 μὲν
1756 2204 1911 2255 πρῶτος,
1932 2204 1949 2238 ὁ
1969 2201 2003 2239 δὲ
2025 2200 2181 2253 δεύτερος
2194 2217 2202 2224 ·
2219 2202 2256 2239 οὖ
2277 2201 2346 2252 μὴν

1324 2267 1341 2302 ὃ
1361 2267 1497 2315 πρῶτος
1514 2267 1572 2302 τοῦ
1595 2263 1752 2314 δευτέρου
1778 2261 1883 2300 πλέον
1908 2261 2101 2311 λαμῧάνει,
2118 2262 2193 2300 οὐδὲ
2220 2263 2347 2305 ἐκεῖνος

1324 2327 1382 2362 τοῦ
1406 2327 1480 2374 μετ’
1499 2325 1613 2371 αὐτὸν,
1634 2325 1723 2360 ἀλλὰ
1736 2325 1804 2360 τῶν
1823 2324 1934 2359 αὐτῶν
1957 2322 2106 2364 ἅπαντες
2124 2322 2345 2361 ἀπολαύουσι.

1326 2386 1377 2423 Τὸ
1407 2384 1532 2432 τοίνυν,
1553 2386 1709 2437 πρῶτος,
1733 2386 1876 2421 ἐνταῦθα
1899 2382 2054 2434 ῥήματός
2079 2384 2153 2420 ἐστι
2179 2382 2286 2433 τιμὴ,
2307 2385 2345 2420 οὐ

1324 2446 1468 2497 χάριτος
1486 2444 1715 2495 πλεονασμός.
1732 2437 1821 2482 Εἶτα
1849 2442 1968 2489 εἰπὼν,
1986 2444 2046 2485 Εἷς
2063 2442 2252 2494 σωτηρίαν,
2274 2443 2347 2480 πά-

1325 2508 1378 2544 λιν
1400 2506 1493 2550 αὔξει
1510 2505 1572 2552 τὴν
1596 2504 1738 2556 δωρεὰν,
1759 2502 1891 2545 δεικνὺς
1907 2505 1969 2541 οὒκ
1989 2503 2073 2555 ἄχρι
2100 2507 2159 2540 τοῦ
2179 2503 2348 2554 παρόντος

1326 2566 1528 2615 ἱσταμένην,
1560 2565 1649 2603 ἀλλὰ
1678 2563 1873 2616 περαιτέρω
1908 2567 2095 2615 προϊοῦσαν
2108 2579 2116 2586 ·
2148 2568 2248 2601 τοῦτο
2281 2563 2349 2615 γὰρ

1327 2628 1496 2674 &mmo-ev
1516 2626 1620 2665 εἰπών
1634 2642 1641 2649 ·
1660 2624 1870 2670 Δικαιοσύνη
1891 2624 1959 2676 γὰρ
1974 2626 2065 2663 Θεοῧ
2087 2626 2120 2662 ἐν
2150 2626 2244 2676 αὐτῷ
2265 2627 2351 2662 ἀπο-

1327 2688 1541 2728 καλύπτεται
1559 2689 1598 2725 ἐκ
1613 2686 1762 2729 πίστεως
1778 2688 1825 2728 εἷς
1844 2685 1977 2732 πίστιν,
2000 2683 2114 2728 καθὼς
2132 2684 2348 2736 γέγραπται·

1329 2750 1373 2789 Ὁ
1389 2749 1425 2787 δὲ
1445 2749 1572 2791 δίκαιος
1594 2750 1632 2786 ἐκ
1649 2747 1798 2790 πίστεως
1820 2747 1973 2793 ζήσεται.
1997 2745 2041 2783 Ὁ
2066 2748 2144 2796 γοῦν
2171 2744 2351 2796 γενόμενος

1331 2810 1478 2857 δίκαιος,
1499 2811 1536 2846 οὐ
1555 2808 1645 2846 κατὰ
1673 2808 1730 2845 τὸν
1763 2807 1920 2859 παρόντα
1942 2806 2014 2857 βίον
2037 2805 2153 2856 μόνον,
2178 2806 2268 2843 ἀλλὰ
2293 2805 2352 2843 καὶ

1331 2871 1421 2911 κατὰ
1439 2871 1495 2908 τὸν
1517 2869 1689 2918 μέλλοντα
1708 2869 1861 2916 ζήσεται.
1879 2869 1931 2906 Οὐ
1947 2870 2046 2904 τοῦτο
2069 2865 2103 2904 δὲ
2127 2865 2242 2916 μόνον,
2263 2865 2353 2904 ἀλλὰ

1331 2932 1390 2972 καὶ
1409 2931 1523 2984 ἕτερον
1553 2930 1739 2968 αἰνίττεται
1769 2928 1856 2979 μετὰ
1883 2927 2002 2966 τούτου
2017 2956 2026 2974 ,
2052 2927 2091 2965 τὸ
2112 2927 2274 2979 λαμπρὸν
2294 2926 2354 2964 καὶ

1333 2990 1517 3045 περιφανὲς
1536 2994 1598 3037 τῆς
1617 2990 1777 3036 τοιαύτης
1797 2991 1897 3034 ζωῆς.
1925 2987 2073 3033 Ἐπειδὴ
2102 2987 2168 3039 γάρ
2195 2989 2269 3025 ἐστι
2297 2987 2356 3025 καὶ

1336 3053 1424 3104 μετὰ
1449 3051 1614 3103 αἰσχύνης
1638 3054 1811 3096 σωθῆναι·
1833 3048 1952 3099 ὥσπερ
1972 3042 2027 3085 οῧν
2049 3048 2172 3085 πολλοὶ
2190 3050 2258 3085 τῶν
2287 3048 2356 3085 ἀπὸ

1335 3111 1593 3167 φιλανθρωπίας
1626 3112 1808 3162 βασιλικῆς
1838 3108 2157 3159 ἀπαλλαττομένων
2182 3107 2356 3150 κολάσεως

1336 3176 1523 3220 σώζονται·
1548 3172 1605 3210 ἵνα
1650 3172 1697 3222 μὴ
1732 3169 1929 3221 ὑποπτεύσῃ
1968 3170 2067 3208 τοῦτό
2098 3185 2150 3212 τις
2182 3168 2356 3222 σωτηρίαν

1337 3236 1504 3283 ἀκούσας,
1527 3233 1741 3287 προσέθηκε,
1766 3232 1834 3269 Καὶ
1854 3230 2083 3279 δικαιοσύνην,
2103 3230 2162 3269 καὶ
2182 3228 2358 3268 δικαιοσύ-

1403 3352 1418 3375 b
1442 3349 1556 3382 Motel.
1573 3358 1702 3395 πρῶτον.
1724 3345 1783 3378 Alli
1799 3355 1912 3377 omnes
1930 3354 2054 3389 πρῶτος.
