2466 3805
2091 234 2148 277 33

1172 332 1243 367 nis.
1262 330 1369 367 Recte
1387 329 1533 377 etenim,
1546 342 1624 378 quae
1643 327 1742 379 prius
1765 335 1862 378 gesta
1880 327 2035 376 fuerant,
2049 339 2152 365 nemo

1171 396 1316 426 noverat
1335 387 1491 435 edoctus,
1513 386 1574 425 sed
1587 400 1607 423 a
1629 386 1767 438 Spiritu
1789 385 2001 423 didicerunt.
2025 387 2153 437 Usque

1173 450 1214 484 in
1228 449 1342 494 diem,
1362 447 1491 498 inquit,
1510 461 1588 499 qua
1608 455 1799 485 assumtus
1820 455 1876 484 est
1900 460 1925 483 a
1951 448 2074 495 nobis,
2097 454 2151 482 te-

1174 517 1270 544 stem
1290 511 1581 546 resurrectionis
1604 510 1686 559 ejus
1712 509 1907 545 nobiscum
1917 507 2008 558 fieri
2035 520 2153 544 unum

1175 582 1222 605 ex
1235 570 1411 607 istisJNon
1418 569 1526 619 dixit,
1541 569 1759 606 Caeterorum
1772 577 1914 617 testem3
1927 567 1999 616 sed,
2008 570 2156 606 Testem

1174 632 1475 675 resurrectionis,
1494 639 1643 667 tantum.
1662 630 1754 666 Nam
1771 628 1842 666 fide
1859 628 2002 679 dignior
2021 638 2093 666 erat
2109 628 2154 679 is,

1176 689 1238 738 qui
1257 688 1373 726 dicere
1386 699 1543 740 poterat:
1567 690 1640 737 Qui
1656 689 1793 739 edebat,
1811 689 1970 736 bibebat,
1991 698 2024 726 ct
2037 689 2155 727 cruci—

1177 748 1273 785 fixus
1288 757 1351 796 est,
1362 753 1390 785 is
1405 749 1479 800 ipse
1497 749 1703 786 resurrexit.
1719 751 1842 799 Itaque
1854 764 1965 799 neque
1975 750 2157 801 praeteriti,

1175 821 1289 857 neque
1307 809 1482 858 sequentis
1508 809 1689 860 temporis,
1709 823 1820 858 neque
1837 809 2019 859 signorum
2037 819 2159 848 testem

1176 882 1249 906 esse
1285 869 1490 920 oportebat,
1524 869 1586 905 scd
1616 869 1882 906 resurrectionis
1911 878 2061 906 tantum.
2093 872 2159 909 Illa

87 935 199 988 λάθρᾳ
213 935 343 986 γέγονε,
364 936 422 973 καὶ
437 935 566 978 τούτοις
583 934 697 985 μόνοις
712 929 752 980 ἦν
767 933 870 979 δήλη.
900 931 969 970 Καὶ
988 933 1025 968 οὐ
1043 929 1103 968 λέ-
1176 942 1328 978 namque
1345 929 1529 966 manifesta
1543 938 1576 966 et
1590 929 1625 966 in
1643 929 1797 965 confesso
1810 938 1907 966 erant
1919 944 1931 978 3
1952 931 2160 968 resurrectio

86 1010 203 1045 γουσιν
215 1025 224 1043 ,
247 995 300 1033 ὅτι
319 996 459 1046 ἄγγελοι
477 990 571 1033 εἷπον
589 998 672 1045 ἡμῖν
692 1025 701 1042 ,
716 993 808 1042 ἀλλ’,
825 993 878 1031 ὅτι
896 992 1101 1043 ἑωράκαμεν
1122 1019 1153 1043 28
1176 999 1293 1027 autem
1309 990 1400 1027 clam
1415 990 1506 1027 facta
1524 990 1654 1039 fuerat,
1678 989 1805 1039 hisque
1821 989 1937 1026 solum
1966 999 2047 1028 nota
2071 1001 2157 1029 erat.

85 1059 198 1104 ἡμεῖς.
233 1056 344 1093 Πόθεν
365 1058 490 1104 δῆλον,
514 1056 576 1100 Ἐξ
595 1050 642 1095 ὧν
660 1058 1000 1107 θαυματουργοῧμεν.
1035 1050 1103 1088 Διὰ
1127 1056 1153 1085 Α
1176 1054 1300 1103 Neque
1321 1052 1447 1090 dicunt
1465 1068 1471 1087 :
1492 1052 1618 1103 Angeli
1640 1051 1810 1088 dixerunt
1837 1051 1938 1089 nobis
1956 1067 1967 1101 3
1988 1052 2060 1100 sed,
2088 1054 2161 1090 Nos

1175 1113 1346 1152 vidimus.
1363 1112 1593 1151 Undenamid
1609 1112 1834 1150 manifestum
1844 1112 1921 1149 est?
1937 1112 1995 1150 Ex
2009 1113 2161 1151 miracu—

1176 1176 1221 1213 lis
1239 1190 1315 1227 quae
1334 1175 1497 1213 facimus.
1525 1174 1610 1212 Ideo
1626 1183 1711 1211 tunc
1738 1173 1963 1225 potissimum
1992 1173 2072 1211 illos
2090 1174 2162 1211 fide

1176 1237 1304 1289 dignos
1345 1252 1418 1276 esse
1447 1236 1617 1289 oportuit.
1649 1237 1704 1273 Et
1735 1243 1954 1273 statuerunt
1969 1264 1979 1282 ‚
2011 1235 2130 1286 inquit
2150 1266 2161 1284 ‚

1178 1300 1286 1336 duos.
1305 1298 1379 1336 Cur
1398 1312 1466 1335 non
1484 1296 1630 1349 plures?
1648 1297 1701 1333 'Ne
1719 1295 1832 1346 major
1847 1295 1944 1331 fieret
1962 1294 2162 1332 animorum

1178 1359 1412 1412 perturbatio,
1433 1372 1520 1396 neve
1539 1371 1594 1395 res
1608 1357 1643 1394 in
1660 1356 1790 1394 multos
1810 1355 2069 1394 extenderetur.
2089 1357 2162 1394 Nee

1179 1421 1254 1459 sine
1270 1435 1373 1458 causa
1392 1419 1586 1458 Matthiam
1602 1416 1736 1469 adjicit,
1752 1416 1813 1454 sed
1831 1426 1871 1454 ut
1887 1416 2046 1454 ostendat
2069 1432 2161 1465 eum,

1179 1482 1241 1534 qui
1256 1481 1352 1534 apud
1369 1481 1530 1519 homines
1548 1477 1768 1517 honorabilis
1781 1487 1846 1527 est,
1867 1477 1964 1530 apud
1978 1479 2094 1515 Deum
2109 1493 2162 1516 cs-

1179 1558 1215 1581 se
1233 1543 1444 1580 inferiorem.
1458 1542 1504 1580 Et
1523 1540 1630 1578 simul
1649 1552 1768 1576 omnes
1784 1547 1974 1590 precantur
1992 1537 2162 1588 dicentes,

1183 1606 1217 1643 T
1215 1619 1253 1651 u,
1276 1605 1457 1649 Domine,
1477 1603 1544 1653 qui
1575 1601 1694 1638 corda
1711 1601 1812 1636 nosti
1833 1601 2017 1646 omnium,
2038 1607 2163 1635 osten-

90 1667 260 1716 αἱρεῖσθαι
282 1668 401 1719 ἐχρῆν,
417 1671 431 1687 ³
444 1666 520 1718 οὐχὶ
536 1669 604 1703 τῶν
625 1665 761 1709 ἔξωθεν.
790 1663 912 1707 Οὕτως
927 1662 1103 1714 ἓθᾶῤῥουν,
1179 1667 1237 1703 de.
1257 1667 1314 1703 Tu
1325 1694 1336 1714 ,
1356 1678 1425 1702 non
1444 1677 1528 1700 nos:
1543 1663 1751 1713 Opportune
1769 1659 1931 1697 cordium
1947 1659 2163 1710 cognitorem

88 1726 142 1764 ὅτι
161 1727 299 1771 πάντως
315 1728 375 1765 ἕνα
394 1729 444 1766 δεῖ
462 1728 631 1778 γενέσθαι.
663 1727 735 1765 Καὶ
753 1727 813 1764 οὐκ
832 1719 939 1773 εἷπον,
957 1724 1104 1770 ἔκλεξαι,
1130 1733 1154 1763 Β
1177 1735 1305 1766 vocant
1324 1742 1331 1762 :
1347 1726 1392 1763 ab
1416 1724 1477 1762 illo
1495 1723 1589 1761 enim
1608 1721 1730 1760 electio
1752 1719 1911 1758 facienda
1930 1729 2015 1770 erat,
2034 1735 2103 1758 non
2119 1721 2165 1758 ab

90 1788 196 1836 ἀλλὰ,
220 1788 394 1833 ἀνάδειξον
415 1789 472 1827 τὸν
492 1788 676 1840 ἐκλεγέντα
690 1819 699 1836 ,
720 1788 842 1840 φησὶν,
861 1786 930 1825 &ov
950 1785 1103 1830 ἐξελέξω·
1178 1788 1269 1825 aliis.
1288 1787 1347 1825 Sic
1365 1785 1580 1824 confidenter
1604 1782 1856 1833 loquebantur,
1878 1781 1962 1832 quia
1982 1782 2165 1833 oportebat

1177 1850 1320 1888 omnino
1343 1862 1453 1885 unum
1473 1846 1568 1897 eligi.
1585 1846 1707 1895 Neque
1728 1843 1915 1891 dixerunt,
1933 1843 2058 1894 Elige3
2080 1843 2161 1892 sed,

1178 1910 1332 1949 Ostende
1346 1910 1507 1957 electum,
1527 1909 1646 1957 Quem
1667 1907 1836 1958 elegeris,
1856 1903 1972 1953 inquit
1989 1920 1997 1940 ε
2015 1904 2165 1942 scientes

1177 1971 1295 2009 omnia
1309 1985 1327 2007 a
1363 1971 1438 2007 Deo
1467 1966 1689 2020 praedefinita
1716 1979 1802 2003 esse.
1832 1966 1897 2002 Ex
1925 1966 1984 2002 his
2017 1966 2164 2002 duobus

677 252 721 280 IN
760 251 873 281 ACTA
908 249 1251 280 APOSTOLORUM.
1287 249 1444 279 HOMIL.
1484 248 1549 278 111.

86 332 171 381 θὼν,
193 332 283 370 ἀλλὰ
307 332 488 382 Πνεύματι
516 331 720 381 ἐμάνθανον.
758 332 854 374 “Eme
872 334 933 378 τῆς
951 334 984 380 ἢι
1006 330 1098 382 έρας,

85 392 203 443 φησὶν,
224 387 264 437 ἧς
285 392 457 444 ἀνελήφθη
475 395 532 444 ἀφ’
554 395 668 442 ἡμῶν,
690 391 850 444 μάρτυρα
869 395 930 437 τῆς
945 389 1098 428 ἀναστά-

86 468 170 495 σεως
192 455 293 490 αὐτοῦ
314 452 374 491 σὺν
393 456 476 503 ἡμῖν
495 454 652 504 γενέσθαι
672 453 732 490 ἕνα
747 452 889 490 τούτων.
914 454 992 490 Οὐκ
1011 444 1097 497 εἶπε,

86 515 153 551 τῶν
175 514 289 551 ἄλλων
319 514 506 567 μάρτυρα,
540 514 642 560 ἀλλὰ,
666 516 728 559 τῆς
754 512 975 554 ἀναστάσεως
995 510 1100 562 μόνης

87 574 258 626 μάρτυρα.
287 576 356 613 Καὶ
376 576 442 628 γὰρ
460 575 735 628 ἀξιοπιστότερος
754 569 795 621 ἦν
815 577 831 612 ὅ
849 573 1035 623 δυνάμενος
1055 574 1100 608 εἰ·
1125 575 1150 605 Ε

86 641 176 682 πεῖν,
193 635 245 673 ὅτι
264 637 388 679 ἐκεῖνος
402 639 419 673 ὅ
437 635 554 688 φαγὼν
566 666 576 683 ‚
596 635 654 674 καὶ
675 634 761 672 πιὼν
775 665 784 682 ,
803 634 862 672 καὶ
878 631 1102 683 σταυρωθεὶς,

87 696 186 738 αὐτὸς
212 695 351 743 ἀνέστη.
381 696 491 735 ΕΏστε
523 697 600 734 οὔτε
628 699 696 733 τῶν
719 696 786 747 πρὸ
807 694 930 732 τούτου
952 691 1100 744 χρόνων,

87 755 164 794 οὔτε
191 759 259 793 τῶν
288 757 376 807 μετὰ
398 761 510 795 ταῦτα
539 756 606 794 ἔδει
635 771 795 806 μαρτυρα
825 749 935 791 Εεῗναι
954 752 1013 790 καὶ
1032 753 1100 788 τῶν

89 817 255 866 σημείων.
285 817 337 855 Τὸ
368 817 434 867 γὰρ
468 816 673 865 ζητούμενον
703 820 803 852 τοῦτο
819 808 881 859 ἦν,
902 815 924 858 ἡ
946 811 1101 848 ἀνάστα--

88 892 140 919 σις
154 891 162 899 ·
193 877 267 914 ἐπεὶ
294 878 409 913 ἐκεῖνα
429 878 515 921 δῆλα
537 871 578 921 ἦν
595 875 654 912 καὶ
673 873 940 925 ὡμολογημένα,
958 871 1044 916 αὕτη
1067 869 1101 906 δὲ

85 1119 187 1154 τοῦτο
219 1116 370 1166 μάλιστα
397 1117 475 1155 τότε
505 1116 625 1161 αὐτοὺς
658 1115 876 1160 ἀξιοπίστους
904 1114 973 1152 ἔδει
1003 1107 1101 1151 εἶναι.

86 1176 157 1214 Καὶ
198 1177 350 1223 ἔστησαν
368 1207 377 1224 ,
420 1178 504 1230 φησὶ
526 1208 536 1225 ,
588 1178 657 1217 δύο.
711 1177 813 1215 Διατί
854 1175 901 1227 μὴ
936 1174 1102 1219 πολλούς;

85 1235 164 1274 Ἵνα
203 1237 250 1287 μὴ
299 1238 422 1288 μείζων
459 1242 480 1285 ἡ
526 1239 656 1290 ἀθυμία
701 1238 844 1289 γένηται
863 1267 872 1284 ,
926 1235 1013 1286 μηδὲ
1057 1237 1104 1278 εἷς

86 1297 234 1341 πολλοὺς
265 1298 304 1336 τὸ
333 1306 481 1352 πρᾶγμα
501 1304 661 1353 περιστῇ.
675 1301 754 1351 Οὐχ
769 1300 888 1342 ἁπλῶς
908 1298 943 1336 δὲ
961 1299 980 1317 *
997 1312 1105 1349 προσ·
1127 1324 1135 1327 «

87 1360 220 1406 τίθησιν
241 1363 367 1398 ἐκεῖνον
382 1391 392 1409 ,
412 1361 501 1400 ἀλλὰ
531 1361 664 1405 δεικνὺς
677 1392 687 1408 ,
706 1360 760 1399 ὅτι
774 1360 943 1402 πολλάκις
962 1362 979 1397 ὃ
1008 1357 1105 1409 παρὰ

89 1421 281 1473 ἀνθρώποις
301 1421 434 1473 τίμιος,
459 1422 556 1474 παρὰ
571 1425 620 1475 τῷ
639 1424 720 1475 Θεῷ
742 1421 894 1460 ἐλάττων
915 1419 999 1458 ἐστί.
1034 1418 1104 1457 Καὶ

90 1486 186 1534 κοινῇ
216 1481 251 1521 δὲ
278 1483 404 1526 πάντες
427 1482 586 1535 εὔχονται
601 1482 759 1534 λέγοντες
773 1498 781 1505 ·
801 1481 863 1528 Σὺ,
880 1480 1001 1532 Κύριε,
1021 1494 1107 1529 καρ-

91 1544 280 1595 διογνῶστα
299 1544 452 1590 πάντων,
484 1543 673 1588 ἀνάδειξον.
704 1543 767 1590 Σὺ,
796 1542 897 1595 φησὶ,
919 1541 966 1592 μὴ
986 1543 1103 1590 ἡμεῖς·

90 1605 274 1656 Εὖκαίρως
300 1605 579 1658 καρδιογνώστην
600 1606 762 1643 καλοῦσιν
780 1619 787 1626 ·
810 1603 879 1641 ἀπὸ
898 1602 965 1654 γὰρ
982 1600 1103 1638 τούτου

89 1849 214 1893 εἰδότες
231 1850 347 1888 πάντα
365 1849 579 1902 προωρίσθαι
602 1852 651 1901 τῷ
671 1851 766 1900 Θεῷ.
804 1850 870 1886 Ἐκ
890 1847 1017 1885 τούτων
1036 1849 1103 1884 τῶν

90 1909 149 1947 δύο
176 1909 236 1947 ἕνα
261 1912 381 1962 λαχεῖν
405 1911 462 1948 τὸν
481 1913 608 1963 κλῆρον
629 1914 691 1956 τῆς
707 1909 881 1951 διακονίας
898 1908 1026 1953 ταύτης
1045 1907 1104 1945 καὶ

89 1972 295 2017 ἀποστολῆς.
324 1965 393 2009 Ἦν
414 1970 555 2024 γὰρκαὶ
573 1971 662 2016 ἄλλη
683 1969 853 2008 διακονία.
882 1969 951 2007 Καὶ
971 1968 1103 2006 ἔδωκαν

88 2033 201 2074 αὐτοῖς
230 2032 389 2083 κλήρους.
401 2031 512 2069 Οὔπω
540 2030 607 2082 γὰρ
628 2029 767 2073 ἑαυτοὺς
787 2029 898 2074 ἀξίους
929 2028 944 2049 ¹³

957 2033 1104 2080 ἧΥῡῧνῖΟ
1179 2049 1298 2073 unum
1314 2036 1488 2084 accipere
1506 2040 1645 2069 sortem
1665 2031 1868 2066 ministerii
1887 2029 2002 2079 hujus
2022 2037 2059 2065 et
2073 2042 2164 2079 apo-

1175 2097 1353 2135 stolatus.
1370 2093 1458 2130 Erat
1476 2092 1569 2129 enim
1598 2091 1705 2128 etiam
1722 2088 1822 2126 aliud
1841 2088 2090 2126 ministerium.
2111 2090 2165 2125 Et

1177 2159 1363 2196 dederunt
1379 2164 1498 2193 sortes
1513 2156 1578 2191 eis.
1594 2151 1764 2191 Nondum
1781 2150 1875 2188 enim
1892 2164 1927 2187 se
1945 2150 2072 2201 dignos
2089 2163 2163 2188 esse

1176 2220 1366 2273 putabant,
1396 2217 1523 2267 quiex
1552 2229 1624 2252 sese
1643 2213 1712 2266 ipsi
1744 2213 1897 2250 facerent
1925 2212 2158 2250 electionem:

1176 2281 1256 2319 ideo
1276 2279 1425 2332 eupiunt
1440 2277 1558 2328 aliquo
1573 2275 1673 2326 signo
1691 2273 1842 2312 edoceri.

1230 2343 1265 2380 4.
1296 2339 1464 2392 Alioquin
1488 2352 1587 2387 vero,
1606 2337 1634 2375 si
1652 2336 1714 2373 ubi
1733 2350 1795 2373 nec
1813 2335 1968 2387 precatio
1991 2344 2076 2385 erat,
2104 2350 2163 2373 ne-

1176 2418 1245 2455 que
1276 2402 1377 2454 digni
1407 2400 1477 2439 viri
1502 2399 1671 2447 aderant,
1689 2405 1827 2434 tantum
1854 2395 1969 2434 valuit
1997 2410 2099 2445 sors,
2121 2410 2161 2434 eo

1175 2463 1272 2516 quod
1284 2472 1378 2501 recto
1400 2461 1517 2499 animo
1532 2460 1646 2508 fieret,
1663 2472 1787 2509 nempe
1801 2471 1905 2509 super
1918 2458 2007 2495 Jona
2023 2472 2030 2492 :
2047 2458 2159 2495 multo
2171 2465 2263 2494 Jonoe.
2288 2474 2310 2494 1.
2330 2476 2358 2504 7.

1126 2517 1150 2547 Ο
1176 2526 1290 2577 magis
1317 2524 1395 2571 hic,
1430 2522 1492 2559 ubi
1523 2521 1672 2558 chorum
1700 2518 1875 2569 explevit,
1907 2517 1971 2554 ubi
1999 2517 2159 2557 ordinem

1174 2587 1332 2640 perfecit.
1347 2587 1467 2635 Neque
1489 2583 1576 2620 aher
1599 2580 1737 2629 doluit3
1757 2593 1827 2617 non
1851 2579 1946 2616 enim
1965 2578 2003 2616 id
2021 2581 2157 2618 tacuis-

1173 2657 1250 2687 sent
1279 2645 1452 2700 apostoli,
1481 2643 1542 2694 qui
1566 2656 1635 2680 non
1662 2641 1909 2678 abstinuerunt
1927 2653 1947 2676 a
1968 2640 2158 2678 referendis

1173 2710 1279 2747 etiam
1309 2706 1571 2760 praecipuorum
1599 2702 1839 2754 apostolorum
1864 2699 1986 2747 vitiis,
2015 2701 2157 2750 quando

1173 2783 1300 2821 nempe
1318 2765 1492 2817 indignati
1514 2772 1594 2802 sunt
1624 2776 1693 2800 non
1713 2761 1830 2807 semel,
1851 2759 1912 2797 sed
1930 2759 1986 2796 bis
2017 2769 2050 2797 et
2068 2761 2129 2812 plu
2145 2785 2155 2790 -

1171 2830 1250 2868 ries.
1269 2829 1343 2866 Hos
1373 2827 1490 2876 itaque
1517 2834 1550 2862 et
1580 2838 1642 2861 nos
1672 2821 1962 2860 imite1nu1=.-Non
1990 2821 2156 2859 omnibus

1170 2891 1311 2942 loquor,
1328 2889 1389 2927 sed
1406 2888 1461 2936 iis,
1476 2886 1538 2937 qui
1564 2884 1804 2938 principatum
1822 2882 1998 2919 affectant.
2023 2882 2061 2919 Si
2081 2897 2155 2921 cre-

1170 2953 1228 2991 dis
1256 2951 1460 2989 electionem
1476 2963 1495 2985 a
1515 2949 1590 2985 Deo
1611 2959 1695 2993 esse,
1718 2959 1761 2982 ne
1779 2942 1973 2993 indigneris
1991 2958 1999 2978 :
2023 2943 2152 2982 adver-

1171 3027 1230 3052 sus
1262 3012 1366 3050 illum
1394 3009 1488 3048 enim
1516 3006 1712 3058 indignaris
1746 3014 1779 3042 et
1808 3003 1982 3041 irritaris:
2011 3004 2074 3042 ille
2102 3015 2154 3043 est

1172 3073 1234 3125 qui
1256 3072 1373 3124 elegit.
1393 3071 1433 3111 Si
1452 3079 1571 3108 autem
1604 3066 1710 3118 elegit
1734 3065 1809 3113 ille,
1830 3073 1863 3102 et
1893 3064 1942 3101 sic
1972 3064 2154 3117 indignari

89 2091 149 2142 ἀφ’
177 2095 307 2129 ἑαυτῶν
339 2090 562 2135 ἐκλέξασθαι·
590 2091 642 2130 διὸ
678 2090 737 2129 καὶ
757 2091 905 2143 ξαῖτοῧσι
936 2091 993 2128 διά
1013 2106 1103 2133 τινος

89 2152 232 2202 σημείου
257 2155 389 2202 μαθεῖν.

138 2342 269 2386 Ἄλλως
299 2342 349 2388 δὲ,
375 2344 404 2379 εἰ
434 2341 513 2380 ἔνθα
537 2341 614 2380 οὔτε
639 2340 737 2393 εὐχὴ,
758 2340 836 2379 οὔτε
850 2340 1018 2392 ἀξιόλογοι
1036 2342 1099 2380 ἄν-

86 2404 161 2455 δρες
175 2433 185 2451 ,
203 2405 330 2455 κλῆρος
348 2406 507 2441 τοσοῦτον
527 2402 650 2454 ἴσχυσε
665 2431 674 2447 ,
698 2402 754 2440 διὰ
772 2401 812 2440 τὸ
833 2401 866 2446 ἐξ
882 2405 986 2452 ὀρθῆς
1000 2402 1099 2454 γενέ-

83 2468 163 2502 σθαι
192 2463 334 2515 γνώμης
355 2464 412 2502 ἐπὶ
432 2467 490 2501 τοῦ
510 2463 631 2501 Ἰωνᾶ·
660 2464 779 2514 πολλῷ
809 2465 940 2513 μᾶλλον
956 2466 1101 2502 ἐνταῦθα

85 2526 268 2578 ἐπλήρωσε
283 2526 339 2564 τὸν
355 2525 471 2577 χορὸν,
490 2525 661 2577 ἀπήρτισε
679 2524 741 2571 τὴν
763 2524 874 2569 τάξιν.
904 2524 975 2562 Καὶ
994 2528 1011 2563 ὁ
1027 2526 1100 2562 ἕτε-

84 2602 140 2638 ρος
172 2589 233 2624 οὐκ
263 2587 435 2637 ἤλγησεν·
466 2587 503 2623 οὗ
529 2585 596 2636 γὰρ
628 2584 668 2622 ἂν
693 2585 897 2638 ἀπέκρυψαν
926 2585 971 2624 τὰ
989 2588 1100 2624 οἰκεῖα

83 2647 313 2699 ἐλαττώματα
331 2650 362 2685 οἱ
383 2645 586 2684 ἀπόστολοι·
615 2647 650 2684 οἵ
672 2663 710 2698 γε
724 2647 804 2698 περὶ
824 2650 935 2685 αὐτῶν
955 2651 1023 2686 τῶν
1041 2663 1098 2686 κο-

83 2707 232 2760 ρυφαίων
259 2710 365 2746 εἰπεῖν
389 2708 451 2744 οὖν.
468 2707 674 2759 ἀπέσχοντο,
696 2707 748 2745 ὅτι
766 2709 1014 2759 ἠγανάκτησαν
1033 2710 1099 2746 ἀλ-

80 2770 189 2820 λαχοῦ
203 2784 210 2791 ·
226 2769 285 2806 καὶ
301 2771 367 2820 οὐχ
382 2766 485 2815 ἅπαξ,
503 2767 593 2805 ἀλλὰ
606 2768 666 2805 καὶ
681 2768 730 2811 δὶς
744 2768 803 2806 καὶ
816 2769 996 2812 πολλάκις.
1011 2769 1100 2807 Τού-

81 2845 158 2873 τους
177 2824 233 2868 οῧν
260 2829 319 2867 καὶ
343 2833 445 2878 ἡμεῖς
475 2827 723 2878 μιμησώμεθα.
751 2831 829 2867 Οὔκ
856 2829 905 2867 ἔτι
927 2845 986 2880 μοι
1012 2830 1099 2881 πρὸς

81 2890 213 2933 πάντας
239 2893 256 2928 ὁ
283 2889 394 2940 λόγος,
423 2888 513 2926 ἀλλὰ
535 2888 619 2939 πρὸς
646 2888 724 2933 τοὺς
751 2892 862 2942 ἀρχῆς
882 2890 1095 2943 ἐφιεμένους.

81 2951 127 2988 Εἰ
150 2950 324 2993 πιστεύεις
338 2980 348 2997 ,
374 2949 427 2987 ὅτι
445 2951 538 2988 Θεοῧ
561 2951 654 2987 ἐστιν
672 2951 813 3003 ἐκλογὴ,
830 2951 878 3002 μὴ
897 2953 1096 3003 ἀγανάκτει·

83 3010 200 3062 ἐκείνῳ
240 3011 306 3064 γὰρ
347 3013 566 3062 ἀγανακτεῖς,
591 3011 651 3049 καὶ
666 3012 751 3063 πρὸς
766 3014 894 3051 ἐκεῖνον
911 3013 1099 3065 παροξύνῃ·

83 3070 208 3114 ἐκεῖνός
233 3073 326 3110 ἐστιν
352 3074 369 3109 ὃ
386 3071 622 3122 ἐκλεξάμενος.
648 3073 694 3110 Εἰ
726 3072 762 3110 δὲ
791 3073 892 3117 αὐτὸς
911 3073 972 3124 μὲν
989 3074 1100 3119 ἐξελέ-

124 3210 137 3225 2
161 3200 275 3233 Morel.
292 3202 338 3243 [et
353 3203 410 3245 D.]
425 3206 495 3238 εἶναι
510 3211 610 3247 μόνον,
625 3209 685 3238 καί.

127 3252 143 3266 *
168 3253 222 3294 [οὐ
238 3258 409 3299 προτίθησιν
425 3255 482 3297 D.]

126 3312 140 3327 *³
166 3304 255 3343 Haec,
273 3308 336 3348 οὐχὶ
358 3314 416 3339 τῶν
431 3310 553 3346 ἔξωθεν,
566 3306 688 3339 absunt
701 3306 744 3339 ab
760 3305 914 3340 omnibus
928 3309 1006 3343 Mss.
1025 3320 1085 3341 no-

83 3353 178 3394 stris;
196 3353 255 3386 sed
278 3354 444 3389 habentur
469 3356 503 3390 in
525 3357 625 3391 Savil.
646 3366 679 3391 et
704 3359 818 3394 Morel.
837 3367 870 3392 et
893 3358 976 3392 bene
1001 3372 1084 3403 qua-

83 3403 193 3437 drant.

1196 3207 1212 3230 b
1238 3205 1314 3247 [Ita
1327 3205 1368 3236 D.
1386 3201 1488 3236 Savil.
1504 3206 1626 3245 ἡγοῦντο
1643 3203 1714 3233 εἶναι
1729 3205 1780 3232 τοῦ
1798 3201 1844 3232 διὰ
1857 3201 1969 3232 ἑαυτῶν
1984 3202 2154 3242 ἐκλέγεσθαί

1151 3269 1227 3291 τινα’
1247 3262 1322 3290 ὥστε
1338 3260 1385 3290 διά
1402 3272 1431 3290 τ.
1453 3272 1478 3288 c.
1496 3271 1531 3297 μ.
1559 3258 1696 3297 ἐφίενται.
1711 3249 1832 3284 Montf.
1846 3262 1922 3282 curn
1938 3250 2101 3284 Commel.
2120 3259 2153 3283 et

1150 3311 1188 3341 A.
1203 3309 1241 3341 C.
1259 3313 1383 3350 ἡγοῦντο
1405 3310 1475 3340 εἶναι
1497 3310 1549 3339 τοῦ
1565 3307 1612 3337 διά
1633 3319 1663 3337 τ.
1681 3319 1706 3338 σ.
1726 3308 1842 3345 μαθεῖν.
1861 3302 1938 3334 Mox
1954 3312 1993 3334 ex
2013 3302 2053 3336 D.
2072 3308 2121 3337 καὶ
2134 3309 2148 3338 ὸ

1152 3365 1251 3406 ἕτερος
1265 3371 1326 3402 pro
1342 3362 1410 3393 ἀλλ’
1429 3362 1443 3392 ὁ
1460 3354 1684 3396 ἕ.(10(1ῐιι]υ5.]
