2502 3810
327 240 418 297 544
771 256 807 285 s.
845 253 1027 284 somnus
1063 252 1300 281 CHRYSOST.
1340 253 1546 284 Annium).
1586 256 1940 287 consumi-501³.

324 348 427 381 ηοω,
445 347 526 371 vere
539 334 628 371 enim
644 334 718 370 haec
732 333 790 370 via
804 341 854 369 est
874 345 951 381 quae
970 330 1070 368 ducit
1084 329 1130 366 ad
1148 343 1296 381 regnum
1370 334 1436 369 τῶν
1466 335 1633 385 οὐρανῶν.
1647 334 1708 372 Ἔν
1729 337 1772 385 τῇ
1794 337 1923 387 σχολῇ,
1954 336 2058 388 φησὶ,
2090 336 2267 387 Τυράννου
2297 336 2386 379 τινὸς

325 395 501 431 caelorum.
521 396 571 429 In
589 393 734 440 schola,
752 391 882 440 inquit,
902 391 1081 438 Tyranni
1094 391 1298 441 cujusdam
1370 391 1552 442 διελέγετο.
1572 394 1642 430 Καὶ
1660 398 1761 432 τοῦτο
1779 395 1914 445 ἐγένετο
1933 395 1989 433 ἐπὶ
2005 396 2064 442 ἔτη
2086 395 2163 443 δύο,
2192 395 2281 432 ὥστε
2299 396 2385 433 πείν-

323 454 555 504 disputabat.
567 453 617 488 Et
628 452 861 502 hocfactum
873 458 929 487 est
939 462 1009 500 per
1020 451 1227 497 biennium,
1241 452 1298 487 ita
1371 467 1432 494 τας
1452 454 1596 490 ἀκοῦσαι
1625 452 1683 490 τὸν
1710 454 1810 505 λόγον
1837 454 2021 498 Ἰουδαίους
2050 471 2087 492 τε
2119 455 2178 492 καὶ
2196 454 2386 501 ‘'EN-qvae.

323 524 363 552 ut
385 525 514 550 omnes
532 513 708 549 audirent
722 525 933 549 sermonem
949 520 1028 548 tam
1037 512 1067 549 J
1066 512 1166 548 udoei
1181 525 1297 563 quam
1371 510 1479 562 Ὁρᾷς
1498 512 1603 550 πόσον
1622 513 1744 559 ἤνυσεν
1771 517 1791 559 ἡ
1821 514 2008 552 ἐπιστασία
2025 529 2032 558 ;
2053 515 2123 552 Καὶ
2142 514 2304 552 Ἰουδαῖοι
2327 515 2387 553 καὶ

325 574 461 610 Gra-ci.
482 571 594 610 Vides
604 579 776 620 quantum
789 570 923 622 profuit
937 570 1076 608 assidue
1090 571 1298 621 urgerePEt
1322 579 1346 609 E
1371 570 1542 618 ’Έλληνες
1557 572 1693 618 ἤκουον.
1710 573 1881 624 Δυνάμεις
1899 590 1937 611 τε
1954 576 1991 611 οὗ
2009 574 2069 616 τὰς
2087 574 2258 625 τυχούσας
2277 575 2387 612 ἐποίει

320 632 434 670 Judaei
454 640 486 668 et
507 631 623 669 Graeei
646 630 851 668 audiebant.
873 632 934 668 11.
957 632 1200 682 Ῑῖντιιῐεςᾳιιε
1220 645 1298 670 non
1371 634 1388 669 ὁ
1403 633 1491 675 Θεὸς
1510 632 1567 670 διὰ
1584 636 1652 670 τῶν
1668 636 1795 687 χειρῶν
1823 634 1965 671 Παύλου
1980 662 1990 679 ,
2019 633 2108 670 ὥστε
2138 634 2197 671 καὶ
2226 635 2283 671 ἐπὶ
2310 635 2387 678 τοὺς

320 692 511 743 quaslibet
512 692 806 744 faciebatDeus
817 705 887 743 per·
900 705 1039 729 manus
1049 692 1200 738 Paulffl
1211 694 1298 730 Qut
1371 693 1597 736 ἀσθενοῦντας
1617 693 1840 747 ἐπιφέρεσθαι
1861 695 1930 732 ἀπὸ
1948 696 2007 731 τοῦ
2027 694 2161 745 χρωτὸς
2182 696 2283 732 αὐτοῦ
2304 711 2385 733 σου·

318 754 432 788 etiam
459 765 570 802 super
592 752 794 803 languidos
819 753 1062 805 defierrentur
1085 752 1132 789 de
1143 765 1298 803 corpore
1369 752 1511 804 δοίριαῆ
1536 754 1745 804 σιμικίνθια,
1777 756 1836 793 καὶ
1869 755 2153 793 ἀπαλλάσσεσθαι
2181 755 2240 791 ἀπ’
2274 757 2387 793 αὐτῶν

317 813 396 862 ejus
407 812 623 860 sudaria‚et
635 814 887 860 semicinctia,
901 812 1165 849 etreeederent
1179 814 1228 849 ab
1242 815 1297 850 eis
1368 812 1429 857 τὰς
1449 813 1583 863 νόσους,
1612 816 1656 853 τά
1682 831 1718 853 τε
1746 816 1928 866 πνεύματα
1956 814 2000 852 τὰ
2026 814 2161 867 πονηρὰ
2185 814 2387 866 ἐξέρχεσθαι

317 872 540 922 languores,
564 880 601 909 et
622 875 778 923 spiritus
800 886 966 924 nequam
992 875 1140 909 exirent
1158 875 1207 910 ab
1225 875 1293 911 eis.
1368 877 1428 912 ἀπ’
1452 877 1576 914 αὐτῶν,
1597 876 1689 927 Οὐχὶ
1710 880 1888 929 φοροῦντες
1906 876 2057 922 ἥπτοντο
2079 875 2193 925 μόνον,
2216 874 2307 912 ἀλλὰ
2326 875 2387 912 καὶ

315 933 393 969 Non
423 933 612 983 tangebant
639 933 754 970 solum
786 934 933 971 ferentes
945 963 956 982 ‚
988 933 1050 971 sed
1085 934 1296 985 accipientes
1367 935 1601 984 λαμὸοίνοντες
1620 938 1830 974 ἐπετίθεσαν.
1847 936 1915 974 Διὰ
1929 941 2029 974 τοῦτο
2048 938 2109 973 οὒκ
2128 935 2182 972 εἴα
2203 938 2220 972 ὁ
2236 935 2386 986 Χριστὸς

315 994 555 1046 imponebant.
581 994 667 1032 Ideo
687 1008 756 1032 non
776 995 860 1033 sivit
882 994 1048 1032 Christus
1067 994 1171 1032 illum
1192 996 1244 1033 ire
1258 996 1295 1033 in
1367 997 1526 1034 ἀπελθεῖν
1545 997 1646 1034 αὑτὸν
1663 999 1708 1041 εἷς
1725 997 1787 1044 τὴν
1804 997 1933 1044 Ἀσίαν,
1951 1000 2064 1048 τηρῶν
2087 1000 2205 1034 τοῦτον
2232 996 2289 1033 τὸν
2308 1011 2385 1033 και-

315 1056 450 1103 Asiam,
458 1055 525 1092 hoc
533 1064 671 1107 tempus
682 1056 883 1104 observans,
894 1064 933 1093 ut
945 1069 1008 1107 ego
1019 1064 1116 1107 puto.
1129 1057 1189 1095 15.
1204 1059 1296 1095 Ten·
1369 1056 1436 1106 ρον,
1456 1060 1501 1099 ὡς
1517 1057 1623 1108 ἔγωγε
1644 1052 1753 1108 οἶμαι.
1774 1057 2033 1110 Ἐπεχείρησαν
2048 1056 2110 1094 1’δέ
2124 1071 2213 1098 τινες
2227 1055 2296 1093 ἀπὸ
2315 1058 2384 1093 τῶν

315 1123 493 1153 taverunt
526 1124 655 1153 autem
686 1117 844 1168 quidam
878 1131 926 1154 ea:
972 1119 1294 1155 circumeuntibus
1365 1118 1643 1169 περιερχομένων
1668 1118 1845 1156 Ἰουδαίων
1872 1118 2091 1170 ἐξορκιστῶν,
2118 1116 2297 1166 ὀνομάζειν
2326 1115 2384 1153 ἐπὶ

314 1176 344 1213 J
343 1177 462 1214 udoeis
477 1179 674 1214 exorcistis
691 1179 871 1215 invocare
881 1191 993 1228 super
1005 1191 1079 1226 eos,
1097 1181 1166 1230 qui
1178 1180 1294 1216 liabe-
1307 1209 1353 1233 309

314 1239 408 1274 bant
430 1239 585 1288 spiritus
612 1238 748 1287 malos,
779 1251 916 1276 nomen
926 1239 1086 1275 Domini
1096 1239 1203 1286 Jesu,
1226 1240 1289 1277 di-
1317 1246 1342 1274 A
1364 1238 1492 1290 Κυρίου
1510 1240 1645 1285 Ἰησοῦ,
1665 1239 1839 1290 λέγοντες·
1857 1239 2037 1292 ὁρκίζομεν
2053 1241 2142 1289 ὑμᾶς
2157 1238 2214 1275 τὸν
2233 1240 2382 1284 Ἰησοῦν,

310 1307 436 1335 centes
450 1314 460 1333 :
473 1298 515 1335 Α
517 1300 716 1350 djuramus
730 1312 801 1336 vos
817 1313 886 1350 per
903 1300 934 1336 J
932 1312 1050 1345 esum,
1069 1313 1180 1351 quem
1188 1301 1292 1338 Pau-
1362 1297 1398 1335 ὃν
1415 1300 1554 1342 Παῦλος
1571 1299 1747 1351 κηρύσσει.
1773 1299 1878 1338 Οὕτω
1905 1299 2020 1337 πάντα
2045 1298 2179 1337 ἐποίουν
2209 1313 2381 1349 πραγμα-

310 1359 370 1395 lus
392 1359 590 1408 praedicat.
618 1359 671 1395 Ita
701 1359 818 1397 omnia
843 1359 1018 1396 faciebant
1052 1359 1143 1397 lucri
1172 1374 1289 1399 causa.
1362 1359 1454 1402 τείας
1474 1359 1602 1397 ἕνεκεν.
1620 1359 1734 1411 ‘'Opa-
1755 1363 1938 1399 πιστεῦσαι
1960 1359 2020 1410 μὲν
2037 1361 2100 1398 οὖν.
2117 1359 2251 1406 ἤθελον,
2270 1358 2326 1396 διὰ
2345 1358 2381 1395 δὲ

309 1418 403 1455 Vide
418 1434 425 1454 :
442 1418 583 1456 credere
599 1417 742 1468 quidem
761 1419 926 1456 nolebant
940 1449 950 1467 ,
970 1419 1030 1456 scd
1048 1433 1111 1471 per
1130 1420 1197 1457 hoc
1227 1434 1289 1458 no·
1361 1423 1420 1457 τοῦ
1440 1419 1606 1470 ὀνόματος
1624 1420 1744 1466 ἤθελον
1757 1421 1938 1458 ἐκέοίλλειν
1959 1420 2035 1462 τσὺς
2053 1419 2233 1469 δαίμονας.
2252 1418 2381 1463 Βαὸαὶ,

306 1491 386 1514 men
411 1477 575 1515 volebant
612 1478 735 1529 ejicere
767 1477 954 1516 daemonia.
969 1480 1091 1531 Papae‚
1116 1490 1290 1530 quantum
1359 1479 1398 1517 τὸ
1413 1480 1521 1530 ὄνομα
1547 1485 1606 1518 τοῦ
1628 1481 1770 1518 Παύλου
1790 1481 1895 1519 πόσον
1921 1475 1974 1526 ἦν.
1996 1474 2113 1517 ῪΗσαν
2129 1479 2165 1517 δέ
2195 1494 2285 1521 τινες
2313 1479 2382 1516 υἱοὶ

307 1547 380 1575 erat
396 1552 519 1576 nomen
531 1539 633 1576 Pauli
651 1539 660 1578 Ζ
675 1540 735 1576 14.
753 1541 883 1577 Erant
899 1549 1028 1578 autem
1043 1542 1202 1591 quidam
1217 1543 1288 1580 Ju-
1360 1541 1477 1577 Σκευᾶ
1498 1540 1665 1578 Ἰουδαίου
1684 1541 1874 1592 ἀρχιερέως
1893 1541 1982 1579 ἑπτὰ
2003 1543 2035 1578 οἱ
2059 1543 2161 1577 τοῦτο
2187 1543 2376 1582 ποιοῦντες.

306 1600 380 1636 doei
397 1600 535 1646 Scevae,
552 1602 738 1651 principis
757 1601 1012 1644 sacerdotum,
1037 1610 1178 1651 septem
1191 1602 1284 1652 filii,
1359 1600 1557 1650 Ἀποκριθὲν
1587 1601 1623 1637 δὲ
1648 1602 1687 1638 τὸ
1710 1606 1848 1650 πνεῦμα
1867 1601 1906 1638 τὸ
1924 1601 2088 1650 πονηρὸν,
2117 1594 2211 1637 εἶπεν
2239 1602 2353 1642 αὐτοῖς
2371 1615 2378 1622 ·

306 1662 373 1709 qui
391 1660 1017 1712 lzocsaciebant.15.Respondens
1032 1669 1160 1697 autem
1177 1664 1287 1712 spiri·
1358 1659 1415 1696 τὸν
1444 1660 1578 1705 Ἰησοῦν
1607 1660 1787 1710 γινώσκω,
1816 1661 1875 1697 καὶ
1903 1660 1960 1697 τὸν
1994 1661 2134 1697 Παῦλον
2167 1659 2378 1708 ἐπίσταμαι,

306 1728 365 1756 tus
391 1733 576 1770 nequam,
597 1720 696 1756 dixit
719 1722 772 1756 eis
791 1735 801 1754 .·
823 1720 956 1756 Jesum
982 1722 1092 1765 novi,
1119 1728 1155 1756 et
1173 1722 1286 1758 Pau-
1358 1721 1454 1768 ὑμεῖς
1485 1719 1519 1756 δὲ
1545 1720 1633 1763 τίνες
1653 1721 1731 1758 ἐστέ
1741 1736 1750 1767 3
1775 1721 1845 1758 Καὶ
1875 1720 2106 1772 ἐφαλλόμενος
2133 1722 2187 1757 ἐπ’
2220 1719 2342 1763 αὐτοὺς
2359 1722 2378 1757 ὁ

306 1780 383 1815 lum
399 1782 476 1816 scio
488 1795 502 1822 ,·
519 1792 589 1815 vos
606 1787 733 1815 autem
751 1780 817 1829 qui
829 1781 919 1816 estis
934 1781 950 1814 Ρ
968 1780 1028 1816 16.
1042 1780 1093 1816 Et
1107 1780 1287 1819 insiliens
1359 1779 1555 1831 ἅνθρωπος,
1582 1783 1617 1818 ἐν
1657 1775 1685 1832 ᾧ
1712 1775 1754 1826 ἦν
1783 1781 1822 1818 τὸ
1840 1784 1977 1830 πνεῦμα
1998 1781 2037 1818 τὸ
2053 1779 2214 1830 πονηρὸν,
2236 1779 2294 1816 καὶ
2312 1795 2378 1817 κα-

304 1842 343 1874 in
360 1852 421 1875 eos
433 1839 558 1884 homo,
578 1841 618 1874 in
635 1852 708 1889 quo
725 1847 807 1876 erat
834 1839 1065 1876 doemonium
1078 1842 1288 1890 pessimum
1358 1845 1583 1893 τακυριεῦσαν
1601 1843 1724 1889 αὐτῶν,
1741 1841 1862 1893 ἴσχυσε
1881 1844 1958 1878 κατ’
1977 1842 2102 1888 αὐτῶν,
2120 1839 2209 1878 ὥστε
2227 1839 2377 1890 γυμνοὺς

302 1907 339 1936 et
351 1900 571 1936 dominatus
589 1913 730 1948 eorum,
748 1901 921 1938 invaluit
937 1909 1073 1938 contra
1086 1913 1161 1948 eos,
1176 1905 1233 1939 ita
1247 1909 1289 1941 ut
1310 1911 1332 1941 B
1358 1898 1416 1937 καὶ
1431 1901 1789 1952 τετραυματισμένους
1804 1903 1961 1953 ἐκφυγεῖν
1978 1904 2017 1939 ἐκ
2039 1904 2100 1939 τοῦ
2117 1901 2210 1939 οἴκου
2232 1900 2375 1939 ἐκείνου.

304 1961 397 1997 nudi
412 1968 447 1997 et
459 1962 582 1997 saucii
600 1960 823 2012 &sugerent
835 1961 882 1998 de
898 1961 1010 1998 domo
1026 1962 1111 1999 illa.
1131 1963 1288 2001 17.Ηοσ
1357 1963 1469 1999 Τοῦτο
1491 1960 1525 1999 δὲ
1555 1962 1689 2012 ἐγένετο
1718 1962 1870 2012 γνωστὸν
1900 1968 2007 2000 πᾶσιν
2036 1961 2216 2004 Ἰουδαίοις
2245 1977 2282 1998 τε
2315 1961 2375 1998 καὶ

303 2029 429 2058 autem
455 2022 745 2072 notumfactum
761 2029 816 2058 est
831 2022 862 2059 J
861 2022 980 2059 udoeis
998 2031 1115 2074 atque
1127 2024 1286 2074 gentili·
1355 2020 1508 2068 ἽΞλλησι
1529 2028 1598 2064 τοῖς
1614 2028 1812 2061 κατοικοῦσι
1831 2023 1893 2069 τὴν
1913 2024 2076 2074 Ἔφεσον.
2094 2025 2228 2060 Οὐκοῦν
2249 2024 2374 2059 λανθα-

304 2084 371 2119 bus
385 2111 394 2129 ,
415 2084 480 2132 qui
500 2083 734 2119 habitabant
751 2083 908 2133 Ephesi.
933 2082 1050 2133 Igitur
1070 2084 1162 2121 clam
1181 2084 1287 2122 facie·
1355 2081 1480 2124 νόντως
1500 2082 1647 2129 ἐποίουν,
1666 2077 1739 2120 εἶτα
1759 2083 2015 2134 ἐκπομπεύεται
2036 2084 2147 2120 αὐτῶν
2164 2086 2184 2128 ἡ
2204 2081 2373 2120 ἀσθένεια.

302 2142 387 2179 hant
399 2171 410 2189 ‚
432 2141 560 2178 deinde
577 2141 764 2191 divulgata
783 2149 833 2180 est
853 2141 997 2179 illorum
1015 2142 1216 2182 infirmitas.
1232 2147 1287 2183 Et
1356 2142 1427 2180 Καὶ
1445 2142 1590 2181 ἐπέπεσε
1614 2144 1717 2195 φόὸος
1738 2144 1796 2181 ἐπὶ
1811 2144 1944 2187 πάντας
1963 2142 2100 2190 αὐτοὺς,
2121 2143 2181 2181 καὶ
2200 2142 2374 2193 ἐμεγαλύ-

304 2203 438 2238 cecidit
455 2204 570 2239 timor
587 2215 698 2251 super
713 2215 842 2238 omnes
857 2203 948 2240 illos
960 2232 969 2251 ,
991 2211 1025 2240 et
1051 2206 1284 2257 magnifica-
1355 2219 1431 2240 νετο
1453 2204 1491 2241 τὸ
1511 2204 1620 2254 ὄνομα
1640 2210 1700 2242 τοῦ
1723 2204 1848 2256 Κυρίου
1865 2204 2003 2251 Ἰησοῦ,
2025 2203 2149 2242 πολλοί
2169 2219 2206 2240 τε
2222 2205 2290 2240 τῶν
2312 2219 2374 2240 πε-

306 2264 420 2298 batur
437 2275 574 2298 nomen
589 2263 750 2298 Domini
767 2262 876 2299 Jesu.
900 2261 961 2300 18.
982 2264 1176 2314 stIuZtique
1201 2279 1284 2303 cre-
1353 2264 1587 2301 πιστευκότων
1613 2265 1762 2316 ἤρχοντο
1788 2264 2091 2315 ἐξομολογούμενοι
2122 2262 2181 2300 καὶ
2202 2263 2374 2313 ἀναγγέλ-

305 2323 477 2359 dentium
488 2323 708 2369 veniebant,
723 2321 947 2370 confitentes
962 2331 998 2359 et
1006 2327 1286 2362 annuntiantes
1353 2324 1469 2366 λοντες
1479 2323 1541 2366 τὰς
1553 2324 1694 2374 πράξεις
1707 2326 1830 2362 αὐτῶν.
1847 2323 1992 2369 Ἐπειδὴ
2006 2323 2073 2374 γὰρ
2084 2322 2256 2367 τοσαύτην
2274 2321 2374 2372 ἰσχὺν

306 2391 415 2419 actus
429 2395 529 2419 suos.
553 2381 646 2427 Quia
661 2390 795 2418 tantam
813 2391 1022 2433 potestatem
1037 2383 1228 2434 habebant,
1248 2395 1286 2423 ut
1354 2381 1467 2433 ἔσχον,
1494 2382 1583 2420 ὥστε
1606 2384 1662 2420 διὰ
1679 2387 1748 2421 τῶν
1769 2384 1952 2434 δαιμονίων
1978 2387 2119 2420 τοιαῦτα
2140 2388 2262 2428 ποιεῖν,
2285 2382 2371 2420 εἰκό-

306 2456 367 2492 pcr
404 2441 578 2478 daemonia
614 2441 699 2478 talia
731 2441 897 2489 facerent,
930 2443 1055 2480 merito
1080 2443 1155 2481 haec
1181 2444 1285 2482 fiunt.
1353 2458 1418 2485 τως
1436 2446 1545 2480 ταῦτα
1570 2443 1713 2493 γίνεται,
1737 2443 1864 2482 Ἱκανοί
1885 2459 1922 2480 τε
1944 2446 2013 2480 τῶν
2031 2443 2075 2480 τὰ
2094 2442 2260 2494 περίεργα
2281 2457 2371 2494 πρα-

308 2503 371 2539 19.
390 2502 510 2538 Multi
532 2509 661 2538 autem
688 2514 735 2537 ex
760 2504 819 2546 iis,
853 2504 920 2552 qui
941 2503 1102 2553 fuerant
1133 2507 1286 2541 curiosa
1354 2501 1483 2544 ξοὶντων
1500 2503 1760 2555 συνενέγκαντες
1775 2505 1835 2546 τὰς
1852 2504 2006 2555 βίὸλους,
2024 2502 2207 2540 κατέκαιον
2225 2501 2370 2540 ἐνώπιον

305 2564 459 2607 sectati,
484 2561 728 2598 contulerunt
758 2562 900 2609 libros,
925 2570 961 2599 et
995 2565 1282 2602 combusserunt
1353 2562 1504 2611 πάντων,
1520 2564 1579 2601 καὶ
1595 2564 1830 2616 συνεψήφισαν
1848 2564 1909 2607 τὰς
1923 2564 2027 2613 τιμὰς
2048 2565 2174 2610 αὐτῶν,
2195 2562 2254 2600 καὶ
2273 2556 2369 2614 εῧρον

304 2636 435 2659 coram
449 2623 625 2659 omnibus
641 2637 651 2657 .·
669 2629 703 2658 et
718 2625 947 2673 computatis
962 2626 1091 2674 preciis
1109 2625 1278 2671 illorum,
1307 2630 1331 2660 C
1354 2624 1516 2675 ἀργυρίου
1533 2625 1700 2677 μυριάδας
1718 2625 1831 2662 πέντε.
1856 2624 1961 2662 Οὕτω
1981 2623 2070 2662 κατὰ
2088 2623 2214 2676 κράτος
2234 2626 2251 2660 ὃ
2270 2623 2370 2674 λόγος

304 2685 531 2719 invenerunt
563 2685 767 2732 pecuniam
808 2683 1055 2720 denariorum
1090 2687 1280 2737 quinqua-
1351 2688 1411 2721 τοῦ
1435 2684 1562 2737 Κυρίου
1582 2685 1706 2730 ηὔξανε
1721 2686 1779 2723 καὶ
1794 2687 1923 2737 ἴσχυεν,
1946 2684 2109 2731 Ἰδόντες,
2126 2684 2178 2721 ὅτι
2195 2683 2288 2721 οὐδὲν
2306 2687 2369 2720 αὖ-

300 2745 409 2793 ginta
423 2743 599 2780 millium.
610 2744 672 2780 ΞΟ.
683 2744 1105 2795 [tasortitercrescebat
1119 2748 1282 2783 verbum
1351 2746 1418 2780 τῶν
1436 2744 1554 2796 ὄφελος
1567 2746 1686 2783 λοιπὸν
1708 2741 1761 2792 ἦν,
1789 2750 1803 2766 ³
1815 2745 2041 2783 κατακαίουσι
2061 2743 2123 2787 τὰς
2140 2744 2295 2794 βίὸλους·
2311 2743 2369 2781 ὅτε

303 2803 389 2851 Dei,
419 2811 455 2840 et
476 2802 792 2854 confirmabatur.
810 2803 980 2842 Videntes
1009 2813 1126 2842 autem
1150 2819 1195 2843 ex
1224 2806 1281 2844 his
1351 2804 1410 2841 καὶ
1429 2804 1525 2842 αὐτοὶ
1546 2806 1576 2842 οἷ
1596 2805 1754 2856 δαίμονες
1780 2809 1890 2843 ταῦτα
1924 2809 2090 2842 ποιοῦσιν.
2122 2805 2198 2841 Οὐκ
2234 2803 2302 2855 ἄρα
2329 2802 2368 2839 τὸ

301 2860 466 2913 deinceps
491 2862 581 2899 nihjl
606 2862 675 2899 sihi
696 2862 860 2900 utilitatis
881 2863 976 2909 fore,
1002 2874 1210 2903 exusserunt
1230 2866 1277 2904 li-
1351 2865 1458 2915 ὄνομα
1474 2880 1507 2903 τι
1527 2872 1641 2912 ποιεῖ,
1663 2866 1703 2903 ἂν
1723 2866 1771 2916 μὴ
1796 2865 1885 2915 μετὰ
1899 2865 2048 2907 πίστεως
2063 2863 2222 2914 λέγηται.
2241 2864 2366 2906 Καλῶς

299 2920 382 2958 bros
397 2937 405 2957 :
422 2921 564 2972 quando
581 2922 650 2973 ipsi
670 2922 846 2959 daemones
864 2920 931 2960 hoc
946 2923 1093 2962 faciunt.
1105 2927 1182 2964 Non
1196 2941 1278 2978 ergo
1350 2926 1417 2977 ἄρα
1443 2926 1572 2978 ἔλεγεν,
1595 2927 1638 2965 Ὁ
1656 2926 1826 2966 πιστεύων
1856 2929 1902 2969 εἷς
1933 2926 1993 2976 ἐμὲ
2009 2956 2018 2973 ,
2045 2925 2182 2975 μείζονα
2208 2925 2365 2971 ποιήσει,

300 2994 424 3018 nomen
439 2981 625 3033 quidpiam
637 2981 733 3029 facit,
747 2981 814 3020 nisi
831 2995 913 3019 cum
931 2983 1002 3021 fide
1018 2983 1168 3025 dicatur.
1186 2987 1279 3025 Bene
1348 2991 1448 3024 τοῦτο
1483 2987 1522 3024 τὸ
1553 2990 1620 3025 τῶν
1657 2990 1762 3025 σκιῶν
1790 2986 2034 3036 αἰνιττόμενος.
2067 2985 2161 3036 ςὈρα
2194 2987 2268 3028 πῶς
2297 2989 2368 3026 τοῖς

97 3051 188 3079 Jmm.
217 3051 261 3091 ¹4·
299 3055 381 3092 crgo
392 3041 542 3091 dicebat,
554 3043 630 3093 Qui
641 3044 761 3081 credit
775 3045 816 3080 in
827 3056 900 3093 me,
914 3046 1062 3096 majora
1072 3047 1279 3097 faciet7has
1348 3046 1465 3090 ὅπλοις
1480 3050 1555 3085 καθ’
1574 3049 1703 3085 ἑαυτῶν
1727 3048 1930 3099 ἐχρήσαντο.
1952 3046 2020 3085 Καὶ
2041 3045 2229 3096 διελέγετο,
2250 3044 2365 3096 φησὶν,

104 3101 148 3119 ¹2·
300 3101 443 3139 umbras
476 3101 671 3139 insinuans.
690 3101 785 3140 Vide
812 3103 989 3153 quomodo
1021 3105 1129 3143 armis
1159 3117 1278 3145 contra
1349 3109 1383 3145 ἐν
1400 3111 1442 3159 τῇ
1465 3110 1577 3159 σχολῇ
1598 3108 1776 3161 Τυράννου
1794 3108 1883 3151 τινὸς
1913 3108 1970 3146 ἐπὶ
1997 3106 2055 3154 ἔτη
2088 3107 2158 3145 δύο.
2174 3106 2285 3144 Ἔνθα
2307 3121 2365 3143 πι·

298 3161 428 3212 scipsos
444 3161 497 3198 usi
511 3171 603 3199 sunt.
618 3164 670 3199 Et
683 3163 919 3214 disputabat,
936 3162 1063 3214 inquit,
1085 3168 1127 3202 in
1144 3168 1278 3205 schola
1348 3168 1422 3206 στοὶ
1440 3164 1542 3216 ιἦσαν,
1559 3168 1618 3205 καὶ
1634 3168 1763 3220 σφόδρα
1780 3168 1908 3206 πιστοί.
1923 3168 2044 3210 Οὕτως
2064 3166 2157 3205 οὐδὲν
2179 3166 2269 3217 μέγα
2284 3164 2362 3202 ἐνό-

301 3223 333 3258 T
325 3225 474 3273 yranni
493 3223 692 3273 cujusdam
709 3237 778 3273 per
794 3237 917 3261 annos
938 3224 1042 3262 duos.
1066 3225 1139 3263 Ubi
1155 3226 1275 3265 fideles
1350 3230 1445 3277 μιζον
1464 3228 1519 3266 τὸν
1544 3228 1690 3277 Ἰησοῦν,
1706 3227 1757 3266 ὅτι
1782 3229 1840 3266 καὶ
1861 3228 1916 3265 τὸν
1938 3230 2076 3266 Παῦλον
2098 3225 2361 3278 προσετίθεσαν,

1364 1176 1440 1219 τοὺς
1459 1178 1599 1229 ἔχοντας
1619 1178 1661 1216 τὰ
1680 1178 1863 1229 πνεύματα
1894 1179 1939 1216 τὰ
1966 1177 2101 1230 πονηρὰ
2124 1177 2162 1214 τὸ
2188 1178 2296 1226 ὄνομα
2322 1179 2382 1214 τοῦ

338 3352 353 3375 ¹>
377 3350 388 3391 ἱ
408 3352 486 3383 llaec
500 3376 508 3392 ‚
529 3355 558 3385 ῖέ
577 3367 648 3390 τινες
664 3358 721 3387 ἀπὸ
740 3363 806 3393 τῶν,
827 3351 944 3386 desunt
959 3354 991 3387 in
1007 3355 1062 3395 D,]
1399 3370 1410 3383 Ξ
1436 3365 1624 3393 aramum
1644 3365 1693 3397 τα,-
1709 3358 1929 3401 ,Ξιξλωςιίετει
1947 3357 1979 3389 in
1994 3355 2202 3401 quibusdum.
