2502 3810
698 251 740 279 ΙΝ
777 251 917 280 Epls'r.
958 250 1016 279 AD
1053 249 1160 279 ROM.

53 330 160 375 νήσας
170 332 211 380 τῇ
226 328 399 376 πίστει,οὐ
411 329 596 375 κατενόησε
610 330 649 367 τὸ
662 333 781 369 ἑαυτοῦ
792 334 894 381 σῶμα
908 346 1072 382 νενεκρω-

55 389 154 439 μένον
168 419 177 436 ,
198 389 443 436 ἑκατονταετης
459 405 524 428 που
538 390 703 443 ὑπάρχων
716 419 725 434 ,
746 392 804 429 καὶ
821 391 881 438 τὴν
906 391 1072 445 νέκρωσιν

53 454 114 497 τ’ῆς
136 450 270 502 μήτρας
299 454 361 497 τ’ῆς
388 452 540 503 Σάρρας.
568 446 668 494 Εἶδες
695 455 768 495 πῶς
796 452 912 499 τίθησι
939 453 998 490 καὶ
1028 453 1072 491 τὰ

55 510 263 561 κωλύματα,
279 511 338 548 καὶ
354 511 417 557 τὴν
432 512 567 563 ὑψηλὴν
584 517 642 550 τοῦ
659 513 789 565 δικαίου
802 513 942 563 γνώμην
959 512 1073 550 πάντα

55 572 348 622 ὑπερὸαίνουσαν,
368 574 459 623 Παρ’
489 573 610 611 ἐλπίδα
627 603 635 619 ,
660 573 763 624 φησὶ,
784 574 823 611 τὸ
851 574 1072 624 ἐπαγγελθέν.

54 633 166 669 Τοῦτο
183 631 331 682 κώλυμα
350 635 486 684 πρῶτον
503 648 511 656 ·
534 633 608 671 οὐδὲ
634 633 701 684 γὰρ
728 627 818 685 εἶχεν
839 634 939 676 αὐτὸς
958 635 1071 685 ἕτερον

54 691 214 743 Ἀδραὰμ
232 692 319 729 οὕτω
345 693 498 731 λαὸόντα
515 695 624 730 παῖδα
643 695 735 731 ἰδεῖν.
755 695 801 731 Οἱ
822 693 882 744 μὲν
903 694 970 747 γὰρ
998 695 1072 744 μετ’

55 752 156 789 αὐτὸν
169 782 178 799 ,
200 755 247 796 εἷς
269 753 368 791 αὐτὸν
387 753 533 791 {exemia
551 770 558 777 ·
579 755 704 798 ἐκεῖνος
722 753 756 791 δὲ
781 756 827 797 εἷς
843 754 976 801 οὐδένα,
998 756 1073 792 ἀλλ’

55 814 101 855 εἷς
117 812 174 850 τὸν
193 813 282 852 Θεὸν
302 813 402 863 μόνον
420 830 426 836 ·
445 815 496 852 διὸ
512 814 570 851 καὶ
590 816 680 865 Παρ’
697 814 821 851 ἐλπίδα
843 814 968 864 ἔλεγεν.
985 808 1074 852 Εἶτα

54 873 92 910 τὸ
121 876 222 923 σῶμα
252 874 527 926 νενεκρωμένον·
548 874 703 925 δεύτερον
733 879 852 912 τοῦτο·
870 874 928 911 καὶ
961 877 981 919 ἦ
1018 873 1074 911 νέ-

55 949 183 984 κρωσις
201 938 262 980 τ’ἧς
285 935 420 984 μήτρας
437 935 576 986 Σάρρας
593 950 600 957 ·
621 940 720 972 τοῦτο
738 934 797 971 καὶ
812 933 926 985 τρίτον
943 933 1001 970 καὶ
1020 932 1074 970 τέ-

56 1010 193 1046 ταρτον.
215 995 276 1037 Εἰς
292 994 327 1031 δὲ
356 994 418 1039 τὴν
442 994 650 1045 ἐπαγγελίαν
671 998 730 1031 τοῦ
750 996 841 1032 Θεοῦ
862 996 898 1031 οὐ
921 993 1073 1044 διεκρίθη

54 1057 96 1103 τῇ
117 1055 272 1106 ἀπιστίᾳ.
293 1055 383 1092 Οὐδὲ
399 1055 465 1106 γὰρ
483 1053 652 1097 ἀπόδειξιν
674 1053 813 1100 ἔδωκεν,
834 1053 911 1090 οὔτε
932 1058 1074 1102 σημεῖον

53 1113 214 1158 ἐποίησεν
231 1118 247 1151 ὁ
263 1115 363 1161 Θεὸς,
386 1114 475 1151 ἀλλὰ
494 1113 635 1164 ῥήματα
653 1108 695 1159 ἦν
711 1114 796 1165 ψιλὰ
818 1114 919 1162 μόνον
934 1144 941 1157 ,
963 1115 1076 1164 ἐπαγ-

52 1173 244 1223 γελλόμενα
266 1174 353 1226 ἅπερ
373 1177 436 1225 οὐχ
461 1177 661 1225 ὑπισχνεῖτο
688 1178 708 1219 ἦ
735 1173 846 1226 φύσις.
869 1174 959 1212 Ἀλλ’
983 1173 1077 1224 ὅμως

53 1236 106 1272 Οὐ
128 1233 299 1284 διεκρίθη,
319 1234 436 1286 φησίν.
461 1235 538 1272 Οὐκ
558 1229 650 1272 εἶπεν
665 1264 674 1281 ,
703 1233 756 1273 δ’τι
781 1236 842 1271 οὐκ
863 1235 1077 1281 ἠπίστησεν,

53 1295 149 1340 ἀλλ’,
172 1296 224 1332 Οὐ
244 1295 396 1347 διεκρίθη
416 1310 423 1318 ·
444 1294 619 1333 τουτέστιν
634 1325 643 1343 ,
673 1294 750 1333 οὐδὲ
778 1294 966 1333 ἐνεδοίασεν
1001 1294 1077 1332 οὐδὲ

53 1354 246 1406 ἀμφέὸαλε,
263 1356 322 1392 καὶ
339 1355 509 1393 τοσούτων
527 1355 634 1392 ὄντων
653 1359 720 1393 τῶν
742 1355 972 1406 κωλυμάτων.
994 1355 1078 1393 Ἀπὸ

53 1415 183 1453 τούτων
206 1415 444 1465 μανθάνομεν,
464 1415 518 1454 ὅτι
546 1416 608 1453 κᾶν
640 1415 746 1467 μυρία
766 1419 783 1453 ὁ
810 1416 898 1459 Θεὸς
927 1415 1078 1453 ἀδύνατα

53 1476 333 1526 ἐπαγγέλληται,
364 1476 410 1526 μὴ
440 1477 672 1523 καταδέξηται
688 1476 724 1515 δὲ
751 1479 768 1513 ὁ
798 1476 944 1524 ἀκούων,
964 1479 1001 1514 οὐ
1017 1479 1078 1522 τῆς

53 1541 121 1575 τῶν
144 1537 362 1589 πραγμάτων
380 1536 511 1588 φύσεώς
537 1539 627 1575 ἐστιν
649 1541 671 1583 ἡ
701 1536 878 1581 ἀσθένεια,
899 1537 989 1575 ἀλλὰ
1016 1541 1078 1584 τῆς

59 1598 177 1640 ἀνοίας
200 1601 261 1643 τῆς
278 1602 336 1635 τοῦ
359 1599 406 1648 μὴ
435 1598 631 1649 δεχομένου.
652 1597 742 1636 Ἀλλ’
763 1597 1003 1648 ἐνεδυναμώθη
1033 1601 1076 1649 τῇ

53 1657 183 1695 πίστει.
203 1656 298 1710 οΌρα
318 1658 458 1696 Παύλου
489 1657 704 1710 φιλοσοφίαν.
728 1658 873 1704 Ἐπειδὴ
902 1658 968 1711 γὰρ
998 1658 1078 1710 περὶ

54 1721 123 1755 τῶν
147 1718 385 1769 ἐργαζομένων
406 1718 464 1756 καὶ
491 1721 559 1756 τῶν
587 1718 820 1756 πιστευόντων
842 1714 881 1765 ἦν
912 1722 929 1756 ὁ
957 1719 1076 1770 λόγος,

54 1773 205 1816 δείκνυσι
224 1779 280 1816 τὸν
306 1779 514 1817 πιστεύοντα
539 1780 766 1832 ἐργαζόμενον
796 1781 926 1831 μᾶλλον
946 1779 968 1826 ἢ
990 1782 1078 1818 ἐκεῖ·

52 1855 129 1887 νον,
152 1840 210 1878 καὶ
238 1840 394 1883 πλείονος
415 1840 572 1890 δεόμενον
595 1840 770 1891 δυνάμεως
789 1841 847 1878 καὶ
868 1842 999 1888 πολλῆς
1015 1845 1077 1888 τῆς

55 1899 191 1951 ἰσχύος,
218 1899 277 1937 καὶ
299 1902 336 1938 οὐ
365 1900 422 1938 τὸν
443 1900 592 1951 τυχόντα
617 1902 833 1952 ὑπομένοντα
861 1902 975 1940 πόνον.
1007 1901 1077 1939 Καὶ

1200 248 1354 278 nomn„
2028 234 2119 280 553

1146 329 1250 366 didit.
1271 331 1321 367 Ut
1336 329 1430 367 enim
1446 330 1559 368 diseas
1579 331 1697 382 ipsum
1712 330 1757 368 de
1774 330 1847 370 illis
1860 330 1968 381 loqui,
1986 331 2069 368 audi
2083 345 2123 368 ea

1146 405 1225 441 quae
1262 399 1455 440 sequuntur
1487 407 1497 428 :
1535 392 1599 429 19.
1624 392 1676 428 Et
1704 406 1782 429 non
1818 392 2039 442 infirmatus
2068 400 2123 429 est

1132 452 1232 503 side,
1250 465 1319 488 nec
1339 453 1595 489 consideravit
1613 466 1747 503 corpus
1767 466 1876 490 suum
1896 461 2122 498 emortuum,

1144 526 1229 549 cum
1239 514 1425 565 jamsere
1442 522 1594 550 centum
1614 522 1711 551 esset
1729 528 1934 560 minorum,
1950 522 1986 551 et
2001 527 2122 550 emor-

1146 581 1251 610 tuam
1287 574 1449 610 vulvam
1479 574 1596 611 Saroe.
1627 573 1762 612 Viden'
1800 582 1840 610 ut
1867 573 2123 625 impedimenta

1096 635 1121 664 D
1144 640 1265 682 ponat,
1289 640 1321 668 et
1337 631 1547 682 altumjusti
1563 631 1722 669 animum
1741 632 1858 669 omnia
1871 632 2122 683 superantem?

1145 691 1293 728 Proeter
1305 705 1420 742 spem,
1444 690 1573 740 inquit,
1594 691 1689 740 quod
1703 691 1917 742 promissum
1938 701 2026 729 erat.
2048 692 2124 729 Hoc

1144 749 1302 799 primum
1323 748 1615 799 impedimentum
1641 766 1648 786 :
1671 764 1782 800 neque
1801 750 1893 786 enim
1913 750 2039 787 habuit
2064 750 2125 787 ille

1145 809 1296 845 alterum
1315 809 1569 851 Abrahamum,
1587 823 1692 859 quem
1711 810 1846 848 videret
1864 810 1912 847 ita
1931 812 2125 862 suscepisse

1145 869 1274 905 filium.
1298 870 1390 906 Nam
1412 869 1474 919 qui
1498 878 1576 920 post
1598 869 1704 906 illum
1731 870 1842 919 suere,
1862 870 1910 907 ad
1939 871 2043 908 illum
2070 886 2125 909 re-

1146 942 1313 979 spexere,
1336 930 1395 966 ille
1420 939 1538 966 autem
1557 929 1601 966 ad
1621 930 1775 975 nullum,
1795 930 1856 967 sed
1875 929 1920 967 ad
1933 932 2049 967 Deum
2071 945 2125 968 so-

1145 989 1219 1026 lum
1239 1006 1246 1026 :
1270 990 1417 1040 ideoque
1434 992 1583 1028 Proeter
1598 1005 1701 1042 spem
1720 991 1825 1029 dixit.
1847 992 1982 1029 Deinde
1998 1007 2127 1044 corpus

1145 1060 1347 1089 emortuum
1356 1067 1367 1102 3
1395 1052 1463 1090 hoc
1477 1052 1672 1090 secundum
1686 1062 1760 1103 est,
1782 1062 1814 1090 et
1837 1063 1995 1091 emortua
2019 1055 2128 1093 vulva

1146 1114 1266 1163 Sarae;
1288 1115 1357 1152 hoc
1376 1115 1520 1152 tertium
1536 1124 1568 1153 et
1584 1125 1762 1166 quartum.
1781 1119 1844 1154 20.
1864 1119 1912 1153 In
1928 1121 2128 1168 repromis-

1145 1178 1253 1213 sione
1267 1186 1396 1214 autem
1414 1178 1490 1214 Dei
1503 1191 1581 1214 non
1599 1179 1790 1215 lzaesitavit
1805 1179 2042 1231 diffidentia.
2060 1181 2130 1217 Ne-

1145 1251 1215 1287 que
1240 1237 1335 1275 enim
1354 1238 1691 1277 demonstrationem
1718 1239 1829 1287 dedit,
1849 1254 1960 1291 neque
1987 1241 2129 1292 signum

1102 1300 1124 1329 Ε
1145 1298 1228 1334 fecit
1247 1299 1351 1346 Deus,
1369 1298 1431 1336 sed
1444 1299 1552 1337 verba
1577 1309 1674 1337 erant
1696 1300 1873 1352 simplicia
1894 1301 2022 1351 solum,
2041 1317 2128 1354 pro—

1144 1357 1322 1395 mittentia
1342 1372 1379 1395 ea
1393 1389 1406 1405 ,
1429 1373 1507 1409 quae
1526 1368 1651 1397 natura
1665 1374 1733 1397 non
1755 1360 2000 1412 pollicebatur.
2023 1367 2127 1401 Atta-

1146 1432 1226 1455 men
1241 1420 1332 1461 Noa
1351 1421 1561 1469 hoesitavit,
1580 1420 1706 1471 inquit.
1731 1422 1811 1458 Non
1833 1421 1940 1469 dixit,
1955 1423 2035 1460 Non
2048 1437 2128 1461 cre-

1145 1475 1259 1527 didit,
1277 1476 1349 1525 sed,
1366 1479 1456 1515 Non
1470 1479 1663 1516 haesitavit
1677 1495 1691 1523 ;
1709 1478 1748 1516 id
1760 1489 1826 1529 est,
1842 1494 1912 1517 non
1930 1479 2126 1530 dubitavit,

1146 1536 1286 1574 etiamsi
1317 1547 1367 1575 tot
1398 1538 1652 1590 impedimenta
1682 1549 1809 1578 essent.
1839 1541 1932 1579 Hinc
1958 1541 2130 1580 discimus

1145 1598 1255 1648 quod,
1278 1599 1416 1636 etiamsi
1447 1601 1544 1637 Deus
1570 1600 1757 1639 innumera
1785 1602 2020 1654 impossibilia
2048 1619 2130 1656 pro-

1146 1659 1278 1709 mittat,
1297 1674 1359 1697 nec
1378 1660 1440 1710 qui
1459 1660 1559 1698 audit
1573 1662 1737 1700 admittat
1758 1663 1835 1709 illa,
1854 1663 2043 1703 infirmitas
2069 1667 2131 1703 illa

1147 1735 1216 1758 non
1229 1735 1275 1758 ex
1288 1736 1408 1759 rerum
1425 1731 1566 1771 natura,
1589 1722 1649 1760 sed
1668 1737 1688 1759 a
1708 1737 1777 1760 non
1798 1723 2019 1763 admittentis
2042 1728 2131 1764 stul-

1147 1781 1225 1819 titia
1240 1782 1495 1833 proficiseatur.
1513 1784 1588 1821 Sed
1602 1785 1843 1835 confortatus
1858 1794 1914 1823 est
1922 1786 2018 1837 fide.
2035 1787 2131 1825 Vide

1147 1840 1250 1877 Pauli
1266 1841 1542 1892 philosophiam.
1565 1842 1658 1889 Quia
1679 1843 1770 1879 enim
1786 1843 1831 1880 de
1852 1845 2080 1896 operantibus
2098 1856 2131 1884 et

1147 1901 1374 1940 credentibus
1395 1917 1509 1940 sermo
1527 1912 1615 1952 erat,
1634 1903 1787 1941 ostendit
1806 1919 1902 1954 eum,
1920 1905 1982 1955 qui
2002 1907 2129 1955 credit,

1394 249 1489 278 VIH.

52 1959 121 2011 γὰρ
155 1960 359 2004 ἐξευτέλιζον
392 1960 455 2007 τὴν
484 1961 600 1999 πίστιν
630 1965 674 2005 ὡς
698 1964 759 1999 οὐκ
787 1962 938 2014 ἔχουσαν,
955 1963 1072 2000 πόνον.
1089 1988 1135 2011 505
1147 1962 1260 2013 magis
1279 1963 1416 2014 operari
1432 1977 1538 2013 quam
1554 1964 1672 2013 illum,
1694 1973 1727 2001 et
1745 1965 1870 2016 majori
1886 1966 2019 2004 virtute
2041 1981 2129 2019 opus

54 2021 150 2071 Πρὸς
169 2026 267 2059 τοῦτο
293 2020 405 2058 τοίνυν
433 2021 613 2071 ἱστάμενος
646 2022 827 2070 δείκνυσιν,
844 2022 896 2060 ὅτι
916 2025 952 2061 οὐ
974 2022 1074 2074 μόνον

53 2083 72 2118 ὁ
103 2081 326 2133 σωφροσύνην
350 2086 526 2134 κατορθῶν
559 2081 580 2128 ἢ
613 2083 697 2121 ἄλλο
728 2100 762 2121 τι
792 2087 860 2121 τῶν
893 2084 1074 2131 τοιούτων,

55 2142 145 2179 ἀλλὰ
171 2142 230 2178 καὶ
256 2144 273 2179 ὁ
303 2142 420 2180 πίστιν
449 2142 726 2194 ἐπιδεικνύμενος
756 2144 933 2194 δυνάμεως
967 2146 1075 2183 δεῖται

54 2202 222 2245 πλείονος.
241 2202 381 2256 ςὨσπερ
400 2203 466 2255 γὰρ
487 2206 613 2247 ἐκεῖνος
632 2204 752 2256 χρείαν
771 2205 844 2257 ἔχει
865 2205 999 2257 ἰσχύος,
1019 2205 1075 2244 ἵνα

53 2263 131 2306 τοὺς
164 2267 225 2309 τῆς
257 2263 443 2307 ἀκολασίας
473 2265 721 2316 διακρούσηται
741 2265 927 2316 λογισμούς
948 2282 955 2289 ·
986 2266 1075 2304 οὕτω

53 2324 112 2362 καὶ
133 2318 228 2367 οὗτος
254 2324 373 2376 χρείαν
397 2325 469 2377 ἔχει
488 2326 664 2373 *δυνατῆς
694 2329 825 2379 ψυχῆς,
844 2326 901 2364 ἵνα
927 2326 988 2370 τὰς
1014 2330 1075 2373 τῆς

53 2384 216 2428 ἀπιστίας
235 2385 450 2432 ἐξωθήσηται
466 2386 608 2430 ἐννοίας.
629 2388 714 2440 Πῶς
733 2381 788 2424 οῧν
809 2387 943 2439 ἐγένετο
973 2389 1076 2440 ἰσχυ-

56 2444 133 2496 ρός,
147 2446 203 2497 Τῇ
224 2445 361 2493 πίστει,
378 2446 495 2498 φησὶν,
515 2448 552 2484 οὗ
571 2441 751 2498 λογισμοῖς
772 2447 808 2486 τὸ
829 2454 976 2500 πρᾶγμα
999 2451 1077 2486 ἐπι-

52 2506 182 2558 τρέψας
198 2522 205 2529 ·
224 2511 237 2527 ²¹
252 2507 327 2544 ἐπεὶ
346 2507 384 2544 ἂν
403 2507 583 2546 κατέπεσε.
600 2511 681 2552 Πῶς
698 2509 733 2547 δὲ
754 2509 860 2555 αὐτὴν
879 2509 941 2556 τὴν
958 2509 1076 2548 πίστιν

54 2566 263 2619 κατώρθωσε
275 2583 284 2614 ;
308 2567 396 2610 Δοὺς
424 2567 520 2611 δόξαν
540 2571 589 2621 τῷ
608 2571 689 2621 Θεῷ
702 2599 711 2617 ,
733 2569 831 2621 φησὶ,
852 2570 910 2608 καὶ
944 2572 1075 2623 πληρο-

55 2627 225 2679 φορηθεὶς,
244 2626 327 2665 ὅτιὸ
347 2627 572 2679 ἐπήγγελται,
592 2629 734 2674 δυνατός
748 2631 822 2668 ἐστι
842 2630 901 2668 καὶ
917 2633 1075 2676 ποι-ἧσαι.

53 2686 139 2741 Ἄρα
158 2687 196 2725 τὸ
217 2687 264 2736 μὴ
286 2689 590 2740 περιεργάζεσθαι,
614 2689 767 2734 δοξάζειν
797 2691 870 2728 ἐστὶ
888 2691 946 2729 τὸν
973 2691 1076 2738 Θεὸν,

54 2747 172 2800 ὥσπερ
194 2743 251 2787 οῧν
273 2749 312 2786 τὸ
331 2749 636 2802 περιεργάζεσθαι,
659 2753 892 2802 πλημμελεῖν.
915 2754 958 2790 Εἰ
978 2751 1013 2789 δὲ
1034 2753 1078 2791 τὰ

54 2810 150 2847 κάτω
181 2810 487 2862 περιεργαζόμενοι
514 2811 573 2848 καὶ
604 2813 782 2858 ζητοῦντες
809 2813 845 2849 οὐ
880 2811 1077 2863 δοξάζομεν,

55 2871 174 2923 πολλῷ
195 2873 326 2921 μᾶλλον
347 2871 410 2917 τὴν
431 2876 491 2909 τοῦ
519 2873 698 2911 Δεσπότου
715 2872 874 2924 γέννησιν
895 2876 1076 2927 πολυπρα-

56 2936 277 2981 γμονοῦντες,
299 2935 345 2975 ὡς
365 2932 559 2984 ὑίρίζοντες
587 2933 630 2971 τὰ
650 2933 783 2985 ἔσχατα
808 2934 1012 2985 πεισόμεθα.
1034 2936 1078 2972 Εἰ

54 2991 121 3044 γὰρ
139 2992 197 3030 τὸν
211 2992 314 3031 τύπον
332 2995 393 3039 τῆς
414 2994 636 3037 ἀναστάσεως
655 2997 692 3032 οὗ
710 2994 780 3047 χρὴ
804 2997 932 3043 ζητεῖν,
957 2996 1077 3046 πολλῷ

57 3053 186 3099 μᾶλλον
199 3053 241 3089 τὰ
261 3053 444 3105 ἀπόρρητα
463 3057 577 3092 ἐκεῖνα
597 3055 655 3092 καὶ
674 3055 812 3107 φρικτά.
833 3056 903 3094 Καὶ
921 3058 982 3094 οὐκ
1004 3050 1078 3093 εἶπε

57 3116 244 3161 πιστεύσας
273 3119 410 3166 ἁπλῶς,
443 3120 545 3168 ἀλλὰ,
578 3122 878 3175 Πληροφορηθείς.
911 3124 1078 3160 Τοιοῦτον

56 3182 125 3235 γὰρ
143 3186 164 3228 ἡ
194 3183 327 3232 πίστις,
344 3188 406 3231 τ’ῆς
437 3187 506 3225 ἀπὸ
532 3189 709 3239 λογισμῶν
741 3189 946 3234 ἀποδείξεως
975 3204 1078 3240 σαφε-

108 3325 120 3337 ’
146 3324 156 3364 [
175 3325 209 3355 Α.
228 3331 261 3355 el.
275 3335 377 3367 marg.
395 3325 496 3359 Savll.
517 3330 666 3370 Ξυνάμεως
683 3337 736 3368 τῆς
753 3330 885 3373 ψυχῆς.]

106 3384 118 3398 ⁴¹
142 3376 206 3416 [A.
241 3381 302 3410 ἐπεὶ
330 3383 382 3409 m'lv
412 3377 514 3409 Paulo
541 3386 616 3411 ante
639 3392 742 3423 marg.
775 3380 875 3414 Savil.
901 3387 1071 3425 ἐπέτρεψε-ι.

1101 2025 1124 2052 A
1146 2023 1276 2061 habere
1301 2024 1483 2074 multaque
1502 2024 1726 2074 fortitudine,
1752 2039 1814 2063 nec
1837 2040 1989 2078 parvum
2010 2028 2130 2066 subire

1144 2083 1315 2123 laborem.
1332 2085 1474 2122 Etenim
1487 2085 1541 2122 illi
1561 2084 1670 2122 fidem
1691 2086 1971 2138 vilipendebant,
1992 2098 2032 2126 ut
2051 2103 2128 2139 quae

1144 2144 1302 2182 laborem
1316 2159 1384 2182 non
1405 2145 1602 2183 sustineret.
1618 2146 1798 2184 Adversus
1817 2147 1910 2186 illud
1929 2158 2022 2186 stans
2047 2164 2129 2200 ergo

1147 2205 1298 2242 ostendit
1315 2219 1410 2253 eum,
1426 2206 1487 2256 qui
1502 2208 1772 2258 temperantiam
1785 2218 1903 2246 servat
1916 2219 1977 2247 aut
1992 2210 2130 2260 aliquid

1145 2266 1278 2315 simile,
1301 2266 1363 2304 sed
1382 2267 1488 2304 etiam
1501 2281 1596 2314 eum,
1619 2267 1680 2317 qui
1703 2268 1808 2305 fidem
1825 2269 1981 2319 exhibet,
2001 2273 2131 2322 majori

1145 2327 1280 2365 virtute
1310 2342 1399 2379 opus
1417 2328 1560 2365 habere.
1593 2328 1693 2367 Sicut
1716 2329 1811 2366 enim
1837 2330 1898 2367 ille
1922 2331 2132 2370 fortitudine

1146 2402 1234 2439 opus
1249 2388 1370 2435 habet,
1389 2398 1428 2426 ut
1443 2388 1599 2427 lasciviae
1620 2389 1847 2439 cogitationes
1872 2391 2027 2443 depellat
2049 2409 2057 2429 :
2083 2393 2132 2431 ita

1145 2460 1180 2489 et
1206 2451 1266 2489 hic
1291 2451 1374 2489 forti
1398 2452 1528 2500 animo,
1555 2460 1594 2490 ut
1613 2452 1874 2491 incredulitatis
1903 2455 2132 2506 cogitationes

1146 2510 1317 2547 eliminet.
1333 2510 1520 2558 Quomodo
1540 2511 1650 2562 igitur
1661 2511 1763 2548 fortis
1778 2513 1923 2550 effectus
1938 2514 2015 2550 est?
2030 2514 2134 2565 Fide,

1146 2570 1277 2620 inquit,
1305 2584 1416 2621 neque
1443 2571 1637 2609 ratiociniis
1664 2586 1739 2609 rem
1769 2573 1948 2624 permisit,
1975 2588 2058 2611 nam
2083 2574 2131 2612 ita

1102 2646 1125 2676 B
1147 2631 1368 2670 concidisset.
1389 2632 1576 2678 Quomodo
1592 2641 1711 2669 autem
1730 2633 1907 2671 credidit?
1923 2635 2036 2673 Dans
2051 2636 2130 2686 glo-

1148 2696 1248 2731 riam
1267 2694 1365 2741 Deo,
1393 2693 1524 2743 inquit,
1548 2695 1610 2731 91.
1633 2694 1857 2744 plenissime
1875 2697 2013 2744 sciens,
2039 2699 2132 2747 quia

1149 2769 1396 2809 quoeczcmque
1405 2757 1595 2806 promisit,
1609 2764 1744 2806 potens
1759 2765 1814 2793 est
1827 2758 2018 2808 etfacere.
2034 2758 2132 2809 Ergo

1149 2831 1218 2854 non
1234 2816 1371 2853 curiose
1390 2815 1552 2862 scrutari,
1569 2824 1621 2852 est
1637 2817 1754 2853 Deum
1770 2816 1989 2867 glorificare5
2010 2827 2049 2855 ut
2066 2833 2132 2856 cu-

1148 2878 1239 2915 riose
1276 2877 1476 2927 inquirere,
1505 2885 1557 2913 est
1587 2876 1701 2913 scelus
1733 2887 1946 2929 perpetrare.
1977 2879 2016 2917 Si
2047 2893 2132 2917 vero

1149 2953 1231 2977 cum
1259 2938 1423 2976 inferiora
1450 2937 1683 2987 disquirimus
1713 2946 1746 2974 et
1776 2947 1987 2988 scrutamur,
2017 2942 2131 2978 Deum

1149 3015 1218 3038 non
1235 2999 1475 3051 glorificamus
1486 3014 1497 3048 3
1516 2999 1629 3036 multo
1645 2998 1758 3049 magis
1775 3013 1855 3036 cum
1868 3000 2011 3037 Domini
2030 3014 2132 3052 gene-

1149 3060 1322 3098 rationem
1341 3059 1478 3096 curiose
1499 3068 1711 3107 scrutamur,
1736 3068 1774 3096 ut
1796 3059 1858 3109 qui
1881 3060 2132 3098 contumeliam

1150 3122 1360 3169 inferamus,
1387 3130 1544 3158 extrema
1575 3120 1764 3172 patiemur.
1788 3120 1825 3159 Si
1851 3120 1945 3158 enim
1970 3136 2131 3160 resurre—

1151 3185 1275 3224 ctionis
1288 3185 1438 3222 formam
1452 3183 1639 3234 exquirere
1649 3197 1717 3222 non
1734 3192 1883 3236 oportet,
1894 3185 2133 3223 multominus

1139 3326 1231 3360 Infra
1247 3327 1283 3359 A.
1301 3328 1493 3367 πλημμέλεια
1510 3335 1570 3365 pro
1582 3328 1779 3366 πλημμελεῖν,
1797 3326 1807 3367 J
