2502 3810
746 309 789 340 IN
827 310 967 340 EPlST.
1008 308 1066 338 ΑΙ)
1100 308 1208 338 ROM.

94 387 315 438 πληρωμένοι
335 388 450 434 πάσης
477 388 644 440 γνώσεως.
666 390 713 428 Τι’
734 392 799 442 γὰρ
829 393 857 429 εἶ
889 390 1107 442 φιλόστοργοι

93 447 154 497 μὲν
174 442 275 493 ἦσαν,
289 450 349 486 οὐκ
367 448 493 500 ᾔδεσαν
510 449 544 487 δὲ
562 453 635 493 πῶς
656 452 705 488 δεῖ
725 457 795 494 τοῖς
812 450 1028 503 φιλουμένοις
1045 464 1107 486 κε-

92 511 266 558 χρῆσθαι,
300 508 368 546 Διὰ
399 515 499 548 τοῦτο
528 510 742 561 προσέθηκε,
772 511 898 557 Πάσης
922 509 1106 562 γνώσεως,

93 567 273 617 δυνάμενοι
287 569 346 606 καὶ
360 570 482 614 ἄλλους
496 574 663 609 νουθετεῖν
676 587 683 594 ·
701 572 777 623 οὐχὶ
796 571 896 622 μόνον
912 569 1108 621 μανθάνειν,

93 627 181 665 ἀλλὰ
196 629 253 666 καὶ
270 630 725 684 διδάσκειν.Τολμηρότερον
744 632 778 669 δὲ
797 632 932 683 ἔγραψα
945 633 1024 680 ὑμῖν
1041 629 1110 667 ἀπὸ

94 686 227 739 μέρους.
247 688 344 741 ’Όρα
377 691 520 729 Παύλου
546 691 872 744 ταπεινοφροσύνην,
892 690 955 742 ὅρα
976 689 1109 741 σοφίαν,

92 750 167 790 πῶς
185 749 243 786 καὶ
264 753 403 800 βαθεῖαν
423 751 529 789 ἔδωκε
556 752 617 798 τὴν
637 752 748 802 τομὴν
767 754 801 789 ἐν
818 758 887 794 τοῖς
904 750 1109 802 ἔμπροσθεν,

92 809 150 846 καὶ
170 810 287 856 ἐπειδὴ
309 812 534 864 κατώρθωσεν
552 813 635 864 ὅπερ
653 812 810 851 ἐὸούλετο
825 843 834 860 ,
852 813 964 862 πολλῇ
981 811 1109 862 κέχρη-

91 886 149 907 ται
169 874 210 922 τῇ
234 872 400 924 θεραπείᾳ
427 873 545 912 πάλιν.
573 873 705 911 Ἱκανὸν
738 873 805 924 γὰρ
836 872 896 910 καὶ
915 877 1022 924 χωρὶς
1041 873 1108 907 τῶν

94 931 297 983 εἰρημένων,
325 933 408 971 αὐτὸ
428 938 526 971 τοῦτο
545 933 584 970 τὸ
603 935 816 984 ὁμολογῆσαι
837 931 1108 982 τετολμηκέναι,

92 992 248 1042 χαλάσαι
268 995 378 1030 αὐτῶν
410 994 466 1031 τὸν
496 993 605 1031 τόνον.
621 995 733 1031 Τοῦτο
753 993 812 1030 καὶ
828 991 1005 1043 Ἑὸραίοις
1035 994 1108 1030 ἐπι-

93 1052 242 1089 στέλλων
274 1060 387 1098 ποιεῖ,
417 1053 527 1105 λέγων
561 1053 647 1091 οὕτω
664 1068 671 1076 ·
702 1052 928 1101 Πεπείσμεθα
963 1051 997 1089 δὲ
1029 1051 1109 1104 περὶ

91 1112 200 1159 ὑμῶν,
221 1114 408 1162 ἀγαπητοὶ,
425 1114 467 1150 τὰ
483 1113 663 1165 κρείττονα
680 1113 737 1150 καὶ
753 1112 903 1164 ἐχόμενα
924 1111 1110 1161 σωτηρίας,

91 1171 120 1206 εἰ
147 1171 205 1208 καὶ
221 1171 310 1209 οὕτω
328 1175 512 1223 λαλοῦμεν.
535 1173 603 1210 Καὶ
625 1172 816 1224 Κορινθίοις
836 1171 941 1209 πάλιν
962 1170 1109 1221 ὁμοίως,

90 1229 248 1269 Ἐπαινῶ
266 1231 301 1270 δὲ
321 1236 410 1282 ὑμᾶς
425 1263 434 1280 ,
452 1232 504 1270 ὅτι
534 1233 650 1271 πάντα
667 1249 732 1282 μου
754 1232 931 1283 μέμνησθε
943 1262 952 1279 ,
972 1231 1031 1269 καὶ
1048 1247 1109 1269 κα-

89 1290 156 1334 θὼς
177 1293 383 1344 ἐιπαρέδωκα
403 1297 482 1345 ὑμῖν
504 1295 564 1337 τὰς
579 1295 807 1347 παραδόσεις,
825 1294 912 1332 οὕτω
932 1293 1108 1345 κατέχετε.

92 1352 160 1390 Καὶ
178 1354 352 1397 Γαλάταις
368 1355 402 1392 δὲ
418 1355 631 1393 ἐπιστέλλων
645 1355 753 1407 ἔλεγε,
770 1355 929 1393 Πέποιθα
945 1356 992 1397 εἷς
1007 1358 1107 1404 ὑμᾶς,

91 1412 144 1449 ὅτι
164 1414 258 1451 οὐδὲν
278 1415 362 1452 ἄλλο
378 1416 577 1467 φρονήσετε.
600 1416 669 1453 Καὶ
688 1419 868 1467 πανταχοῦ
888 1414 923 1452 δὲ
941 1418 1008 1452 τῶν
1027 1417 1107 1452 ἐπι-

92 1476 223 1511 στολῶν
247 1479 347 1513 τοῦτο
367 1476 459 1529 εὕροι
483 1494 534 1521 τις
559 1477 598 1515 ἂν
618 1477 656 1515 τὸ
675 1476 839 1529 θεώρημα
860 1475 1000 1528 δαψιλές
1014 1492 1021 1499 ·
1048 1478 1106 1514 ἐν·

91 1538 199 1572 ταῦθα
219 1534 333 1573 δὲκαὶ
364 1537 536 1587 μειζόνως.
568 1537 635 1576 Καὶ
656 1537 723 1590 γὰρ
752 1539 787 1574 ἐν
820 1537 991 1587 ἀξιώματι
1020 1531 1108 1582 ἦσαν

90 1595 244 1644 πλείονι,
265 1597 323 1634 καὶ
343 1597 411 1635 ἔδει
437 1598 714 1650 φλεγμαίνουσαν
737 1597 799 1644 τὴν
821 1598 972 1636 διάνοιαν
996 1600 1107 1635 αὐτῶν

90 1657 348 1705 καταστέλλειν,
382 1659 430 1710 μὴ
464 1662 512 1711 τῷ
537 1659 675 1711 στύφειν
698 1659 813 1709 μόνον,
850 1658 939 1696 ἀλλὰ
967 1658 1026 1696 καὶ
1058 1661 1108 1710 τῷ

89 1721 201 1770 χαλᾷν
220 1735 227 1742 ·
248 1719 306 1757 καὶ
322 1720 388 1772 γὰρ
409 1720 579 1773 διαφόρως
599 1720 683 1758 αὐτὸ
699 1726 803 1758 ποιεῖ.
822 1719 885 1757 Διὸ
904 1720 963 1757 καὶ
982 1721 1108 1758 ἐνταῦ-

90 1780 132 1817 θά
151 1796 255 1831 φησι,
274 1781 539 1832 Τολμηρότερον
555 1785 635 1832 ὑμῖν
651 1781 800 1833 ἔγραψα.
815 1780 884 1819 Καὶ
903 1779 978 1818 οὐδὲ
994 1779 1105 1831 τούτῳ

89 1842 266 1891 ἀρκεῖται,
287 1841 376 1879 ἀλλὰ
395 1842 622 1894 προσέθηκεν,
644 1841 727 1879 Ἀπὸ
748 1842 888 1893 μέρους,
914 1840 1104 1887 τουτέστιν,

88 1901 215 1952 ἠρέμα.
237 1902 305 1940 Καὶ
325 1903 401 1940 οὐδὲ
422 1905 568 1941 ἐνταῦθα
588 1903 689 1950 ἔστη,
711 1902 801 1941 ἀλλὰ
832 1903 865 1940 τί
899 1917 1020 1954 φησιν;
1041 1901 1105 1944 (Ως

87 1963 407 2013 ἐπαναμιμνήσκων
423 1967 525 2014 ὑμᾶς.
539 1964 608 2003 Καὶ
624 1967 684 2002 οὐκ
698 1959 771 2002 εἷπε
785 1994 794 2010 ,
811 1963 997 2010 διδάσκων,
1016 1962 1104 2010 οὐδὲ,
1134 1972 1135 1977 ’

88 2025 374 2074 ἀναμιμνήσκων,
408 2027 499 2072 ἀλλ’,
531 2025 894 2076 Ἐπαναμιμνήσκων,
930 2024 1104 2071 τουτέστι,

88 2084 210 2137 μικρόν
226 2101 259 2122 τι
274 2085 560 2136 ἀναμιμνήσκων.
583 2085 691 2138 εΟρᾷς
703 2087 741 2124 τὸ
756 2086 851 2130 τέλος
866 2088 915 2137 τῷ
931 2085 1103 2138 προοιμίῳ

87 2145 276 2195 συμὲαῖνον
293 2161 302 2194 3
321 2145 465 2197 εὨσπερ
498 2146 564 2197 γὰρ
598 2149 668 2184 ἐκεῖ
697 2147 828 2197 ἔλεγεν,
847 2147 900 2185 ὅτι
922 2146 967 2184 ἹΙ
987 2146 1103 2189 πίστις

84 2210 180 2256 ὑμῶν
199 2206 472 2257 καταγγέλλεται
491 2209 526 2245 ἐν
545 2206 613 2260 ὅλῳ
628 2210 677 2258 τῷ
704 2207 844 2259 κόσμῳ,
863 2206 953 2245 οὕτω
981 2207 1040 2245 καὶ
1067 2209 1101 2244 ἐν

83 2269 134 2318 τῷ
159 2267 251 2305 τέλει
277 2270 340 2313 τῆς
361 2269 565 2314 ἐπιστολῆς·
597 2267 642 2305 ἹΙ
662 2267 730 2319 γὰρ
748 2270 849 2318 ἡμῶν
883 2267 1018 2314 ὑπακοὴ
1055 2269 1101 2311 εἷς

83 2328 217 2370 πάντας
250 2327 403 2380 ἀφίκετο.
441 2328 510 2366 Καὶ
545 2327 663 2379 ὥσπερ
704 2328 896 2380 ἀρχόμενος
932 2328 1075 2379 *ἔλεγεν
1091 2344 1098 2351 ·

83 2388 264 2426 Ἐπιποθῶ
293 2388 359 2440 γὰρ
394 2391 483 2440 ὑμᾶς
516 2390 611 2437 ἰδεῖν,
640 2388 697 2427 ἵνα
725 2405 759 2427 τι
781 2390 920 2440 μεταδῶ
939 2389 1100 2441 χάρισμα

82 2451 162 2498 ὑμῖν
192 2450 424 2500 πνευματικὸν
459 2452 506 2493 εἷς
539 2450 579 2487 τὸ
607 2454 838 2502 στηριχθῆναι
865 2452 972 2500 ὑμᾶς·
1000 2455 1100 2488 τοῦτο

82 2509 119 2548 δέ
138 2512 227 2557 ἐστι,
247 2512 607 2562 συμπαρακληθῆναι·
638 2512 727 2548 οὕτω
756 2511 815 2549 καὶ
844 2513 1010 2558 ἐνταῦθα,
1037 2510 1099 2555 Ὡς

82 2571 415 2621 ἐπαναμιμνήσκων,
431 2571 537 2623 ἔλεγε.
553 2573 622 2611 Καὶ
638 2572 706 2610 ἀπὸ
725 2577 783 2610 τοῦ
803 2571 921 2623 θρόνου
941 2571 1097 2614 καταὸὰς

80 2635 139 2670 τοῦ
160 2633 403 2670 διδασκαλικοῦ
421 2661 430 2679 ,
452 2633 510 2670 καὶ
530 2635 599 2670 ἐκεῖ
623 2632 681 2670 καὶ
712 2635 856 2670 ἐνταῦθα
874 2634 920 2674 ὡς
939 2633 1096 2683 ἀδελφοῖς

82 2691 300 2744 διαλέγεται,
321 2692 379 2733 καὶ
406 2692 515 2743 φίλοις
542 2692 601 2730 καὶ
630 2689 826 2742 ὁμοτίμοις·
844 2692 861 2729 ὃ
880 2692 921 2737 δὴ
942 2692 1096 2741 μάλιστά

80 2755 154 2791 ἐστι
180 2753 406 2799 διδασκάλου,
429 2752 444 2772 ¹³
459 2752 707 2791 διαποικίλλειν
727 2753 783 2790 τὸν
802 2753 904 2803 λόγον
924 2751 1009 2803 πρὸς
1033 2752 1094 2799 τὴν

78 2816 146 2852 τῶν
167 2814 359 2851 ἀκουόντων
381 2814 561 2865 ὠφέλειαν.
583 2812 679 2866 σΟρα
699 2818 777 2864 γοῦν
797 2815 871 2855 πῶς
892 2811 1011 2859 εἰπὼν,
1044 2812 1096 2850 δ’τι

78 2875 345 2928 Τολμηρότερον
361 2875 518 2926 ἔγραψα,
536 2874 595 2912 καὶ
623 2874 675 2912 ὅτι
701 2874 784 2912 Ἀπὸ
805 2873 945 2926 μέρους,
968 2873 1026 2910 καὶ
1043 2873 1095 2911 ὅτι
1135 2889 1139 2897 ‘

79 2936 140 2980 Ὡς
157 2935 490 2986 ἐπαναμιμνήσκων,
507 2935 583 2973 οὐδὲ
599 2934 731 2978 τούτοις
745 2934 897 2985 ἠρκέσθη
908 2964 917 2981 ,
936 2934 1024 2972 ἀλλὰ
1039 2949 1098 2971 τα-

10 3000 14 3004 ”
77 2998 273 3050 πεινότερον
295 2997 346 3035 ἔτι
374 2999 481 3035 ποιῶν
512 2995 568 3033 τὸν
599 2995 711 3047 λόγον,
734 2995 906 3047 ἐπήγαγε·
935 2994 1003 3032 Διὰ
1035 2994 1097 3041 τὴν

77 3054 182 3114 χάριν
198 3062 261 3108 τὴν
283 3061 439 3100 δοθεῖσάν
461 3077 518 3112 μοι
537 3061 604 3099 ὑπὸ
623 3064 682 3098 τοῦ
702 3062 793 3098 Θεοῦ
809 3076 816 3083 ·
836 3060 853 3098 ὃ
869 3060 927 3097 καὶ
945 3059 1097 3112 ἀρχόμε-

77 3144 131 3171 νος
160 3128 287 3179 ἔλεγεν,
323 3127 529 3180 Ὀφειλέτης
563 3126 647 3177 εἶμί.
684 3125 826 3164 Ὡσανεὶ
865 3125 992 3177 ἔλεγεν,
1035 3128 1096 3163 οὐκ

79 3198 218 3248 ἐμαυτῷ
243 3196 387 3249 ἥρπασα
415 3195 477 3243 τὴν
496 3194 616 3245 τιμὴν,
646 3194 721 3233 οὐδὲ
749 3194 954 3241 ἐπεπήδησα
984 3193 1096 3246 τούτῳ

122 3321 134 3334 ³
158 3308 272 3342 Morel.
289 3307 356 3352 [Α]
370 3312 527 3354 nup-iicon).
543 3314 597 3345 τὰς
612 3311 803 3353 παραῧὸσεις,
819 3307 940 3339 omisso
957 3310 1034 3349 ὑμῖν.

122 3362 138 3380 *⁵
165 3362 316 3406 [ἔγραφεν
336 3362 378 3393 A.
394 3368 426 3392 et
444 3371 547 3403 marg.
567 3359 688 3403 Savil.]

124 3416 140 3438 b
163 3412 255 3444 Unus
277 3410 390 3443 Codex
406 3417 439 3445 τὸ
460 3415 618 3446 ποικίλλειν
635 3410 703 3453 [Sic
719 3411 754 3441 A.
770 3411 876 3451 Atque
891 3408 1030 3441 articulo
1048 3409 1080 3440 iu

79 3463 181 3495 altera
207 3462 385 3505 scriptione
410 3473 493 3506 aegre
518 3474 677 3494 caremus.
695 3461 783 3493 Infra
806 3473 838 3503 p.
859 3462 938 3501 731,
956 3462 990 3502 B,
1006 3460 1025 3492 l.
1049 3462 1077 3501 2,

1135 1544 1157 1573 C
1184 1540 1322 1577 Galatis
1356 1549 1473 1577 autem
1502 1540 1656 1577 scribens
1696 1540 1836 1578 dicebat
1866 1558 1873 1578 :

1244 309 1398 339 noim„
1442 311 1568 341 xxix.
2072 298 2162 342 803

2247 402 2364 449 Bonitas

2176 452 2229 479 pro
2246 453 2367 470 univer-

2177 493 2206 511 sa
2221 485 2341 512 virtute.

1183 389 1241 435 tis,
1265 389 1340 440 sed,
1372 392 1490 428 Pleni
1505 395 1594 431 estis
1621 394 1803 432 bonitate.
1823 393 1870 430 Et
1887 392 1983 444 quod
2002 393 2160 443 sequitur

1190 463 1272 486 cum
1289 450 1408 488 eadem
1421 452 1584 504 emphasi
1600 454 1744 505 profert,
1758 454 1907 505 Repleti
1922 457 2026 492 omni
2042 456 2161 493 scien-

1185 511 1251 546 tia.
1273 510 1370 556 Quid
1391 512 1484 548 enim
1503 512 1532 549 si
1551 513 1758 551 dilexissent
1778 514 1938 565 quidem,
1970 514 2032 552 sed
2051 516 2163 553 nesei-

1184 568 1314 606 vissent
1345 584 1414 620 quo
1439 581 1542 622 paeto
1563 582 1737 624 oporteret
1765 588 1845 611 eum
1863 574 2000 612 dilectis
2030 575 2162 626 agere?

1184 628 1372 680 Propterea
1391 630 1534 682 adjecit,
1560 634 1675 670 Omni
1694 636 1855 671 scientia
1866 650 1880 678 ,·
1902 637 1958 672 ita
1979 643 2019 672 ut
2037 638 2163 687 possi—

1185 691 1233 725 tis
1257 692 1374 726 etiam
1395 691 1494 728 alios
1514 705 1687 736 monere;
1719 707 1781 730 nee
1801 694 1906 732 modo
1924 695 2072 745 discere,
2101 695 2164 733 sed

1184 745 1288 782 etiam
1308 746 1442 784 docere.
1464 749 1523 786 15.
1539 748 1743 788 Audacius
1761 760 1888 788 alitem
1902 755 2035 803 scripsi
2050 755 2161 790 vobis

1184 819 1231 842 ex
1263 815 1386 857 parte.
1435 808 1533 846 Vide
1565 809 1668 846 Pauli
1700 810 1951 860 humilitatem,
1986 813 2070 851 vide
2103 827 2160 850 sa-

1183 867 1368 918 pientiam,
1389 869 1566 918 quomodo
1589 870 1625 906 in
1646 872 1924 921 praecedentibus
1950 874 2163 925 profundam

1136 934 1159 962 B
1183 927 1355 966 inflixerit
1373 930 1530 980 plagam,
1554 939 1585 967 et
1605 941 1792 982 postquam
1811 933 1909 983 quod
1928 934 2068 971 volebat
2087 950 2163 987 per·

1182 989 1274 1037 feeit,
1310 990 1420 1027 multa
1451 990 1617 1042 deinceps
1641 992 1760 1029 utatur
1790 993 1937 1031 medela.
1973 997 2164 1033 Praeterea

1182 1049 1289 1095 enim,
1313 1063 1390 1098 quae
1407 1049 1500 1087 dieta
1516 1060 1611 1098 sunt,
1631 1052 1831 1089 sufficiehat
1844 1053 1942 1103 quod
1958 1069 1993 1091 se
2006 1055 2164 1105 asperius

1181 1111 1423 1162 audaciusque
1444 1112 1632 1162 loquutum
1662 1114 1841 1163 fateretur,
1866 1125 1905 1152 ut
1925 1116 2069 1154 illorum
2092 1117 2166 1154 ani-

1182 1183 1280 1207 mum
1301 1171 1492 1222 mitigaret.
1526 1172 1602 1209 Hoc
1622 1182 1653 1210 et
1674 1173 1718 1210 ad
1742 1174 1907 1212 Hebraeos
1930 1176 2086 1214 scribens
2115 1178 2166 1214 fa-

1182 1230 1241 1278 cit,
1270 1230 1319 1268 ita
1345 1231 1515 1282 loquens:
1540 1234 1780 1285 Corgsidimus
1811 1244 1938 1272 autem
1968 1237 2015 1273 de
2042 1240 2162 1283 vobis,
2183 1252 2270 1282 Helm
2287 1254 2314 1283 6.
2331 1265 2363 1295 9.

1182 1295 1436 1341 dilectissimi,
1466 1297 1629 1334 meliora
1658 1306 1693 1335 et
1713 1300 1906 1336 viciniora
1939 1301 2059 1338 saluti
2078 1316 2088 1336 .·
2108 1311 2165 1339 ta-

1182 1359 1293 1393 metsi
1326 1359 1382 1394 ita
1416 1358 1622 1409 loquimur.
1668 1358 1713 1396 Et
1739 1360 1934 1398 Corinthiis
1967 1362 2131 1399 similiter
2155 1379 2162 1399 :

1181 1417 1316 1454 Laudo
1331 1431 1413 1465 vos,
1431 1420 1521 1469 quia
1538 1433 1606 1469 per
1620 1422 1750 1456 omnia
1766 1423 1840 1457 mei
1853 1435 2035 1459 memores
2052 1425 2141 1460 estis
2153 1439 2163 1459 .·
2184 1442 2209 1462 1.
2226 1434 2297 1464 Cor.
2316 1444 2362 1463 11.

1179 1485 1216 1514 et
1236 1481 1333 1516 sicut
1357 1480 1501 1515 tradidi
1529 1481 1641 1516 vobis
1665 1481 1904 1527 tradiciones,
1937 1485 1994 1519 ita
2016 1487 2163 1522 tenetis.
2182 1485 2210 1503 ²·

1917 1543 2078 1591 Confido
2123 1547 2165 1581 in
2181 1560 2249 1588 Gal.
2263 1559 2292 1588 5,
2313 1567 2358 1589 10,

1183 1603 1307 1647 vobis,
1336 1602 1440 1652 quod
1459 1602 1558 1638 nihil
1575 1602 1687 1638 aliud
1703 1604 1887 1640 sentiatis.
1910 1603 1955 1640 Et
1976 1604 2107 1654 ubique
2127 1605 2163 1643 in

1181 1663 1293 1714 ipsius
1310 1663 1465 1715 epistolis
1480 1663 1571 1700 hane
1587 1663 1791 1700 sententiam
1807 1664 2005 1714 frequenter
2018 1666 2161 1715 videas3

1182 1723 1240 1760 hic
1258 1738 1342 1763 vero
1362 1724 1528 1761 maxime.
1558 1725 1649 1761 Nam
1669 1723 1704 1779 in
1723 1724 1855 1775 majore
1871 1734 1970 1762 'erant
1990 1725 2163 1776 dignitate

1181 1785 1377 1834 constituti,
1405 1798 1563 1836 opusque
1591 1793 1665 1821 erat
1692 1794 1886 1824 tumentem
1914 1785 2060 1823 illorum
2079 1787 2162 1824 ani—

1179 1859 1279 1882 mum
1307 1846 1518 1897 deprimere,
1550 1859 1618 1882 non
1644 1845 1911 1896 perstringendo
1940 1847 2068 1895 solum,
2100 1847 2164 1885 sed

1180 1905 1288 1944 etiam
1310 1906 1546 1956 remittendo,
1572 1921 1653 1943 nam
1679 1906 1821 1944 diversa
1843 1906 1933 1944 illud
1953 1907 2086 1945 ratione
2110 1910 2162 1945 sa-

1180 1967 1238 2004 ciet.
1269 1969 1458 2019 Propterea
1478 1968 1545 2005 1100
1577 1968 1655 2005 loeo
1686 1967 1789 2015 dicit,
1824 1968 2028 2006 Audacius
2050 1972 2162 2007 vobis

1179 2031 1326 2080 scripsi.
1350 2030 1470 2079 Neque
1488 2029 1554 2066 hoe
1570 2029 1654 2066 satis
1673 2028 1728 2066 illi
1747 2028 1826 2076 fuit,
1847 2029 1909 2067 sed
1927 2030 2071 2081 adjecit,
2096 2033 2161 2068 Ex

1176 2099 1301 2141 parte,
1334 2090 1400 2127 hoe
1418 2099 1480 2138 est,
1503 2090 1645 2127 sensim.
1678 2091 1798 2140 Neque
1820 2088 1878 2127 hic
1900 2091 2068 2137 constitit,
2100 2092 2161 2129 sed

1178 2153 1267 2203 quid
1283 2153 1359 2190 ait?
1381 2155 1594 2205 Tamquam
1614 2156 1654 2190 in
1675 2156 1899 2190 memoriam
1919 2156 2030 2192 vobis
2049 2156 2160 2192 redu-

1176 2230 1277 2254 cens.
1298 2217 1370 2253 Nec
1386 2216 1491 2265 dixit,
1511 2218 1661 2264 Doeens,
1678 2230 1805 2266 neque,
1822 2217 2160 2265 Commonefaciens,

1177 2277 1250 2326 sed,
1270 2280 1318 2316 In
1340 2281 1563 2316 memoriam
1585 2279 1784 2324 reducens,
1820 2277 1856 2314 id
1882 2287 1944 2324 est,
1970 2278 2160 2330 paululum

1175 2354 1470 2378 commemorans.
1508 2340 1639 2379 Viden'
1661 2340 1769 2377 finem
1791 2353 1871 2376 eum
1896 2338 2042 2377 exordio
2071 2354 2158 2377 eon-

1174 2403 1327 2441 sentire?
1360 2404 1460 2441 Sicut
1502 2402 1596 2439 enim
1628 2401 1701 2439 illie
1745 2401 1884 2439 dicebat
1912 2417 1920 2437 :
1947 2403 2064 2440 Fides
2085 2417 2156 2440 ‘ve-
2174 2418 2356 2449 1107„‚1‚3‚

1172 2473 1254 2504 stra
1274 2466 1532 2502 annuntiatur
1557 2465 1596 2499 in
1623 2465 1801 2499 universo
1835 2463 1977 2499 mundo
2005 2478 2016 2498 .-
2043 2462 2093 2500 sic
2127 2471 2159 2500 et
2179 2469 2224 2488 ¹¹·

1172 2525 1208 2561 in
1236 2523 1394 2575 epistolae
1419 2523 1514 2559 fine:
1536 2523 1764 2559 Obediencia
1790 2530 1924 2558 vestra
1951 2522 2006 2558 ad
2029 2535 2158 2559 omnes

1169 2586 1354 2635 pervenit.
1382 2582 1428 2619 Et
1448 2583 1539 2619 sicut
1558 2581 1593 2618 in
1615 2580 1760 2618 exordio
1781 2579 1922 2617 dicebat
1941 2596 1948 2616 :
1967 2583 2155 2619 Desidere

1173 2647 1275 2681 enim
1295 2644 1429 2680 videre
1455 2655 1539 2687 vos,
1568 2650 1609 2678 ut
1632 2641 1808 2691 aliquam
1837 2642 1948 2677 vobis
1973 2645 2157 2691 spiritua·

1173 2705 1243 2741 lem
1264 2704 1433 2754 gratiam
1454 2704 1651 2751 impertiar
1676 2701 1729 2737 ad
1749 2699 2035 2750 coufirmandos
2054 2713 2152 2749 νος,

1171 2765 1210 2803 id
1242 2774 1316 2813 est,
1353 2763 1585 2800 ad‘mutuam
1618 2760 1826 2812 capiendam
1849 2760 2148 2798 consolationem:

1171 2827 1218 2865 ita
1239 2836 1270 2864 et
1290 2826 1357 2863 1100
1376 2825 1453 2862 1000
1472 2823 1581 2873 dixit,
1613 2825 1826 2874 Tamquam
1858 2825 1899 2859 in
1929 2825 2153 2859 memoriam

1172 2890 1285 2925 vobis
1305 2886 1500 2923 reducens.
1532 2885 1585 2921 De
1605 2882 1732 2920 throno
1752 2897 1903 2934 namque
1921 2882 2074 2919 doctoris
2093 2882 2152 2920 hic

1171 2958 1204 2986 et
1227 2948 1301 2985 illie
1321 2945 1547 2991 descendens,
1583 2953 1762 2994 tamquam
1790 2945 1915 2981 fratres
1939 2943 2148 2993 alloquitur,

1170 3018 1203 3047 et
1232 3008 1362 3046 amicos
1389 3016 1422 3044 et
1453 3005 1603 3056 cequales
1620 3020 1626 3040 :
1644 3004 1680 3041 id
1700 3004 1795 3054 quod
1812 3004 1967 3041 maxime
1996 3003 2150 3040 doctoris

1170 3079 1234 3117 est,
1274 3068 1319 3106 ad
1349 3067 1551 3110 auditorum
1590 3066 1780 3102 utilitatem
1818 3078 2013 3102 sermonem
2053 3064 2150 3102 varie

1168 3139 1328 3168 tractare.
1349 3128 1442 3167 Vide
1460 3141 1556 3178 ergo,
1579 3125 1755 3176 quomodo
1775 3140 1854 3162 cum
1873 3125 2033 3173 dixisset,
2062 3125 2148 3162 Λιι-

1169 3194 1302 3230 dacius
1322 3192 1469 3241 scripsi,
1500 3198 1547 3237 et,
1568 3190 1631 3225 Ea·
1649 3196 1774 3238 parte,
1797 3195 1844 3236 et,
1871 3188 2087 3238 Tamquam
2109 3189 2149 3222 in

1147 3302 1315 3347 legebatur
1339 3304 1370 3334 in
1391 3300 1508 3334 Montf.
1522 3305 1570 3334 καὶ
1597 3304 1809 3345 τσῐςρήμασιυ,
1829 3308 1888 3340 pro
1911 3309 1976 3340 quo
2003 3305 2091 3328 recte
2108 3299 2145 3328 Λ.

1147 3367 1221 3387 cum
1234 3353 1395 3387 Conunel.
1409 3361 1441 3386 et
1458 3351 1558 3387 Savit.
1574 3357 1607 3386 τὸ
1625 3358 1683 3389 τοῖς
1699 3355 1776 3395 ῥ.-
1787 3349 1894 3392 Supra
1912 3351 1946 3381 A.
1968 3353 2058 3393 φίλοις
2075 3352 2146 3391 ὁμο-

1147 3407 1270 3451 villax]
