2502 3810
649 299 691 328 {N
731 298 839 328 &CTA
878 297 1195 328 APOSTOLORUM
1206 317 1213 325 .

124 398 208 433 μενοι
240 381 431 433 λογίζεσθαι
461 380 528 418 ὑπὸ
557 384 616 418 τοῦ
646 382 737 418 Θεοῦ
769 383 920 418 τοσαῦτα
946 379 1046 425 ὄντα,
1075 378 1140 417 ὅσα

123 441 198 481 οὐδὲ
219 443 376 494 ἀριθμεῖν
407 457 458 484 τις
490 440 653 489 δύναται,
674 440 732 479 καὶ
750 439 839 491 ὑπὲρ
866 440 995 477 τούτων
1027 439 1142 477 ἁπάν-

124 517 192 540 των
211 501 357 554 χάριτας
376 501 501 539 εἰδέναι
522 503 633 553 αὐτῷ,
653 501 712 539 καὶ
731 500 775 538 τὰ
804 500 940 551 ἑκάστῳ
967 502 1067 550 ἡμῶν
1083 515 1142 550 γε-

124 562 296 613 γενημένα
314 563 484 612 ἐννοῶμεν
494 561 633 609 πάντες,
645 561 704 599 καὶ
723 563 799 599 καθ’
815 560 963 605 ἑκάστην
976 560 1141 608 ἀναλογι-

126 621 263 672 ζώμεθα
297 621 359 669 τὴν
391 622 541 675 ἡμέραν.
564 621 710 668 Ἐπειδὴ
743 621 852 659 τοίνυν
883 620 1036 672 μεγάλην
1071 620 1144 670 ἔχει

126 682 188 730 τὴν
208 682 308 736 ἰσχὺν
335 688 464 730 ταῦτα,
485 683 629 728 ἕκαστος
652 686 751 734 ἡμῶν
777 682 1030 734 ἀναλογιζέσθω
1062 684 1143 733 παρ’

127 745 258 795 ἑαυτῷ,
274 744 332 781 καὶ
360 743 448 794 μετὰ
469 744 646 795 ἀκριὸείας
666 743 898 794 ἀνερευνάτω,
930 742 961 780 εἴ
984 757 1068 780 ποτε
1098 744 1145 784 εἷς

127 804 302 848 κινδυνους
320 803 504 858 προπεσὼν
521 805 571 841 διε
557 820 659 878 φυγε
673 803 734 846 τὰς
751 806 818 840 τῶν
834 801 995 840 ἐναντιων
1011 807 1144 853 χεῖρας,
1164 806 1189 835 D

129 867 187 901 καὶ
214 864 347 902 καθάπε
335 880 370 915 ερ
400 865 434 901 ἓν
464 863 573 916 βίο7ῳ
598 863 659 907 τὰς
688 862 884 914 εὐεργεσίας
905 862 1146 912 ἀναγράπτους

129 939 145 960 ε
148 939 241 975 feto
260 928 318 961 τοῦ
343 925 458 961 Θεοῦ
479 926 563 969 οἱον,
584 937 612 959 ει
635 936 719 959 ποτε
748 918 892 963 ἐξελθὼν
914 920 960 961 εἰς
983 918 1058 956 ὁδὸν
1081 921 1148 956 ἀω-

134 984 211 1035 ρία,
243 984 379 1036 διέφυγε
399 983 576 1020 κίνδυνον·
604 982 638 1019 εἴ
661 996 745 1018 ποτε
770 984 933 1030 πονηροῖς
959 977 1150 1030 ἀνθρώποις

132 1043 334 1095 συμὲαλὼν,
355 1042 523 1093 ἀνώτερος
538 1043 648 1079 αὐτῶν
661 1041 811 1091 γέγονεν·
834 1039 865 1077 εἴ
881 1054 965 1077 ποτε
984 1038 1074 1089 νόσῳ
1089 1054 1151 1076 πε-

135 1104 296 1157 ριπεσὼν,
315 1103 452 1140 πάντων
478 1100 728 1151 ἀπεγνωκότων
760 1099 944 1150 ἀνήνεγκε·
973 1098 1064 1149 μέγα
1083 1098 1152 1150 γὰρ

133 1169 233 1202 τοῦτο
251 1163 391 1201 δύναται
412 1163 496 1213 πρὸς
512 1161 550 1199 τὸ
570 1163 715 1199 οἰκειοῦν
731 1165 825 1211 ἡμᾶς
838 1163 887 1212 τῷ
904 1162 997 1213 Θεῷ.
1019 1161 1063 1198 Εἰ
1086 1159 1153 1212 γὰρ

134 1225 174 1270 δὴ
188 1224 412 1274 Μαρδοχαῖος
429 1224 554 1264 ἐκεῖνος
574 1221 618 1260 τὰ
637 1221 695 1259 ὑπ’
717 1223 819 1259 αὐτοῦ
838 1221 1051 1273 γεγενημένα
1070 1223 1152 1271 ἀγα-

134 1285 177 1322 θὰ
205 1284 288 1335 ἔργα
320 1285 367 1326 εἷς
389 1282 532 1332 μνήμην
566 1282 709 1320 ἐλθόντα
739 1285 800 1319 τοῦ
830 1281 1019 1332 βασιλέως,
1049 1281 1154 1324 οὕτως

135 1345 214 1396 ἔσχε
244 1343 504 1396 προϊστάμενα,
527 1345 573 1385 ὡς
601 1342 705 1380 πάλιν
738 1342 794 1380 ἐπὶ
825 1341 888 1388 τὴν
921 1342 1155 1394 λαμπρότητα

136 1406 268 1452 ἐκείνην
306 1407 413 1443 ἐλθεῖν
427 1421 434 1428 ·
472 1406 591 1456 πολλῷ
614 1406 746 1454 μᾶλλον
780 1407 882 1454 ἡμεῖς
919 1403 958 1441 ἂν
993 1406 1155 1454 ἀναμνη-

136 1470 271 1517 σθῶμεν
306 1466 364 1503 καὶ
394 1464 454 1503 δύο
485 1465 614 1503 τούτων
638 1464 766 1517 ἀκριὸἧ
787 1464 1016 1515 ποιησώμεθα
1037 1464 1157 1509 ἐξέτα-

137 1543 190 1566 σιν
220 1530 288 1564 τῶν
319 1526 549 1578 πραγμάτων,
576 1524 610 1563 τί
645 1526 706 1576 μὲν
737 1525 939 1577 ἡμάρτομεν
971 1527 1073 1576 ἡμεῖς
1113 1527 1159 1568 εἷς
1180 1529 1204 1559 Ε
1232 1531 1238 1538 “

137 1588 240 1633 Θεὸν,
266 1587 299 1625 τί
330 1588 364 1625 δὲ
393 1584 494 1629 αὐτὸς
529 1588 575 1628 εἷς
603 1588 697 1636 ἡμᾶς
727 1586 854 1636 ἀγαθὸν
888 1585 1087 1637 εἴργασται·
1107 1585 1161 1623 οὔ·

139 1663 188 1686 τω
207 1648 267 1686 καὶ
294 1647 492 1699 εὐχάριστοι
508 1646 679 1696 ἐσόμεθα,
694 1646 752 1684 καὶ
775 1645 890 1684 πάντα
918 1646 1159 1699 προησόμεθα.

140 1708 232 1747 Ἀλλ’
263 1709 369 1750 οὐδεὶς
399 1707 530 1745 τούτων
563 1706 694 1751 οὐδενὸς
714 1713 865 1746 ποιεῖται
899 1707 1062 1758 μνήμην·
1084 1708 1160 1744 ἀλλ’

139 1769 259 1820 ὥσπερ
287 1769 366 1820 περὶ
399 1767 663 1820 ἁμαρτημάτων
697 1767 857 1819 λέγομεν,
882 1768 935 1807 ὅτι
963 1767 1164 1820 ἁμαρτωλοί

141 1832 258 1880 ἐσμεν,
273 1832 310 1867 οὐ
326 1845 394 1867 κατ
428 1823 514 1872 εἶδος
534 1829 619 1866 αυτὰ
649 1828 876 1876 εξετάζοντες,
896 1828 983 1867 οὕτω
1001 1829 1060 1866 καὶ
1086 1844 1166 1880 περι

141 1893 210 1928 τῶν
231 1892 433 1942 εὐεργεσιῶν
454 1893 513 1928 τοῦ
528 1891 642 1935 Θεοῦ,
659 1889 710 1927 ὅτι
731 1890 956 1967 εὐηργέτησεν
977 1893 1088 1941 ημᾶς,
1104 1890 1166 1928 λε’-

143 1966 275 2002 γοντες,
298 1954 315 1988 3
338 1950 445 1997 Θεὸς,
466 1951 502 1987 οὐ
521 1965 587 1988 κατ
620 1945 706 1993 εἶδος
723 1950 810 1989 αὐτὰ
824 1950 1039 2002 ἐξετάζομεν,
1054 1952 1090 1987 οὐ
1108 1950 1169 1987 λε’-

143 2027 262 2063 γομεν,
279 2016 344 2049 ποῦ
372 2010 432 2048 καὶ
451 2010 543 2049 πόσα
570 2010 630 2049 καὶ
651 2014 685 2050 ἓν
714 2011 803 2065 ποίῳ
835 2015 960 2064 καιρῷ.
989 2011 1083 2050 Ἀλλ
1102 2012 1170 2050 ἀπὸ

145 2077 206 2110 τοῦ
238 2077 294 2110 νῦν
324 2071 456 2118 πολλὴν
476 2071 705 2123 ποιησώμεθα
735 2072 798 2119 τὴν
820 2073 1012 2125 ἀκρίὸειαν.
1033 2073 1077 2111 Εἰ
1108 2072 1168 2123 μὲν

1255 295 1408 325 HOMIL.
1449 294 1639 324 xxxviii.
2097 275 2186 321 525

1211 380 1335 416 Postea
1355 390 1461 427 quam
1483 376 1548 413 Dei
1570 374 1742 413 beneficia
1772 374 2008 412 communiter
2032 372 2133 410 nobis
2156 383 2189 409 et

1209 440 1288 478 aliis
1306 439 1388 477 data
1405 439 1673 492 reputavimus,
1696 452 1773 489 quae
1794 447 1843 475 tot
1865 446 2031 488 tantaque
2050 445 2131 474 sunt
2152 446 2192 474 ut

1210 499 1409 538 enumerari
1424 512 1492 537 non
1513 499 1648 551 possint
1663 529 1670 545 ,
1693 508 1724 536 et
1743 513 1807 551 pro
1824 498 1867 536 iis
1883 498 2047 536 omnibus
2061 497 2191 548 gratias

1209 561 1275 612 ipsi
1287 560 1422 611 egimus
1440 576 1448 595 ε
1463 574 1540 610 quae
1556 559 1704 609 singulis
1720 568 1882 597 nostrum
1896 558 2044 596 contulit
2058 557 2190 609 cogite-

1212 636 1291 659 mus
1325 635 1464 669 omnes‚
1492 631 1526 658 et
1548 620 1706 670 quotidie
1737 621 1772 657 in
1799 630 1951 658 mentem
1973 635 2190 659 revocemus.

1213 683 1389 729 Quoniam
1409 682 1517 732 igitur
1535 682 1612 718 haze
1631 695 1796 731 magnam
1816 681 1891 719 vim
1911 682 2052 728 habent,
2078 695 2193 718 unus-

1213 743 1362 793 quisque
1383 751 1544 779 nostrum
1569 755 1688 778 secum
1714 751 1876 792 reputet,
1904 752 1938 780 ct
1956 752 2118 780 accurate
2137 757 2195 779 ex-

1212 803 1341 854 ploret7
1369 816 1455 838 num
1479 800 1672 850 aliquando
1694 801 1730 837 in
1751 801 1950 852 periculum
1974 803 2110 854 lapsus,
2129 803 2197 840 ini-

1214 862 1387 899 micorum
1415 875 1539 898 manus
1571 860 1748 911 effugerit,
1780 871 1815 898 et
1842 862 1942 911 quasi
1965 862 2000 899 in
2016 863 2108 900 libro
2131 864 2198 901 Dei

1215 921 1387 959 beneficia
1411 920 1587 971 descripta
1613 920 1743 957 habeat
1762 935 1769 956 :
1791 921 1947 972 exempli
1968 936 2086 972 eausa,
2114 938 2201 961 num

1218 983 1409 1034 aliquando
1429 992 1508 1020 ante
1527 983 1644 1020 lucem
1666 982 1763 1021 viam
1785 997 1981 1035 capessens,
2004 985 2202 1036 periculum

1218 1042 1383 1095 effugerit
1397 1058 1406 1091 ;
1420 1057 1506 1080 num
1519 1057 1600 1080 cum
1615 1043 1745 1093 iniquis
1763 1056 1968 1094 congressus
1984 1044 2204 1090 hominibus,

1221 1104 1381 1155 superior
1405 1103 1577 1151 evaserit3
1598 1117 1684 1141 num
1709 1103 1745 1140 in
1772 1104 1937 1141 morbum
1969 1104 2111 1156 lapsus,
2144 1106 2206 1143 de-

1221 1164 1444 1216 sperantibus
1465 1163 1645 1213 omnibus,
1669 1163 1889 1202 convaluerit
1907 1179 1914 1200 :
1932 1165 2087 1203 multum
2114 1167 2208 1204 enim

1221 1225 1288 1262 hoc
1313 1224 1406 1263 valet
1426 1223 1473 1260 ad
1488 1225 1608 1261 Deum
1627 1223 1729 1261 nobis
1756 1224 1952 1276 propitium
1974 1224 2206 1263 reddendum.

1224 1287 1317 1324 Nam
1333 1286 1363 1323 si
1375 1285 1623 1323 Mardochaeus
1638 1285 1712 1334 ille,
1732 1286 1795 1323 ubi
1811 1300 1874 1323 rex
1887 1286 1921 1323 in
1941 1296 2091 1324 mentem
2108 1301 2209 1325 revo—

1225 1347 1319 1386 eavit
1330 1346 1501 1385 beneficia
1514 1347 1575 1384 illa
1596 1347 1641 1384 ab
1659 1347 1736 1399 ipso
1755 1347 1824 1384 sibi
1848 1348 2020 1399 praestita)
2041 1348 2089 1386 ita
2114 1363 2210 1386 acce-

1226 1418 1308 1461 ptus
1317 1408 1368 1446 illi
1379 1407 1396 1444 f
1397 1408 1458 1456 uit,
1467 1417 1506 1445 ut
1518 1407 1564 1446 ad
1575 1408 1678 1445 illum
1691 1408 1812 1459 gloriae
1824 1408 2049 1460 splendorem
2059 1410 2210 1459 venirem

1228 1470 1340 1508 multo
1360 1469 1473 1521 magis
1492 1483 1574 1517 nos,
1595 1468 1625 1506 si
1645 1483 1815 1507 memores
1833 1470 2018 1518 fuerimus,
2039 1480 2072 1508 et
2092 1472 2121 1510 si
2141 1472 2213 1510 duo

1227 1531 1290 1569 1lla
1306 1531 1496 1582 diligenter
1508 1530 1749 1583 exploremus,
1768 1530 1856 1582 quid
1870 1546 1932 1569 nos
1951 1533 2214 1584 peccaverimus

1230 1593 1269 1631 in
1282 1594 1413 1640 Deum,
1427 1601 1461 1629 et
1474 1604 1551 1642 quae
1567 1592 1669 1630 nobis
1684 1592 1746 1629 ille
1758 1593 1928 1631 beneficia
1941 1595 2127 1633 contulerit
2143 1612 2150 1632 τ
2168 1597 2218 1635 sic

1232 1663 1266 1691 et
1287 1668 1349 1691 nos
1377 1653 1468 1704 grati
1494 1653 1644 1703 erimus,
1671 1661 1705 1691 et
1733 1654 1851 1692 omnia
1880 1655 2115 1694 efsundemus.
2149 1658 2220 1696 Sed

1234 1728 1334 1752 nemo
1354 1714 1430 1752 haec
1451 1728 1569 1751 secum
1585 1723 1748 1766 reputat3
1769 1727 1890 1753 verum
1908 1716 1998 1754 sicut
2010 1716 2054 1754 de
2069 1719 2220 1769 peccatis

1234 1776 1429 1826 loquimur,
1443 1774 1596 1812 dicentes
1612 1788 1674 1812 nos
1688 1789 1860 1826 peccasse,
1874 1776 1970 1814 nulla
1982 1778 2073 1815 facta
2087 1779 2220 1830 specia—

1236 1836 1300 1873 tim
1316 1844 1542 1888 peccatorum
1554 1835 1772 1873 recensione:
1791 1835 1841 1873 sic
1857 1845 1888 1874 et
1903 1836 1948 1874 de
1962 1837 2143 1877 beneficiis
2155 1841 2222 1878 Dei

1237 1896 1437 1947 loquentes,
1459 1894 1611 1932 dicimus
1632 1897 1746 1933 Deum
1766 1910 1828 1934 nos
1849 1897 2020 1936 beneficio
2039 1901 2219 1952 affecisse,

1239 1970 1302 1995 nec
1316 1956 1498 2009 speciatim
1510 1956 1682 1994 beneficia
1693 1957 1923 2009 exploramus
1936 1975 1942 1995 :
1961 1974 2030 1998 non
2047 1961 2201 2000 dicimus
2212 1994 2222 2012 ‚

1240 2017 1324 2067 ubi,
1349 2026 1504 2068 quanta,
1525 2031 1595 2067 quo
1622 2026 1791 2069 tempore.
1821 2019 1894 2058 Sed
1918 2020 2049 2058 abhinc
2073 2024 2222 2061 multam

1242 2078 1476 2116 adhibeamus
1490 2077 1724 2128 diligentiam.
1739 2079 1831 2116 Nam
1851 2079 1881 2116 si
1894 2081 1974 2130 quis
1989 2082 2095 2120 etiam
2109 2093 2226 2122 vetera

146 2132 211 2184 γάρ
231 2149 283 2176 τις
303 2149 361 2171 και
379 2132 423 2171 τὰ
439 2134 549 2171 ποῖ7αῑ
572 2134 795 2172 0³tV000t551v
777 2133 936 2180 Ουναταῑ,
957 2134 1071 2172 πάντα
1089 2137 1171 2172 ἀνα·
1182 2163 1229 2187 293
1243 2149 1398 2191 iepeteie
1409 2147 1535 2191 potest
1552 2138 1670 2176 omnia
1682 2148 1844 2177 aecuiate
1854 2155 1890 2178 1n
1907 2151 2058 2180 mentem
2074 2158 2135 2182 lex
2139 2155 2226 2192 ocet‚

146 2197 261 2245 λογιζε
247 2194 335 2232 ε’σθω
366 2194 541 2246 ἀκριὸως,
578 2197 624 2238 ὡς
655 2212 697 2246 με
700 2211 763 2247 γαν
796 2195 949 2247 εὑρήσων
988 2195 1171 2247 Θησαυρόν.
1194 2199 1221 2228 Α
1243 2200 1343 2251 quasi
1369 2213 1540 2251 magnum
1558 2208 1719 2251 lwepelttu
1723 2214 1763 2237 us
1782 2201 2000 2241 thesaurum.
2027 2204 2102 2242 Hoc
2123 2207 2228 2244 etiam

148 2255 263 2293 Τοῦτο
282 2255 341 2293 καὶ
358 2255 443 2308 πρὸς
463 2255 502 2293 τὸ
531 2255 578 2306 μὴ
599 2255 850 2306 ἀπογινώσκειν
877 2256 1051 2309 χρήσιμον
1076 2260 1174 2307 ημῖν.

149 2315 264 2353 ΰΟταν
279 2315 345 2367 γὰρ
366 2316 506 2366 ἴδωμεν,
522 2315 575 2353 ὅτι
599 2315 752 2368 προέστη
780 2316 950 2359 πολλάκις
977 2320 1092 2367 ἡμῶν,
1116 2318 1176 2354 οὐκ

151 2375 425 2426 ἀπογν(11σόμεθα
471 2374 546 2413 οὐδὲ
583 2375 788 2427 ἡγησόμεθα
830 2377 1060 2429 ἀπεῤῥῖερθαι·
1098 2378 1173 2415 ἀλλ’

151 2436 311 2489 ἐνέχυρον
330 2439 432 2474 αὐτοῦ
451 2435 541 2487 μέγα
559 2436 743 2488 ληψόμεθα
764 2439 827 2483 τῆς
850 2438 931 2490 περὶ
945 2441 1046 2488 ἡμῶν
1071 2439 1177 2484 >carls—

151 2496 292 2547 μονίας,
311 2496 392 2535 ὅταν
414 2497 647 2548 ἐννοήσωμεν,
664 2496 717 2535 ὅτι
737 2498 951 2550 ἁμαρτόντες
979 2501 1016 2538 οὐ
1036 2498 1179 2543 κολαζό-

161 2561 272 2608 μεθα,
297 2556 386 2595 ἀλλὰ
405 2557 465 2595 καὶ
483 2558 697 2608 προστασίας
719 2558 953 2609 ἀπολαύομεν.

216 2622 318 2660 Εἴπω
337 2623 377 2669 δή
411 2638 445 2660 τι
472 2622 588 2675 κάγὼ,
609 2623 693 2677 ὅπερ
717 2625 852 2672 ἀκήκοα
871 2626 967 2679 παρά
996 2642 1097 2669 τινος.
1118 2627 1182 2665 Γέ·

163 2682 242 2733 γονέ
257 2682 323 2721 πού
341 2699 392 2727 τις
420 2689 522 2730 παῖς,
551 2683 612 2722 καί
635 2701 718 2723 ποτε
747 2686 873 2734 συνέὸη
904 2688 1005 2726 αὐτὸν
1034 2682 1121 2726 εἶναι
1148 2691 1181 2726 ἐν

163 2745 283 2815 ἀγρῳ
279 2742 366 2781 μετὰ
386 2747 447 2790 τῆς
470 2744 631 2797 μητρὸς,
643 2746 739 2784 οὔπω
757 2748 1067 2796 πεντεκαιδεκαέτη
1083 2765 1120 2800 γε
1123 2763 1181 2800 (0-

170 2880 262 2916 ρετος
295 2864 459 2903 ἐπέπεσεν
494 2867 718 2921 ἀμφοτέροις·
738 2869 798 2907 καὶ
825 2870 891 2922 γὰρ
919 2885 959 2908 το
986 2870 1185 2924 μετόπωρον

168 2941 224 2971 ην.
240 2924 368 2962 Τότε
351 2924 390 2971 οὴ
410 2929 431 2972 ἡ
455 2942 517 2976 μεν
538 2927 655 3004 μήτηρ
676 2929 821 2981 ἔφθασεν
850 2931 1014 2969 εἰσελθεῖν
1047 2932 1105 2969 ἐπὶ
1125 2936 1189 2979 τῆς

170 2984 323 3028 πό7εως·
343 2988 360 3023 ὃ
374 2985 414 3024 δε
432 2993 535 3033 παῖς,
555 3005 622 3027 των
641 2992 768 3043 ἰατρῶν
795 2993 866 3029 ἐκεῖ
893 2992 1102 3031 κελευόντων
1127 2994 1191 3044 μέ-

171 3061 260 3092 νειν,
281 3045 340 3082 καὶ
363 3051 423 3084 τοῦ
452 3064 538 3100 πυρε
525 3054 600 3088 τοῦ
619 3050 797 3100 καίοντος,
819 3053 1146 3105 ἀνακογχυλίζειν”
1124 3071 1190 3108 ηρ·-

175 3104 255 3148 Ξατο
292 3106 391 3151 δηθεν
428 3109 640 3161 φιλοσορων,
679 3113 810 3162 μᾶλλον
843 3113 882 3152 τὸ
911 3119 981 3165 πῦρ
1013 3115 1193 3154 σὸεννύναι

175 3166 345 3216 οἰόμενος,
362 3170 391 3205 εἰ
413 3170 493 3218 μηδ’
520 3174 630 3209 ὁτιοῦν
661 3172 774 3211 λάὸοι.
794 3173 874 3212 Ατε
890 3174 931 3221 δὴ
947 3179 1003 3212 οὖν
1022 3178 1196 3224 παῖς,υπο

180 3226 386 3278 φιλονεικίας
402 3229 544 3282 ἀκαίρου
565 3234 602 3268 οὗ
622 3233 837 3285 προσήκατο.
853 3234 915 3278 εΩς
939 3234 975 3273 δὲ
1005 3235 1113 3283 ἔπέὸη
1135 3241 1197 3284 της

179 3286 323 3332 πόλεως,
346 3303 417 3339 παρ
422 3288 479 3336 εθη
509 3291 552 3327 τὰ
578 3308 639 3338 της
655 3293 830 3344 γλώττης,
852 3310 911 3332 και
931 3295 1092 3340 ἅλαλος
1075 3314 1116 3344 ην
1143 3314 1199 3337 επι

181 3347 290 3394 πολυ,
309 3347 402 3385 οὐδὲν
424 3348 585 3401 ἔναρθρον
603 3354 850 3428 φθεγγόμενος·
872 3356 962 3394 ἀλλὰ
992 3357 1200 3408 ἀνεγίνωσκε

185 3407 226 3456 μὲ]
230 3425 262 3453 ν
281 3408 341 3445 καὶ
374 3410 421 3450 εἷς
441 3410 667 3456 διδασκαλους
692 3414 811 3464 ἐφοίτα
843 3415 899 3452 επὶ
930 3416 1038 3454 πολυν
1068 3420 1203 3472 χρόνον,

236 3470 282 3478 «eu
322 3468 349 3482 -xx

1244 2260 1346 2299 nobis
1366 2260 1453 2298 utile
1472 2269 1534 2310 est,
1558 2268 1598 2297 ut
1617 2274 1686 2297 non
1701 2259 1940 2313 despeiQemus
1962 2264 2055 2302 Nam
2075 2279 2155 2304 eum
2175 2268 2230 2306 xi-

1245 2321 1403 2360 derimus
1430 2290 1548 2373 ipsuiii
1564 2326 1656 2373 se'epe
1672 2321 1773 2359 nobis
1793 2324 2051 2374 patrocinatum
2065 2340 2149 2373 esse,
2162 2342 2230 2366 non

1246 2381 1513 2435 desperabimus
1532 2395 1596 2419 nec
1610 2382 1815 2434 putabimus
1842 2396 1904 2422 nos
1924 2385 2077 2437 abjectos
2095 2387 2229 2439 fuisse3

1250 2443 1311 2482 sed
1342 2456 1513 2494 magnum
1542 2442 1759 2494 accipiemus
1789 2444 1921 2495 pignus
1952 2446 2027 2498 ejus
2056 2462 2138 2500 erga
2171 2463 2233 2487 nos

1249 2504 1498 2559 providentiae,
1540 2517 1620 2541 cum
1657 2504 1928 2555 cogitaverimus
1957 2519 2021 2545 nos
2053 2520 2235 2560 peccantes

1251 2581 1320 2604 non
1335 2565 1472 2618 puniri,
1489 2564 1549 2602 sed
1564 2565 1639 2616 ejus
1654 2565 1848 2616 patrocinio
1866 2566 1950 2604 frui.

1309 2628 1343 2665 5.
1366 2625 1493 2664 Dicam
1510 2638 1574 2676 ego
1593 2625 1745 2675 aliquid,
1766 2626 1862 2676 quod
1876 2641 1895 2663 a
1908 2629 2077 2680 quopiam
2096 2630 2233 2670 audivi.

1256 2690 1344 2729 E1at
1358 2689 1504 2741 quidam
1526 2702 1628 2740 puer,
1650 2702 1755 2738 quem
1781 2690 1928 2741 contigit
1953 2705 2034 2729 cum
2061 2703 2171 2733 matre
2201 2696 2235 2735 in

2305 2705 2359 2731 Hi
2365 2705 2437 2730 iori1

1257 2765 1341 2803 agio
1370 2764 1456 2800 esse,
1479 2762 1560 2787 cum
1579 2749 1737 2787 nondum
1765 2750 1967 2800 quindecim
1989 2767 2161 2794 annorum
2188 2747 2337 2794 es-1¹ueri
2388 2754 2439 2771 0¹¹-

1260 2887 1329 2925 que
1346 2840 1471 2911 semiss
1469 2871 1627 2910 invasit:
1644 2880 1718 2909 erat
1733 2880 1850 2909 autem
1868 2874 2029 2911 autumni
2045 2884 2242 2929 tempestas.

1262 2938 1366 2975 Tunc
1395 2943 1507 2972 mater
1533 2933 1659 2971 urbem
1685 2932 1824 2983 ingredi
1852 2937 2138 2987 praeoccupavit:
2157 2953 2245 2990 puer

1263 3010 1347 3035 vero
1361 3010 1381 3033 a
1398 2993 1544 3032 medicis
1559 2994 1680 3045 jussus
1694 2993 1780 3030 illuc
1796 3007 1948 3041 manere,
1967 3009 2048 3033 cum
2064 2998 2172 3036 febris
2184 3000 2246 3037 fla-

1265 3066 1394 3109 graret,
1415 3055 1520 3107 coepit
1535 3053 1766 3106 gargarizare,
1782 3053 1877 3106 apud
1892 3069 1927 3092 se
1937 3055 2164 3108 ratiocinans,
2182 3075 2248 3112 pu-

1266 3130 1414 3170 tansque
1430 3118 1480 3156 sic
1498 3117 1626 3155 febrim
1638 3115 1814 3168 exstingui
1831 3131 1943 3168 posse,
1958 3118 1987 3156 si
1999 3119 2090 3158 nihil
2106 3123 2251 3162 omnino

1269 3180 1428 3218 alimenti
1456 3179 1639 3230 acciperet.
1655 3179 1787 3228 Utpote
1807 3192 1910 3229 puer⁷
1933 3194 1976 3217 ex
2002 3180 2251 3235 intempestiva

1272 3240 1492 3279 contentione
1507 3237 1598 3275 nihil
1617 3236 1763 3289 accepit.
1783 3239 1833 3275 Ut
1851 3247 1968 3276 autem
1986 3240 2031 3277 ad
2049 3242 2174 3281 urbem
2188 3259 2251 3282 ve-

1273 3302 1336 3351 nit,
1359 3301 1483 3352 lingua
1504 3298 1663 3350 paralysi
1691 3307 1783 3335 tacta
1814 3308 1880 3347 est,
1900 3299 1949 3337 ita
1974 3310 2013 3340 ut
2033 3301 2096 3339 diu
2113 3318 2182 3342 non
2203 3307 2255 3343 lo-

1274 3376 1398 3414 quens,
1418 3361 1509 3398 nihil
1541 3358 1755 3397 articulatim
1785 3361 2014 3412 pronuntiaie
2044 3374 2177 3415 posset;
2198 3367 2257 3404 sed

1276 3423 1414 3473 legebat
1441 3420 1600 3472 quidem,
1619 3428 1652 3457 ct
1670 3419 1857 3471 magistios
1876 3421 1989 3460 multo
2008 3432 2165 3476 tempoie
2183 3426 2259 3464 adi—

187 3469 303 3511 ἇ-τ)(1ς
319 3483 352 3507 οε
376 3485 433 3506 και
451 3486 527 3517 ατη
524 3487 582 3509 m.
604 3473 702 3512 Παντ
707 3491 726 3512 α
748 3491 802 3513 ουν
825 3477 1206 3529 αὐτ(1’1τὰ-νςε’λπίῖος
1230 3494 1252 3523 s
1277 3485 1354 3532 bat3
1377 3481 1439 3521 sed
1458 3482 1587 3519 frustra
1607 3489 1639 3517 et
1659 3480 1790 3531 absque
1809 3481 1909 3533 signo
1929 3482 2012 3519 ullo.
2034 3484 2078 3520 Ο
2070 3484 2158 3522 unis
2180 3500 2236 3535 erp
2236 3502 2261 3524 o

1984 3537 2048 3573 i’J.

165 2803 224 2842 νότ
228 2821 260 2842 α.
284 2803 374 2842 Τότε
395 2803 436 2852 δὴ
462 2807 620 2857 χαλεποῦ
642 2823 733 2852 τινος
760 2809 859 2861 ἀέρος
881 2809 1094 2860 συμὸοίντος,
1115 2827 1186 2848 πυ-
1210 2818 1232 2849 B
1260 2822 1334 2852 set:
1351 2820 1436 2849 tunc
1452 2811 1553 2862 giavi
1570 2819 1603 2848 et
1616 2820 1782 2862 c01rupt0
1796 2810 1982 2862 ingiuente
1997 2828 2088 2861 aere,
2103 2825 2240 2855 utrum
2251 2789 2367 2865 Jaeugsxdipn
