2466 3805
678 235 722 264 IN

80 316 139 353 δύο
156 314 340 366 μαρτύρων
356 314 565 361 σταθήσεται
577 320 645 352 πᾶν
667 317 774 367 ῥῆμα.
793 314 863 353 Καὶ
881 317 991 352 ταῦτα
1007 313 1094 352 αὐτὰ

79 375 296 427 φθέγγονται.
313 375 384 414 Καὶ
398 377 431 414 ἐν
450 378 569 422 ἐσθῆτι
580 405 590 423 ,
613 377 698 428 φησὶ
709 406 719 424 ,
732 378 852 428 λευκῇ.
866 376 1006 427 εΏσπερ
1026 375 1093 421 ἤδη

78 436 222 488 ἄγγελον
249 430 336 475 εἶδον
357 437 414 474 ἐπὶ
432 441 490 475 τοῦ
519 437 698 488 μνήματος
727 440 760 476 ἐν
781 437 962 484 ἐσθήσεσιν
984 442 1000 458 ⁰
1015 439 1093 474 ἀνα-

79 496 355 549 στραπτούσαις,
369 497 428 535 καὶ
447 504 609 549 προεῖπεν
635 500 745 537 αὐτῶν
768 498 828 536 καὶ
845 497 908 543 τὴν
926 496 1094 535 διάνοιαν·

78 556 168 595 οὕτω
182 558 242 596 καὶ
255 560 317 603 τῆς
335 558 538 615 ἀναλήψεως
551 561 654 597 αὐτοῦ
668 559 776 611 κήρυξ
790 558 932 610 ἄγγελος
946 557 1095 608 γίνεται·

81 619 110 655 εἷ
136 619 195 657 καὶ
222 621 252 657 οἱ
288 622 465 672 προφῆται
494 622 673 672 πολλαχοῦ
695 625 873 672 προεῖπον,
901 618 1021 671 ὥσπερ
1039 617 1098 656 καὶ

81 679 160 731 περὶ
174 681 236 726 τ’ἧς
254 679 484 724 ἀναστάσεως.

134 803 323 853 Πανταχοῧ
345 801 484 852 ἄγγελοι
511 801 664 852 γίνονται
690 801 858 852 κήρυκες,
886 803 932 843 ὡς
960 799 1018 837 ἐπὶ
1039 801 1101 844 τῆς

82 861 293 912 γεννήσεως,
310 864 357 904 ὡς
374 862 459 912 πρὸς
486 861 548 907 τὴν
575 861 716 912 Μαρίαν
749 862 867 907 πάλιν,
886 863 933 902 ὡς
955 859 1012 897 ἐπὶ
1038 862 1100 905 τῆς

82 922 304 966 ἀναστάσεως
317 937 325 945 ·
345 921 433 960 οὕτω
452 921 493 969 δὴ
514 921 574 959 καὶ
594 922 651 958 ἐπὶ
672 924 734 967 τῆς
761 920 986 972 ἀναλήψεως·
1007 921 1099 970 μᾶλ-

82 984 140 1020 λον
161 983 195 1021 δὲ
208 982 267 1020 καὶ
277 983 334 1021 ἐπὶ
343 984 406 1028 τῆς
422 982 582 1035 δευτέρας
597 981 786 1033 παρουσίας
803 981 942 1032 ἄγγελοι
955 984 1100 1033 φανοῦν-

82 1060 139 1081 ται
165 1043 425 1096 προτρέχοντες.
450 1042 616 1085 Εἷπόντες
645 1042 700 1090 δὲ,
732 1036 844 1084 Οῧτος
878 1044 896 1079 ὃ
919 1041 1053 1088 Ἰησοῦς
1083 1042 1101 1077 ὃ

82 1104 288 1156 ἀναληφθεὶς
312 1105 369 1155 ἀφ’
396 1106 505 1155 ὑμῶν,
524 1103 581 1141 ἵνα
602 1103 650 1154 μὴ
683 1102 805 1146 αὐτοὺς
825 1101 1100 1154 ἐξαπορήσωσιν,

81 1163 254 1214 ἐπήγαγον
268 1179 275 1186 ·
314 1163 437 1207 Οὕτως
475 1163 664 1202 ἐλεύσεται.
707 1162 935 1200 Ἀνέπνευσαν
978 1162 1099 1213 μικρὸν

82 1224 308 1271 ἀκούσαντες,
329 1223 381 1262 ὅτι
407 1224 512 1262 πάλιν
538 1223 736 1269 ἐλεύσεται,
756 1223 815 1261 καὶ
834 1223 887 1261 ὅτι
915 1222 1022 1271 οὕτω,
1043 1222 1100 1260 καὶ

297 1284 521 1338 ᾱάπρόσιτος.
543 1285 612 1323 Καὶ
643 1285 682 1322 τὸ
714 1285 787 1337 Ἀφ’
821 1287 918 1335 ὑμῶν
952 1283 1004 1332 δὲ,
1038 1286 1103 1336 οὐχ

82 1287 143 1324 οὐκ
178 1285 276 1323 ἔσται

83 1347 202 1389 ἁπλῶς
219 1345 441 1398 πρόσκειται,
459 1347 548 1384 ἀλλὰ
562 1349 624 1392 τῆς
645 1345 783 1398 ἀγάπης
798 1345 871 1383 ἐστὶ
887 1360 1102 1397 παραστατι-

83 1407 141 1445 κὸν
172 1410 233 1454 τῆς
255 1409 302 1451 εἷς
334 1407 477 1453 αὖτοὺς,
497 1407 556 1445 καὶ
586 1410 650 1454 τ’ῆς
681 1408 844 1459 ἐκλογῆς,
865 1406 924 1444 καὶ
956 1405 1010 1444 ὅτι
1041 1408 1103 1443 οὐκ

83 1468 227 1521 ἀφήσει,
248 1467 304 1511 οὒς
324 1468 509 1513 ἐξελέξατο.
530 1469 606 1515 Τῆς
626 1467 687 1520 μὲν
712 1461 769 1506 οὖν
800 1467 1020 1510 ἀναστάσεως
1038 1468 1104 1504 αὐ-

82 1530 139 1572 τὸς
156 1529 272 1581 γέγονε
290 1529 419 1582 μάρτυς
434 1529 596 1577 (πάντων
616 1528 684 1582 γὰρ
700 1533 799 1567 τοῦτο
820 1527 1102 1581 θαυμασιώτερον

82 1584 124 1636 ἦν
147 1590 235 1641 μετὰ
251 1590 308 1627 τὸν
327 1590 439 1639 τόκον,
455 1591 585 1641 μᾶλλον
609 1590 645 1629 δὲ
675 1590 734 1628 καὶ
752 1589 820 1642 πρὸ
844 1594 903 1628 τοῦ
920 1589 1022 1628 τόκου
1034 1619 1044 1636 ,
1064 1590 1103 1628 τὸ

84 1651 204 1690 ἑαυτὸν
233 1653 441 1698 ἀναστῆσαι.
462 1651 600 1690 Λύσατε
620 1651 709 1704 γὰρ,
731 1652 834 1703 φησὶ,
852 1650 908 1689 τὸν
927 1652 1007 1690 ναὸν
1029 1656 1102 1689 τοῦ-

83 1728 154 1759 τον,
173 1712 232 1749 καὶ
252 1713 285 1750 ἐν
302 1712 414 1764 τρισὶν
435 1712 582 1764 ἡμέραις
601 1712 670 1764 ἐγὼ
698 1713 806 1764 ἐγερῶ
830 1711 973 1759 αὖτόν)·
990 1715 1051 1759 τῆς
1067 1712 1104 1750 δὲ

83 1772 277 1822 μελλούσης
306 1772 515 1826 παρουσίας,
535 1777 566 1811 οἱ
586 1774 744 1825 ἄγγελοι,
763 1773 888 1817 Οὕτως
910 1772 1103 1822 ἐλεύσεται,

83 1833 252 1885 λέγοντες.
270 1834 317 1872 Εἴ
329 1850 381 1878 τις
398 1833 512 1872 τοίνυν
532 1835 692 1886 ἐπιθυμεῖ
710 1836 768 1874 τὸν
788 1835 938 1887 Χριστὸν
959 1836 1054 1882 ἰδεῖν,
1075 1836 1105 1873 εἷ

82 1912 134 1938 τις
164 1898 280 1947 ἀλγεῖ,
298 1895 352 1934 ὅτι
380 1897 442 1934 οὐκ
469 1890 555 1934 εἶδεν
587 1896 703 1943 αὐτὸν,
723 1901 823 1935 τοῦτο
843 1896 1010 1942 ἀκούσας,
1031 1896 1104 1947 βίον

83 1956 282 2007 θαυμαστὸν
318 1955 586 2003 ἐπιδεικνύσθω,
621 1956 680 1994 καὶ
712 1957 852 2000 πάντως
881 1957 1024 2008 ὄψεται,
1045 1957 1105 1995 καὶ

84 2019 146 2055 οὐκ
162 2016 398 2061 ἀποτεύξεται.
418 2016 521 2053 Μετὰ
534 2016 601 2067 γὰρ
615 2015 772 2059 πλείονος
789 2016 863 2063 ἥξει
882 2017 980 2063 δόξης
992 2032 1000 2039 ·
1013 2017 1103 2064 πλὴν

84 2077 175 2114 οὕτω
197 2077 285 2128 μετὰ
306 2076 468 2128 νεφέλης,
489 2076 577 2114 οὕτω
594 2076 684 2127 μετὰ
704 2076 882 2127 σώματος·
902 2077 962 2115 καὶ
985 2080 1104 2130 πολλῷ

85 2136 367 2190 θαυμασιώτερον
385 2138 466 2175 ἰδεῖν
490 2137 590 2175 αὐτὸν
611 2137 680 2175 ἀπὸ
697 2141 756 2176 τοῦ
774 2139 917 2189 οὐρανοῦ
936 2138 1104 2176 καταὸαί·

85 2197 244 2243 νοντα,ἢ
270 2197 339 2236 ἀπὸ
372 2200 434 2243 τῆς
464 2199 529 2248 γ’ῆς
567 2197 814 2236 ἀναὸαίνοντα.
846 2197 933 2236 εὈτι
956 2198 1018 2249 μὲν
1046 2194 1102 2236 οῧν

83 2259 177 2306 ἥξει,
199 2253 312 2297 εἷπον·
332 2259 390 2297 ἐπὶ
407 2259 475 2297 τίνι
508 2258 566 2307 δὲ,
591 2259 705 2297 οὐκέτι
733 2259 966 2311 προσέθηκαν.
990 2262 1104 2299 Τοῦτο

81 2320 144 2367 τὴν
171 2320 360 2359 ἀνάστασιν
396 2320 541 2372 βεὸαιοῖ.
563 2322 608 2359 Εἰ
637 2320 706 2374 γὰρ
727 2321 816 2372 μετὰ
841 2321 1002 2374 σώματος
1030 2326 1104 2362 ἀνε·

81 2382 215 2435 λήφθη,
243 2384 362 2434 πολλῷ
394 2384 525 2433 μᾶλλον
556 2381 647 2433 μετὰ
677 2382 839 2434 σώματος
868 2384 1006 2430 ἀνέστη.
1028 2386 1103 2423 Ποῦ

83 2445 167 2481 εἰσιν
187 2446 217 2481 οἱ
234 2444 492 2487 διαπιστοῦντες
506 2447 548 2496 τῇ
570 2443 777 2492 ἀναστάσει;
796 2444 885 2489 τίνες
905 2446 1007 2493 εἷσίν;
1027 2447 1104 2485 εἰπέ

82 2520 159 2555 μοι·
180 2504 368 2552 υΕλληνες,
390 2504 652 2557 ἢΧριστιανοί;
672 2508 785 2557 ἀγνοῶ
809 2506 892 2558 γάρ·
915 2508 1047 2557 μᾶλλον
1067 2507 1102 2546 δὲ

80 2559 157 2604 οἶδα
173 2566 338 2617 ἀκριὸῶς.
353 2565 525 2612 ”Ελληνες
542 2565 610 2618 γάρ
625 2569 724 2615 εἰσιν,
742 2569 773 2606 οἱ
793 2567 852 2606 καὶ
870 2571 913 2620 τῇ
931 2570 1101 2622 δημιουρ-

80 2626 141 2679 γία
155 2629 217 2673 τῆς
238 2626 383 2670 κτίσεως
410 2628 681 2673 διαπιστοῦντες.
698 2630 780 2667 Τῶν
807 2628 875 2681 γὰρ
895 2631 1006 2668 αὐτῶν
1029 2632 1102 2670 ἐστι

83 2687 131 2738 μὴ
147 2693 340 2740 συγχωρεῖν
355 2687 389 2732 ἐξ
402 2689 465 2726 οὐκ
486 2688 593 2726 ὄντων
616 2695 726 2728 ποιεῖν
743 2706 777 2728 τι
793 2692 842 2741 τῷ
865 2691 966 2743 Θεῷ,
981 2691 1040 2729 καὶ
1058 2693 1102 2730 τὰ

81 2748 224 2800 κείμενα
240 2748 288 2800 μὴ
306 2748 418 2801 λέγειν
441 2748 542 2787 αὐτὸν
561 2751 716 2801 ἀνιστᾷν,
732 2744 822 2789 Εἶτα
838 2752 1100 2804 αἰσχυνόμενοι,

81 2809 134 2847 ὅτι
153 2811 215 2848 οὐκ
246 2809 342 2847 ἴσασι
371 2808 434 2857 τὴν
457 2809 601 2860 ’δύναμιν
620 2814 679 2849 τοῦ
700 2812 811 2860 Θεοῦ,
837 2811 894 2850 ἵνα
924 2813 971 2864 μὴ
1000 2818 1102 2854 τοῦτο

81 2873 313 2922 ἕγκαλῶνται,
341 2870 463 2922 φασίν·
498 2871 536 2909 οὔ
574 2871 630 2909 διὰ
661 2875 764 2911 τοῦτο
792 2878 905 2912 ταῦτα
941 2876 1100 2927 λέγομεν,

81 2933 157 2969 ἀλλ’
177 2931 231 2970 δ’τι
249 2933 286 2974 οὗ
308 2931 413 2984 χρεία
429 2931 600 2983 σώματος.
620 2932 793 2984 Εὔκαιρον
815 2936 951 2983 ἀληθῶς
972 2939 1098 2976 εἰπεῖν·

81 2990 125 3029 Ὁ
144 2991 211 3044 γὰρ
228 2993 342 3045 μωρὸς
365 2993 466 3045 μωρὰ
492 2992 651 3040 λαλήσει.
668 2995 744 3032 Οὐκ
765 2995 967 3048 αἰσχύνεσθε
987 2998 1020 3042 ἐξ
1040 3000 1101 3037 οὐκ

80 3052 187 3091 ὄντων
207 3052 300 3092 οὐδὲν
319 3052 467 3097 διδόντες
485 3060 594 3092 ποιεῖν
613 3053 672 3092 τὸν
688 3055 800 3105 Θεόν,
819 3058 863 3095 Εἰ
883 3057 918 3095 δὲ
945 3058 978 3103 ἐξ
994 3059 1100 3098 ὄντων

81 3118 194 3161 ποιεῖ,
227 3113 262 3151 τί
303 3114 457 3167 διαφέρει
488 3117 557 3153 τῶν
595 3115 808 3167 ἀνθρώπων,
847 3117 952 3157 Ἀλλὰ
985 3119 1100 3169 πόθεν,

81 3173 188 3225 φησὶ,
205 3172 250 3211 τὰ
278 3174 393 3220 κακά;
414 3174 476 3222 Μὴ
506 3175 597 3229 γὰρ,
620 3177 740 3225 ἐπειδὴ
769 3179 831 3217 οὐκ
863 3173 958 3223 οἶδας
983 3181 1100 3230 πόθεν,

126 3285 138 3299 ⁰
163 3274 252 3307 Alius
276 3279 527 3320 ἀστραπτούσαις.
548 3277 676 3321 [Panlo
692 3286 769 3312 ante
785 3280 824 3312 D.
844 3285 968 3323 ἅγγελος
991 3287 1085 3327 ὤφθη.

84 3326 162 3358 Mox
179 3326 267 3359 idem
283 3328 410 3372 egregie
423 3335 447 3362 εἰ
460 3332 489 3362 δὲ
503 3335 529 3364 οἱ
544 3338 696 3377 προφῆται
711 3337 756 3374 μὴ
771 3336 860 3366 τοῦτο
875 3342 1026 3378 προεῖπον,
1045 3341 1089 3377 μὴ

86 3383 255 3419 θαυμάσῃς·
270 3386 407 3424 περιττὸν
433 3387 489 3425 γὰρ
508 3386 541 3419 ἦν
558 3385 613 3425 ἰδία
629 3398 657 3417 τι
670 3386 761 3424 λέγειν
778 3388 846 3428 περὶ
860 3388 949 3423 αὐτῆς
966 3393 1003 3430 τῇ
1017 3392 1088 3419 ἀνα·

757 233 873 264 ACTA
909 231 1080 263 APOSTO
1087 230 1170 261 LOR
1177 230 1237 260 UM
1246 250 1255 260 .

1294 230 1450 260 nomn„
1491 230 1537 260 u.
2091 215 2145 258 23

1165 311 1260 350 illis.
1288 311 1375 351 Jure
1392 310 1548 362 quidem.
1577 310 1668 349 Nam
1689 308 1725 347 in
1754 322 1814 347 ore
1834 307 1990 346 duorum
2007 310 2149 347 testium
2164 312 2348 349 De111.17.(5.

1169 372 1277 411 stabit
1301 385 1405 409 omne
1427 371 1592 410 verbum.
1620 370 1668 408 Et
1687 369 1724 407 hi
1744 368 1868 407 eadem
1896 369 1973 421 ipsa
1997 369 2151 419 loquun—

1169 443 1238 471 tur.
1255 436 1306 471 Ιη
1326 441 1443 479 veste,
1471 432 1603 483 inquit,
1624 432 1729 470 alba.
1750 430 2062 478 Quemadmodum
2077 432 2153 483 jam

1168 503 1249 532 ante
1267 493 1312 531 ad
1331 502 1600 532 monumentum
1618 493 1785 544 angelum
1810 492 1973 532 viderant
1990 492 2027 530 in
2046 492 2154 531 vesti·
2169 496 2282 525 Mauh.
2304 496 2351 525 28-

1169 555 1236 594 bus
1254 555 1415 607 fulgidis,
1432 556 1493 606 qui
1511 554 1679 607 praedixit
1696 554 1769 592 illis
1789 554 1878 605 quid
1894 554 1929 592 in
1945 554 2063 592 animo
2076 568 2155 592 ver·
2169 545 2198 565 ²⁸

1171 616 1368 654 sarent:sic
1391 625 1425 654 et
1453 615 1680 654 assumtionis
1697 616 1772 668 ejus
1789 630 1906 668 praeco
1924 616 2069 667 angelus
2088 624 2153 653 est.

1173 677 1280 724 Quod
1304 678 1411 715 etiam
1429 678 1610 730 prophetae
1628 692 1719 730 saepe
1735 677 1990 730 praedixerant,
2007 687 2048 716 ut
2065 687 2099 716 et
2117 692 2156 716 ea

1173 752 1251 788 quae
1269 739 1561 776 resurrectionem
1579 740 1795 791 spectabant.

1226 799 1263 835 4.
1294 798 1438 848 Ubique
1456 798 1574 850 angeli
1592 799 1708 836 nuntii
1724 808 1805 837 sunt
1821 816 1828 836 :
1847 800 1896 838 sic
1915 801 1951 838 in
1969 801 2093 851 natali,
2108 801 2159 840 sic

1174 856 1220 894 ad
1247 858 1416 908 Mariam,
1445 858 1494 895 sic
1518 858 1554 895 in
1581 859 1848 908 resurrectione,
1880 860 2096 911 perindeque
2124 862 2160 899 in

1173 919 1389 957 assumtione
1407 935 1414 955 :
1433 919 1505 956 imo
1519 919 1628 956 etiam
1647 919 1682 956 in
1703 919 1856 958 secundo
1872 920 2027 959 adventu
2045 923 2161 972 angeli

1173 989 1428 1032 praecurrentes
1456 979 1686 1018 videbuntur.
1708 980 1800 1018 Cum
1825 980 2001 1019 dixissent
2025 990 2157 1030 autem,

1175 1042 1252 1078 Hic
1272 1041 1400 1087 Jesus,
1423 1042 1489 1092 qui
1514 1049 1707 1078 assumtus
1733 1049 1790 1078 est
1810 1054 1835 1078 a
1856 1044 1981 1088 vobis,
2012 1056 2054 1079 ne
2079 1056 2159 1080 con-

1174 1109 1372 1139 sternarent
1401 1100 1494 1148 illos,
1524 1099 1718 1152 adjiciunt,
1742 1101 1805 1139 Sic
1833 1104 1978 1139 veniet.
2008 1103 2160 1140 Paulum

1175 1161 1396 1214 respirarunt
1425 1161 1609 1199 audientes
1634 1161 1753 1213 ipsum
1781 1161 1982 1200 rediturum
2011 1177 2100 1212 esse,
2130 1173 2164 1201 et

1176 1223 1228 1261 sic
1258 1222 1457 1260 rediturum
1475 1253 1484 1271 ,
1498 1236 1562 1260 nec
1591 1222 1809 1259 inaccessum
1834 1222 1922 1260 fore.
1944 1223 2041 1262 Illud
2062 1238 2162 1271 vcro,

1177 1282 1220 1320 A
1241 1285 1368 1329 vobis,
1391 1296 1461 1320 non
1489 1282 1565 1320 sine
1595 1296 1699 1320 causa
1727 1282 1888 1331 additur3
1908 1283 1971 1320 sed
1988 1284 2064 1335 ejus
2083 1298 2164 1336 erga

1178 1343 1258 1382 illos
1275 1357 1432 1381 amorem
1454 1343 1632 1392 declarat,
1652 1352 1686 1380 et
1700 1343 1904 1381 electionem
1922 1344 2094 1396 ipsorum,
2112 1345 2166 1382 in-

1178 1405 1328 1455 nuitque
1355 1418 1425 1442 non
1453 1404 1662 1442 relicturum
1685 1417 1759 1442 esse
1777 1418 1834 1442 eos
1851 1419 1938 1455 quos
1957 1404 2074 1456 elegit.
2092 1407 2165 1443 Re-

1178 1466 1404 1504 surrectionis
1419 1479 1503 1517 ergo
1522 1480 1594 1503 suae
1615 1465 1689 1517 ipse
1712 1464 1808 1503 testis
1827 1466 1894 1503 fuit
1909 1466 2005 1514 (imo
2020 1481 2141 1505 eorum
2157 1497 2165 1514 ‚

1175 1541 1256 1578 quae
1275 1537 1356 1565 ante
1374 1536 1538 1579 partum,
1558 1536 1664 1577 atque
1684 1526 1791 1564 etiam
1819 1537 1897 1578 post
1916 1537 2059 1579 partum
2079 1542 2165 1566 con—

1176 1587 1334 1639 tigerunt
1344 1618 1356 1638 7
1375 1587 1468 1625 illud
1487 1587 1643 1625 maxime
1661 1587 1876 1636 mirandum,
1897 1587 1995 1639 quod
2013 1589 2164 1641 seipsum

1178 1649 1417 1687 suscitaverit.
1442 1651 1532 1687 Nam
1552 1649 1601 1686 ait
1624 1666 1631 1686 :
1653 1649 1798 1687 Solvite
1818 1650 2000 1701 templum
2023 1651 2108 1696 hoc,
2133 1659 2168 1688 et

1180 1713 1222 1748 in
1242 1712 1363 1748 tribus
1384 1711 1519 1748 diebus
1540 1711 1718 1747 excitabo
1746 1710 1866 1758 illud)
1886 1725 1897 1745 .·
1917 1711 2080 1748 futurum
2101 1726 2165 1749 au-

1179 1779 1250 1808 tem
1278 1770 1471 1809 adventum
1486 1770 1603 1822 angeli
1619 1769 1667 1807 ita
1690 1770 1862 1820 indjeant,
1880 1770 1943 1809 Sic
1962 1775 2106 1811 veniet.
2129 1774 2169 1811 Si

1178 1831 1259 1882 quis
1289 1845 1373 1882 ergo
1393 1831 1580 1868 Christum
1606 1830 1731 1870 videre
1754 1830 1876 1883 cupit3
1908 1831 1938 1869 si
1964 1833 2043 1883 quis
2074 1833 2169 1871 dolet

1179 1888 1277 1940 quod
1292 1889 1397 1926 illum
1413 1903 1483 1926 non
1500 1888 1632 1927 viderit
1647 1904 1654 1925 :
1674 1889 1732 1926 his
1749 1889 1900 1939 auditis,
1917 1889 2166 1930 admirandam

1177 1951 1290 1990 vitam
1312 1950 1503 2000 exhibeat,
1530 1959 1563 1988 et
1592 1950 1645 1988 sic
1675 1950 1838 1998 videbit,
1863 1965 1927 1988 nec
1948 1952 2126 1991 aberrabit
2147 1969 2166 1992 a

1177 2025 1297 2063 scopo.
1329 2012 1423 2049 Nam
1453 2025 1534 2048 cum
1571 2010 1704 2062 majore
1737 2020 1910 2049 venturus
1945 2021 1996 2050 est
2031 2013 2166 2064 gloria;

1177 2072 1239 2110 sed
1266 2071 1317 2109 sic
1343 2086 1425 2109 cum
1454 2071 1569 2120 nube,
1599 2071 1651 2109 sic
1682 2085 1763 2109 cum
1791 2085 1937 2123 corpore
1968 2088 1975 2109 :
2001 2087 2042 2111 ac
2063 2075 2167 2127 longe

1177 2134 1380 2172 mirabilius
1398 2134 1465 2171 erit
1491 2133 1542 2170 sic
1567 2133 1686 2185 ipsum
1712 2133 1836 2172 videre
1856 2133 1901 2172 de
1919 2135 2003 2172 caclo
2024 2136 2166 2175 descen·

1175 2194 1339 2241 dentem,
1363 2208 1473 2245 quam
1498 2207 1518 2231 a
1551 2203 1643 2232 terra
1676 2195 1932 2234 ascendentem.
1965 2198 2167 2237 Venturum

1177 2256 1288 2308 igitur
1316 2255 1488 2294 dixerunt
1509 2271 1516 2292 :
1539 2270 1609 2306 qua
1625 2269 1709 2293 vero
1731 2255 1775 2293 de
1794 2270 1898 2294 causa
1913 2266 2084 2296 venturus
2100 2260 2165 2305 sit,

1177 2331 1247 2356 non
1267 2315 1496 2367 addiderunt.
1514 2317 1589 2354 Hoc
1602 2316 1895 2355 resurrectionem
1918 2319 2117 2358 confirmat.
2129 2323 2166 2360 Si

1176 2378 1271 2417 enim
1287 2393 1369 2416 cum
1387 2392 1534 2430 corpore
1551 2387 1729 2416 assumtus
1743 2387 1794 2416 est
1801 2408 1812 2427 ,
1824 2379 1937 2417 multo
1957 2381 2071 2432 magis
2085 2396 2165 2420 cum

1178 2455 1324 2494 corpore
1350 2440 1555 2479 resurrexit.
1574 2440 1732 2479 Ubinam
1758 2449 1840 2478 sunt
1856 2441 1904 2490 ii,
1920 2443 1982 2493 qui
2010 2458 2166 2484 resurre-

1176 2502 1284 2540 ctioni
1305 2515 1375 2539 non
1396 2500 1570 2539 credunt?
1591 2501 1652 2552 qui
1672 2510 1755 2539 sunt
1770 2501 1823 2539 illi
1839 2532 1848 2548 ,
1868 2501 1926 2541 die
1953 2504 2057 2553 mihi⁷
2077 2519 2165 2557 gen—

1175 2564 1255 2601 tiles
1286 2577 1330 2602 an
1360 2561 1584 2600 Christiani?
1613 2562 1655 2600 Id
1677 2571 1769 2600 certe
1796 2563 1932 2613 nesci05
1954 2564 2026 2603 imo
2046 2567 2166 2618 potius

1175 2625 1287 2678 probe
1309 2623 1408 2663 novi.
1437 2623 1598 2662 Gentiles
1619 2623 1752 2675 quippe
1779 2633 1881 2673 sunt,
1904 2625 1966 2675 qui
1997 2627 2165 2665 creationi

1175 2701 1245 2725 non
1261 2685 1420 2724 credunt.
1440 2683 1660 2722 Eorumdem
1674 2684 1769 2722 enim
1785 2693 1848 2734 est7
1865 2699 1935 2723 non
1955 2688 2158 2739 concedere,

1176 2750 1293 2788 Deum
1311 2761 1413 2800 posse
1437 2745 1575 2798 aliquid
1603 2760 1648 2784 ex
1673 2746 1785 2784 nihilo
1806 2760 1939 2796 creare,
1959 2757 1993 2786 et
2012 2763 2160 2801 negare,

1175 2811 1294 2863 ipsum
1311 2822 1413 2861 posse
1425 2823 1464 2847 ea
1480 2807 1661 2857 suscitare,
1676 2821 1754 2858 quae
1767 2807 1903 2859 sepulta
1915 2817 2008 2846 sunt.
2026 2811 2163 2850 Deinde

1174 2871 1312 2924 pudore
1327 2870 1460 2919 affecti,
1477 2869 1574 2920 quod
1588 2883 1657 2906 non
1671 2877 1882 2919 cognoscant
1900 2869 2069 2909 virtutem
2084 2872 2163 2922 Dei,

1174 2948 1217 2972 ne
1231 2933 1310 2970 ideo
1323 2932 1543 2981 incusentur,
1562 2930 1706 2968 dicunt:
1723 2931 1801 2968 Non
1816 2929 1895 2967 ideo
1910 2929 1978 2968 hoc
1993 2931 2163 2977 dicimus,

1173 2994 1235 3032 sed
1253 2992 1349 3045 quod
1373 3005 1519 3044 corpore
1535 3004 1605 3028 non
1627 2990 1672 3028 sit
1687 3004 1791 3042 opus.
1811 2991 1983 3043 Apposite
2005 2992 2161 3043 dicatur,

1171 3056 1320 3095 Stultus
1353 3054 1477 3092 stulta
1508 3053 1698 3103 loquetur.
1729 3052 1809 3089 Non
1838 3065 1900 3090 vos
1931 3052 2053 3104 pudet,
2087 3056 2163 3093 Deo

1172 3125 1382 3169 potestatem
1419 3114 1555 3152 auferre
1586 3111 1726 3163 aliquid
1755 3125 1800 3149 ex
1833 3112 1947 3151 nihilo
1991 3116 2163 3154 creandi?

1172 3178 1213 3218 Si
1240 3192 1286 3215 ex
1316 3174 1628 3230 praeexistentibus
1662 3182 1778 3222 creat,
1808 3173 1845 3211 in
1880 3189 1950 3225 quo
1979 3190 2062 3228 ergo
2095 3177 2163 3216 dif-

1124 927 1148 956 D

1156 3288 1254 3316 στάσει
1272 3278 1582 3322 συννοουμένης.ΤυῐΙΙ
1596 3275 1805 3319 ἱᾶ.πανταχοῦ
1823 3280 1852 3310 δὲ
1870 3282 1989 3320 ἄγγελοι
2003 3286 2166 3325 φαίνονται.

1156 3337 1192 3368 Α.
1208 3335 1246 3366 C.
1265 3338 1420 3375 πανταχοῦ
1434 3337 1483 3373 ἀγ.
1503 3334 1551 3363 καὶ
1569 3334 1615 3364 ἐπὶ
1633 3345 1662 3363 τ.
1683 3329 1730 3372 γ,]

1200 3389 1212 3406 ‘¹
1236 3384 1349 3418 Morel.
1369 3388 1555 3430 εὐπρόσιτος,
1572 3380 1667 3414 male.

1913 3438 1951 3473 fd(

2183 1655 2362 1690 .luuu,2.19.

2182 3066 2253 3094 Islti.
2266 3066 2304 3094 32
2333 3064 2363 3092 (J,
