2502 3810
145 1496 330 1537 Zucdlffdlg.

350 245 439 291 352
799 260 835 288 s.

347 344 398 380 sic
419 342 545 379 mentis
560 348 686 378 nostrae
702 339 857 376 radicem
875 338 981 375 rodit.
999 338 1072 374 Cur
1086 337 1198 374 feram
1214 337 1326 374 inclu-

345 403 403 440 dis
424 403 458 439 in
480 400 674 440 visceribus
693 399 763 436 tuis
776 400 793 435 ἶ)
808 399 937 436 Melius
967 407 1057 435 esset
1079 407 1276 450 serpentem
1294 408 1328 436 et

347 448 505 513 ripemm
535 461 569 497 in
596 458 700 496 corde
724 473 813 507 esse,
829 473 935 508 quam
960 459 1051 496 iram
1080 468 1112 496 et
1135 459 1328 497 ulciscendi

344 520 577 571 cupiditatem
597 533 604 554 :
623 532 704 554 nam
722 518 782 554 illa
801 518 941 570 reptilia
956 519 1076 556 statim
1092 533 1112 556 a
1128 518 1229 556 nobis
1247 519 1328 557 abs-

345 581 525 627 cederent;
540 580 616 616 haee
631 587 749 616 autem
769 593 906 631 semper
924 588 1053 628 manet,
1065 593 1202 631 semper
1217 579 1329 617 denti-

343 640 411 676 bus
434 639 553 686 laniat,
569 638 669 676 virus
688 638 864 688 immittit,
885 640 1112 677 molestarum
1139 640 1325 691 cogitatio-

343 714 429 736 num
445 699 640 736 exercitum
656 698 832 750 producit.
852 702 898 737 At
912 700 988 737 haec
1002 700 1103 749 facio,
1117 699 1270 750 inquies,
1284 715 1327 738 ne

342 773 398 796 me
416 758 541 806 rideat,
558 772 601 795 ne
618 767 831 796 contemnat.
850 759 963 797 Miser
976 761 1082 797 homo
1098 769 1131 797 et
1151 774 1325 798 aerumno-

343 833 392 867 se,
413 833 483 856 non
507 818 560 857 vis
576 833 596 856 a
616 833 782 858 conservo
799 819 954 870 irrideri,
975 820 1036 858 sed
1055 820 1136 858 odio
1164 820 1287 858 haberi
1306 836 1326 859 a

342 879 496 916 Domino
515 880 601 916 tuo?
614 893 683 917 non
703 880 760 917 vis
777 880 910 932 despici
929 895 949 918 a
967 895 1148 931 conservo,
1166 881 1228 919 sed
1251 883 1325 920 Do-

343 940 481 977 minum
517 940 699 992 despicis?
731 940 867 992 despici
895 941 941 978 ab
972 942 1035 979 illo
1073 957 1142 980 non
1173 942 1322 994 pateris,

343 1002 529 1050 Deumque
549 1011 654 1052 putas
673 1015 740 1039 non
769 1002 959 1053 indignari,
975 1002 1071 1053 quod
1097 1003 1215 1055 ipsum
1232 1003 1326 1040 deri-

344 1062 441 1110 deas,
456 1063 550 1112 quod
570 1062 688 1114 ipsum
707 1077 864 1114 spernas,
886 1063 975 1101 dum
996 1077 1065 1101 non
1084 1065 1139 1102 vis
1162 1064 1231 1116 ipsi
1263 1064 1326 1101 ob—

344 1125 561 1175 temperare?
575 1124 683 1170 Quod
699 1134 816 1162 autem
834 1125 895 1162 ille
914 1140 982 1163 non
1001 1134 1032 1163 te
1047 1125 1328 1175 deridebit,hinc

345 1185 571 1221 manifestum
585 1194 649 1222 est.
669 1186 707 1224 Si
729 1194 761 1223 te
781 1185 976 1235 ulciscaris,
991 1187 1076 1224 hinc
1101 1200 1251 1238 magnus
1272 1186 1326 1223 ri-

345 1259 416 1294 sus,
432 1259 581 1296 magnus
601 1256 817 1293 contemtus;
840 1261 922 1284 nam
942 1248 1247 1299 pusillanimitatis
1277 1257 1329 1285 est

345 1318 433 1357 opus
459 1321 467 1342 :
493 1306 522 1343 si
551 1320 635 1344 vero
663 1306 857 1356 dimiseris,
889 1321 1057 1358 magnum
1091 1308 1325 1349 miraculum3

345 1367 646 1417 magnanimitatis
661 1368 754 1405 enim
767 1369 834 1406 hoc
851 1384 940 1421 opus
951 1378 1013 1407 est.
1026 1372 1073 1407 At
1088 1370 1159 1418 ille,
1177 1370 1327 1420 inquies,

344 1426 382 1463 id
403 1427 554 1478 ignorat.
582 1428 679 1466 Sciat
702 1431 808 1478 Deus,
824 1438 863 1466 ut
891 1430 1060 1481 majorem
1080 1430 1209 1468 habeas
1230 1445 1327 1468 mer-

875 256 1059 287 JOANNJS
1095 255 1333 286 CHRYSOST.
1375 258 1579 288 ARCHIEP.
1619 260 1970 293 CONSTANTINOP.

1401 341 1492 378 οὕτω
1512 342 1576 388 τὴν
1597 342 1691 395 ῥίζαν
1711 347 1773 390 τῆς
1791 346 1964 397 ἡμετέρας
1985 346 2168 398 διατρώγει
2185 346 2346 389 διανοίας.
2371 345 2417 383 Τί

1403 401 1519 452 θηρίον
1536 403 1769 446 ἓναποκλείεις
1796 407 1844 448 εἷς
1861 405 1905 443 τὰ
1924 406 2107 458 σπλάγχνα
2127 406 2170 444 τὰ
2190 407 2257 453 σά,
2276 407 2418 444 Βέλτιον

1402 461 1478 512 ὄφιν
1493 461 1515 507 ἢ
1533 462 1605 514 ἔχιν
1626 466 1800 514 ἐγκεῖσθαι
1819 468 1862 516 τῇ
1883 466 2029 518 καρδία,
2045 466 2068 512 ἢ
2088 468 2196 517 θυμὸν
2213 467 2272 505 καὶ
2290 483 2420 517 μνησι-

1402 522 1527 560 κακίαν
1543 538 1550 545 ·
1571 525 1685 561 ἐκεῖνα
1704 523 1765 573 μὲν
1785 524 1851 576 γὰρ
1873 525 1994 570 εὐθέως
2019 527 2058 564 ἂν
2088 530 2181 577 ἡμᾶς
2209 526 2420 573 ἀπήλλαξεν,

1402 576 1498 626 οἶτος
1531 583 1566 621 δὲ
1597 583 1692 633 μένει
1723 585 1909 628 διαπαντὸς
1924 613 1933 629 ,
1956 585 2033 629 τοὺς
2060 586 2200 631 ὀδόντας
2219 586 2418 638 ἐμπηγνὺς,

1401 643 1458 680 τὸν
1490 643 1539 681 ἰὸν
1560 645 1717 692 ἐντιθεὶς,
1732 644 1810 687 τοὺς
1827 644 2001 696 χαλεποὺς
2023 646 2301 698 ἼἛπιστρατεύων
2320 649 2421 697 λογι-

1403 703 1523 752 σμούς.
1545 703 1649 743 Ἀλλὰ
1664 710 1773 743 ταῦτα
1788 707 1895 751 ποιῶ,
1911 705 2030 756 φησὶν,
2043 706 2099 742 ἵνα
2115 706 2162 755 μὴ
2178 707 2420 758 καταγελάσῃ,

1401 762 1456 801 ἵνα
1477 763 1524 814 μὴ
1541 766 1802 817 καταφρονήσῃ.
1818 765 1934 804 Ἄθλιε
1947 767 2106 817 ἄνθρωπε
2126 765 2185 803 καὶ
2199 766 2400 819 ταλαίπωρε
2411 797 2421 813 ,

1401 825 1438 860 οὐ
1461 824 1575 874 βούλει
1594 828 1899 876 καταγελασθῆναι
1917 826 2013 879 παρὰ
2028 829 2086 864 τοῦ
2107 825 2290 864 συνδούλου
2307 855 2316 872 ,
2333 827 2421 864 ἀλλὰ

1367 904 1376 914 ¹
1401 887 1593 933 μισηθῆναι
1612 885 1710 937 παρὰ
1729 891 1790 924 τοῦ
1815 891 1875 924 σοῦ
1898 886 2098 925 ςΔεσπότου
2113 903 2123 933 ;
2138 888 2175 925 οὐ
2208 886 2322 937 βούλει
2352 902 2421 924 κα-

1401 949 1612 996 φρονηθῆναι
1637 946 1733 1000 παρὰ
1760 951 1819 985 τοῦ
1849 948 2034 999 ὁμοδούλου
2050 978 2059 995 ,
2080 948 2167 986 ἀλλὰ
2195 954 2422 1000 καταφρονεῖς

1400 1009 1460 1043 τοῦ
1483 1007 1680 1055 Δεσπότου,
1698 1011 2004 1060 καταφρονηθῆναι
2027 1011 2110 1060 παρ’
2133 1011 2237 1046 αὐτοῦ
2264 1010 2325 1046 οὐκ
2345 1008 2421 1046 ἀνέ-

1401 1083 1447 1119 χῃ
1461 1097 1470 1113 ,
1490 1068 1547 1106 τὸν
1567 1068 1601 1105 δὲ
1629 1070 1717 1107 Θεὸν
1741 1071 1946 1120 ἀγανακτεῖν
1976 1072 2036 1107 οὒκ
2057 1069 2137 1114 οἴει,
2154 1069 2207 1107 ὅτι
2235 1070 2338 1106 αὐτοῦ
2359 1084 2422 1106 κα-

1401 1130 1548 1180 ταγελᾷς
1560 1158 1570 1174 ,
1588 1128 1641 1167 ὅτι
1661 1131 1764 1167 αὐτοῦ
1782 1136 2028 1183 καταφρονεῖς,
2050 1132 2086 1169 οὔ
2106 1130 2310 1181 βουλόμενος
2327 1130 2421 1180 αὐτῷ

1400 1188 1599 1236 πείθεσθαι,
1619 1190 1702 1228 'On
1738 1190 1772 1228 δὲ
1800 1191 1876 1229 οὐδὲ
1903 1190 2182 1240 καταγελάσεταί
2206 1205 2286 1238 σου,
2318 1191 2421 1236 δῆλον

1401 1250 1540 1287 ἐκεῖθεν.
1555 1249 1616 1287 Ἂν
1638 1250 1698 1300 μὲν
1719 1246 1776 1288 οὖν
1802 1252 1985 1303 ἐπεξέλθῃς
1998 1281 2007 1298 ,
2027 1251 2134 1295 πολὺς
2153 1255 2170 1289 ὃ
2190 1251 2318 1302 γέλως,
2337 1253 2421 1289 πολ-

1402 1308 1445 1355 λὴ
1476 1313 1497 1354 ἡ
1529 1311 1803 1363 καταφρόνησις·
1826 1312 2058 1364 μικροψυχίας
2090 1311 2157 1364 γὰρ
2185 1312 2223 1350 τὸ
2252 1318 2420 1362 πρᾶγμα·

1403 1369 1442 1406 ἂν
1467 1369 1501 1407 δὲ
1518 1373 1607 1422 ἀφῇς
1621 1399 1630 1416 ,
1642 1371 1728 1410 πολὺ
1743 1373 1782 1410 τὸ
1801 1377 1916 1424 θαῦμα
1930 1389 1937 1396 ·
1952 1372 2212 1424 μεγαλοψυχίας
2228 1371 2294 1423 γὰρ
2309 1376 2420 1410 τοῦτο.

1403 1431 1494 1468 Ἀλλ’
1513 1433 1640 1475 ἐκεῖνος
1661 1435 1722 1471 οὐκ
1742 1427 1810 1471 οἶδε
1825 1464 1834 1481 ,
1851 1433 2084 1485 <pars-imfimo>
2103 1436 2119 1470 ὃ
2142 1433 2252 1479 Θεὸς,
2269 1432 2324 1470 ἵνα
2342 1432 2422 1482 μεί-

346 1488 479 1525 cedem.
506 1490 547 1526 In
566 1489 679 1526 foenus
702 1489 796 1539 date,
815 1490 941 1540 inquit,
959 1490 1014 1537 iis,
1038 1505 1058 1527 a
1086 1491 1216 1541 quibus
1237 1492 1328 1529 nihil
1343 1519 1389 1542 315
1405 1494 1484 1535 ζονα
1503 1492 1586 1545 ἔχῃς
1604 1494 1660 1531 τὸν
1691 1494 1823 1544 μισθόν.
1844 1495 2025 1539 Δανείςετε
2045 1495 2129 1547 γὰρ,
2143 1494 2249 1546 φησὶ,
2270 1496 2352 1546 παρ’
2374 1488 2420 1531 ὧν

345 1549 504 1599 accipere
527 1549 687 1601 speratis.
709 1550 769 1588 Sic
785 1550 954 1586 beneficia
970 1559 1176 1601 praestemus
1193 1550 1249 1599 iis,
1267 1551 1328 1601 qui

345 1623 413 1647 non
433 1609 586 1647 sentiunt
605 1625 640 1647 se
655 1610 836 1647 beneficiis
855 1610 963 1656 affici,
982 1620 1021 1647 ut
1042 1625 1085 1648 ne
1103 1611 1160 1649 vel
1184 1611 1327 1649 laudem

344 1671 401 1709 vel
430 1670 567 1720 aliquid
589 1671 689 1707 aliud.
718 1671 819 1708 nobis
854 1670 1103 1722 rependentes,
1130 1671 1329 1710 mercedem

344 1731 445 1768 nobis
480 1732 652 1767 minuant.
688 1731 778 1767 Cum
805 1731 898 1768 enim
922 1730 1013 1767 nihil
1046 1731 1091 1767 ab
1122 1730 1328 1769 hominibus

343 1791 548 1842 accipimus,
567 1800 652 1828 tunc
671 1792 805 1843 majora
830 1806 850 1828 a
878 1793 953 1828 Deo
977 1791 1202 1843 accipiemus.
1231 1792 1329 1838 Quid

344 1860 463 1889 autem
491 1852 565 1889 risu
599 1852 767 1903 dignius,
791 1852 878 1903 quid
907 1852 1075 1903 frigidius
1103 1853 1221 1890 anima
1250 1868 1328 1904 quae

345 1929 482 1967 semper
501 1915 664 1953 irascitur
691 1925 725 1953 et
745 1930 781 1953 se
799 1916 876 1954 vult
906 1916 1059 1954 ulcisci?
1083 1917 1261 1955 Muliebre
1288 1932 1328 1955 ac

346 1978 482 2029 puerile
497 1977 716 2029 propositum
736 1987 798 2016 est.
825 1979 917 2016 Nam
936 1988 974 2016 ut
993 1979 1054 2016 illa
1072 1989 1191 2017 contra
1210 1980 1326 2017 inani-

347 2047 440 2075 mata
456 2039 560 2075 ctiam
577 2038 758 2087 irascitur,
771 2047 803 2076 et
818 2039 847 2075 si
860 2039 1103 2091 pavimentum
1117 2054 1185 2078 non
1203 2055 1327 2092 percu-

348 2100 423 2148 tiat,
439 2114 507 2137 non
522 2100 668 2137 remittit
686 2101 774 2137 iram
791 2117 798 2137 :
812 2101 859 2138 ita
879 2110 912 2138 et
927 2101 965 2138 hi
980 2115 1049 2148 eos,
1063 2101 1125 2152 qui
1142 2116 1177 2140 se
1190 2103 1327 2141 afflixe-

348 2172 442 2211 runt,
457 2163 581 2200 ulcisci
600 2164 737 2202 volunt.
758 2164 850 2215 Ergo
871 2173 902 2201 et
922 2164 991 2215 ipsi
1017 2165 1090 2202 risu
1109 2165 1210 2216 digni
1225 2180 1327 2204 :nam

348 2222 409 2259 irre
433 2223 628 2274 subjectum
653 2237 736 2270 csse,
750 2224 897 2274 puerilis
915 2234 966 2261 est
984 2225 1118 2273 animi3
1137 2226 1196 2262 irae
1212 2226 1326 2278 impe-

349 2297 438 2328 rare,
458 2283 588 2319 strenui
609 2283 678 2320 viri
697 2292 760 2320 est.
793 2284 887 2333 Ergo
906 2298 975 2321 non
994 2299 1056 2322 nos
1072 2285 1278 2336 irridemur,
1300 2288 1329 2325 si

349 2342 553 2393 philosophi
568 2342 692 2391 simus,
709 2343 769 2380 sed
784 2343 851 2379 illi.
870 2345 946 2380 Non
964 2353 1014 2380 est
1031 2343 1121 2381 illud
1144 2348 1330 2383 contemti—

348 2401 478 2438 bilium
492 2402 692 2451 hominum,
710 2418 728 2440 a
747 2403 909 2454 passione
928 2417 997 2440 non
1015 2404 1112 2441 vinci
1126 2420 1133 2440 :
1147 2408 1330 2444 contemti-

349 2462 479 2500 bilium
498 2464 683 2501 hominum
703 2473 752 2501 est
773 2473 975 2502 exterorum
997 2465 1109 2502 risum
1127 2466 1262 2515 timere,
1284 2468 1331 2506 ita

350 2533 389 2560 ut
406 2533 549 2575 propter
572 2525 667 2562 hunc
691 2525 802 2562 animi
837 2526 960 2562 morbo
983 2526 1164 2578 subjacere
1183 2527 1286 2577 velis,
1300 2538 1333 2566 et

350 2586 467 2621 Deum
488 2584 664 2622 offendere
688 2594 721 2622 et
740 2595 773 2622 te
791 2585 928 2622 ulcisci.
946 2586 1030 2624 Haec
1056 2600 1137 2625 vere
1156 2596 1236 2624 sunt
1257 2588 1332 2626 risu

349 2645 468 2697 digna.
484 2645 566 2682 Haec
581 2659 663 2695 ergo
684 2645 876 2696 fugiamus.
895 2646 999 2683 Dicat
1021 2647 1142 2697 se,qui
1167 2663 1229 2686 nos
1250 2663 1330 2686 sex·

350 2706 459 2743 centis
486 2706 663 2758 impetivit
691 2706 810 2755 malis,
830 2706 919 2743 nihil
948 2721 1092 2758 passum
1118 2722 1191 2746 esse
1222 2710 1331 2747 mali:

350 2766 445 2804 dicat
461 2781 516 2815 se,
532 2767 561 2804 si
580 2767 616 2804 in
639 2781 700 2804 nos
721 2767 849 2805 iterum
867 2767 1118 2815 debacchetur,
1142 2769 1234 2807 nihil
1260 2784 1333 2808 esse
1370 2773 1380 2783 “

350 2841 547 2878 passurum.
569 2828 648 2864 Non
669 2827 772 2864 aliter
801 2836 957 2865 nostram
981 2829 1189 2879 praedicaret
1217 2831 1335 2869 Yirtu·

350 2900 436 2935 tem,
451 2902 519 2925 non
534 2889 602 2926 alia
617 2898 786 2938 quareret
797 2889 917 2935 verba,
932 2889 960 2925 si
980 2902 1042 2926 nos
1059 2889 1205 2928 laudare
1219 2891 1335 2940 vellet,

351 2963 460 2999 quam
487 2949 573 2997 haec,
589 2964 665 3000 quae
690 2959 727 2987 ut
754 2963 816 2987 nos
836 2949 996 2987 mordeat
1015 2951 1161 3002 profert.
1189 2953 1336 2990 Utinam

351 3023 471 3047 omnes
501 3010 576 3047 haee
605 3010 649 3048 de
676 3025 732 3048 me
761 3010 943 3049 dicerent:
964 3011 1133 3061 Frigidus
1160 3012 1267 3049 homo
1303 3021 1337 3050 et

352 3070 458 3108 miser
486 3079 536 3108 est
554 3086 562 3106 ε
579 3085 697 3108 omnes
727 3070 795 3122 ipsi
829 3070 1080 3108 contumeliam
1110 3072 1285 3120 inferunt,
1304 3081 1337 3110 et

351 3131 424 3183 ipse
437 3132 525 3180 fert;
542 3146 661 3169 omnes
680 3132 856 3179 insiliunt,
874 3140 907 3168 et
923 3131 983 3168 ille
1001 3145 1069 3168 non
1088 3146 1122 3169 se
1138 3133 1334 3172 ulciscitur.

351 3193 498 3230 Utinam
517 3192 708 3230 adderent:
725 3193 846 3243 Neque
866 3193 894 3231 si
921 3193 1020 3241 velit,
1037 3202 1169 3245 potest3
1186 3203 1225 3231 ut
1244 3195 1335 3232 mihi

352 3252 428 3290 laus
456 3262 543 3291 esset
572 3267 591 3290 a
611 3255 708 3304 Deo,
735 3263 767 3292 et
786 3268 854 3292 non
884 3254 930 3292 ab
956 3254 1177 3293 hominibus.
1205 3255 1332 3305 Dicat,

398 3384 411 3398 “
438 3385 502 3424 [tta
513 3383 849 3425 Codd.‚(10mmel.ct
867 3385 982 3429 Savil.5
1002 3390 1202 3432 ἐκστρατεύωυ
1221 3386 1354 3429 Memfi]

1354 1555 1379 1583 Α
1404 1555 1465 1590 οὐκ
1485 1554 1641 1597 ἐλπίζετε
1660 1555 1859 1592 ἀπολαὸεῖν.
1876 1554 1979 1593 Οὕτω
2007 1556 2065 1592 καὶ
2087 1557 2320 1607 εὐεργετῶμεν
2344 1554 2421 1597 τοὺς

1405 1613 1493 1663 μηδὲ
1514 1615 1795 1665 αἰσθανομένους,
1817 1615 1870 1653 ὅτι
1887 1618 2164 1667 εὐεργετοῦνται,
2179 1615 2236 1653 ἵνα
2257 1615 2304 1666 μὴ
2327 1617 2421 1652 ἀντι-

1405 1674 1553 1717 διδόντες
1568 1678 1652 1725 ἡμῖν
1668 1675 1725 1712 τὸν
1745 1674 1884 1713 ἔπαινον
1903 1675 1925 1721 ἢ
1946 1676 1966 1713 ὅ
1983 1692 2016 1713 τι
2046 1676 2194 1722 δήποτε,
2214 1674 2421 1713 ἐλαττώσω-

1405 1751 1457 1773 σιν
1477 1739 1561 1785 ἡμῖν
1581 1736 1639 1774 τὸν
1662 1735 1796 1786 μισθόν.
1816 1735 1929 1774 “O-„w
1950 1737 2018 1789 γὰρ
2040 1737 2146 1787 μηδὲν
2169 1735 2266 1789 παρὰ
2287 1735 2421 1787 ἀνθρώ-

1404 1812 1478 1833 πων
1495 1796 1672 1847 lige->uem
1686 1798 1764 1835 τότε
1780 1797 1918 1847 μείζονα
1933 1798 2029 1848 παρὰ
2047 1803 2107 1836 τοῦ
2120 1800 2211 1836 Θεοῦ
2225 1798 2419 1849 ληψόμεθα.

1406 1856 1454 1894 Τί
1484 1856 1519 1893 δὲ
1551 1858 1909 1910 καταγελαστότερον,
1930 1857 1963 1895 τί
1996 1857 2030 1896 δὲ
2059 1857 2273 1911 ψυχρότερον
2303 1860 2420 1909 ψυχῆς

1405 1916 1630 1968 ὀργιζομένης
1659 1918 1861 1963 διαπαντὸς,
1884 1918 1943 1955 καὶ
1970 1918 2180 1969 βουλομένης
2209 1917 2420 1963 ἐπεξελθεῖν;

1405 1978 1628 2025 Γυναικώδης
1644 1978 1729 2025 αὕτη
1747 1983 1767 2025 ἡ
1783 1979 1981 2031 προαίρεσις
1997 1978 2056 2016 καὶ
2077 1979 2236 2025 παιδική.
2254 1978 2421 2032 Καθάπερ

1403 2038 1471 2090 γὰρ
1492 2039 1604 2085 ἐκείνη
1635 2040 1693 2077 καὶ
1727 2040 1811 2092 πρὸς
1837 2041 1882 2079 τὰ
1909 2041 2028 2093 ἄψυχα
2059 2040 2253 2091 ὀργίζεται,
2271 2040 2334 2078 κᾶν
2370 2040 2418 2090 μὴ

1403 2100 1517 2151 πλήξῃ
1537 2101 1576 2139 τὸ
1596 2100 1729 2153 ἔδαφος,
1750 2104 1811 2139 οὐκ
1829 2101 1951 2153 ἀφίησι
1972 2101 2035 2147 τὴν
2058 2101 2175 2153 ὀργήν·
2198 2100 2285 2139 οὕτω
2305 2100 2346 2147 δὴ
2362 2102 2421 2138 καὶ

1404 2155 1496 2200 οὗτοι
1528 2160 1605 2205 τοὺς
1630 2163 1853 2209 λυπήσαντας
1883 2162 2077 2210 ἀμύνασθαι
2111 2161 2302 2212 βούλονται.
2336 2160 2422 2212 Ἄρα

1406 2223 1503 2260 αὐτοὶ
1521 2223 1671 2274 γέλωτος
1690 2223 1799 2267 ἄξιοι·
1821 2223 1944 2276 τὸγὰρ
1973 2223 2039 2261 ὑπὸ
2066 2226 2172 2273 Ουμοῧ
2199 2226 2421 2273 κρατεῖσθαι,

1405 2285 1570 2328 παιδικῆς
1593 2283 1760 2326 διανοίας·
1781 2284 1820 2322 τὸ
1840 2283 1874 2322 δὲ
1893 2289 2047 2335 κρατεῖν,
2064 2283 2315 2337 ἀνδρειότητος.
2336 2282 2423 2333 Ἄρα

1407 2346 1470 2394 οὐχ
1500 2348 1601 2394 ἡμεῖς
1633 2343 1927 2393 καταγελώμεθα,
1956 2344 2037 2381 ὅταν
2069 2345 2322 2394 φιλοσοφῶμεν,
2347 2344 2422 2380 ἀλλ’

1408 2406 1542 2441 ἐκεῖνοι.
1564 2406 1639 2441 Οὐκ
1661 2404 1734 2442 ἔστι
1761 2408 1862 2442 τοῦτο
1882 2404 2191 2456 εὐκαταφρονήτων
2220 2403 2422 2456 ἀνθρώπων,

1406 2464 1445 2502 τὸ
1476 2464 1523 2514 μὴ
1543 2467 1713 2510 ἡττᾶσθαι
1742 2465 1866 2502 πάθει·
1888 2465 2194 2515 εὐκαταφρονήτων
2217 2464 2252 2501 δέ
2281 2466 2355 2501 ἐστι
2384 2465 2423 2501 τὸ

1407 2524 1496 2561 οὕτω
1515 2525 1651 2575 τρέμειν
1682 2525 1740 2562 τὸν
1760 2525 1880 2569 ἔξωθεν
1900 2525 2056 2575 γέλωτα,
2078 2526 2124 2567 ὡς
2153 2525 2209 2562 διὰ
2231 2530 2348 2562 τοῦτον
2371 2527 2423 2562 αῖ-

1409 2589 1539 2637 ρεῖσθαι
1560 2586 1618 2623 καὶ
1633 2586 1735 2623 πάθει
1751 2585 1958 2624 ὑποπίπτειν
1978 2586 2094 2637 οἰκείῳ
2109 2617 2118 2633 ,
2139 2586 2197 2623 καὶ
2214 2587 2296 2637 Θεῷ
2312 2600 2422 2638 προσ-

1406 2647 1554 2698 κρούειν,
1574 2647 1632 2684 καὶ
1655 2646 1774 2684 ἑαυτὸν
1790 2646 1998 2696 ἀμύνασθαι.
2011 2649 2134 2685 Ταῦτα
2153 2647 2257 2690 ὅντως
2275 2646 2424 2698 γέλωτος

1407 2708 1496 2752 ἄξια.
1517 2710 1651 2746 Οὐκοῦν
1683 2712 1792 2745 ταῦτα
1819 2707 2011 2759 φεύγωμεν.
2036 2708 2201 2758 Λεγέτω,
2231 2708 2283 2745 ὅτι
2315 2707 2422 2759 μυρία

1406 2773 1500 2818 ἡμᾶς
1519 2768 1752 2819 ἐργασάμενος
1773 2769 1881 2816 κακὰ,
1896 2768 1990 2806 οὐδὲν
2010 2770 2109 2812 αὐτὸς
2126 2768 2231 2805 ἔπαθε
2245 2768 2421 2819 ’ξλεγέτιιῃ

1407 2830 1459 2867 ὅτι
1479 2830 1538 2866 καὶ
1558 2829 1662 2867 πάλιν
1683 2832 1768 2879 ἡμῖν
1789 2831 1818 2867 εἷ
1837 2828 2105 2879 ἕπικωμοίσειεν,
2127 2827 2221 2867 οὐδὲν
2248 2828 2419 2866 πείσεται.

1407 2893 1484 2928 Οὐκ
1504 2890 1543 2927 ἂν
1576 2890 1701 2941 ἑτέρως
1732 2893 1831 2940 ἡμῶν
1859 2889 2001 2942 ἐκήρυξε
2031 2889 2093 2935 τὴν
2125 2889 2263 2941 ἀρετὴν,
2296 2892 2356 2927 οὐκ
2384 2890 2423 2927 ἂν

1408 2951 1497 2988 ἄλλα
1517 2950 1661 2996 ἐζήτησε
1687 2950 1847 3002 ῥήματα,
1869 2953 1898 2987 εἰ
1918 2950 2097 2988 ἐπαινέσαι
2123 2953 2216 3001 ἡμᾶς
2243 2949 2424 2997 ἐδούλετο,

1408 3011 1487 3050 ἀλλ’
1506 3010 1528 3056 ἢ
1556 3014 1689 3058 ταῦτα,
1712 3011 1733 3048 ἃ
1762 3012 1853 3049 δοκεῖ
1881 3011 2030 3055 κακίζων
2051 3011 2176 3062 λέγειν.
2197 3011 2281 3049 Εἴθε
2300 3012 2426 3053 πάντες

1407 3072 1486 3123 περὶ
1506 3074 1589 3122 ἐμοῦ
1609 3075 1718 3109 ταῦτα
1746 3070 1875 3122 ἔλεγον,
1898 3071 1950 3109 ὅτι
1977 3073 2106 3124 ψυχρὸς
2136 3072 2331 3123 ἅνθρωπος,
2366 3071 2425 3109 καὶ

1407 3132 1628 3183 ταλαίπωρός
1649 3135 1741 3170 ε’στι·
1762 3132 1888 3174 πάντες
1905 3134 1952 3175 εἷς
1977 3133 2075 3170 αὐτὸν
2095 3133 2302 3185 ὓὸρίζουσιν,
2325 3132 2424 3175 αὐτὸς

1409 3194 1443 3232 δὲ
1464 3194 1578 3246 φέρει·
1595 3193 1721 3236 πάντες
1738 3193 1959 3240 ἐνάλλονται,
1980 3194 2080 3236 αὐτὸς
2101 3194 2135 3231 δὲ
2158 3195 2217 3231 οὐκ
2245 3193 2424 3244 ἀμύνεται.

1408 3254 1492 3293 Εἴθε
1513 3253 1772 3307 προσετίθεσαν,
1801 3254 1853 3291 ὅτι
1886 3253 1961 3292 οὐδὲ
1990 3254 2048 3291 ἐὰν
2075 3255 2155 3307 θέλῃ
2187 3254 2345 3302 δύναται,
2367 3254 2422 3292 ἵνα

1466 3398 1478 3412 c
1503 3388 1564 3421 Alii
1582 3391 1740 3429 διππότον,
1761 3392 1808 3421 καὶ
1827 3394 2084 3434 κατεφρονῆθῆναι
2101 3393 2172 3435 παρ’
2189 3392 2294 3430 αὐτοῦς
2315 3394 2356 3424 05.
