2466 3805
85 1441 200 1468 Matth.
220 1443 269 1471 26.

85 1482 136 1517 24.

84 1805 172 1835 Psal.
196 1806 246 1836 68.

95 2959 184 2985 ioan.
199 2954 278 2995 [40.

287 187 344 230 52

282 279 446 331 juvabat.
461 277 559 317 Illud
568 292 650 316 vero
669 278 824 315 maxime
843 276 987 314 Domini
1002 274 1256 324 benignitatem

284 339 449 377 declarat.
475 338 670 385 Quoniam,
691 337 827 386 inquit,
849 337 1155 373 Connumeratus
1174 340 1258 368 erat

285 402 326 435 in
341 401 461 444 nobis,
489 407 526 435 et
541 400 696 435 sortitus
716 404 769 432 est
793 402 934 431 sortem
964 393 1167 428 ministerii
1186 391 1259 426 hu-

277 463 354 513 jus.
372 462 507 499 Sortem
526 459 658 508 ubique
675 465 790 501 vocat,
811 453 993 492 ostendens
1009 462 1125 490 totum
1139 466 1158 488 a
1180 465 1260 502 gra-

283 520 333 557 tia
349 520 415 557 Dei
433 529 465 557 et
483 519 527 555 ab
546 520 619 568 ejus
638 515 803 554 electione
828 527 912 561 esse,
928 522 960 549 et
978 521 1097 551 vetera
1112 511 1199 563 ipsis
1221 511 1259 548 in

285 590 436 618 mentem
453 592 633 625 revocanS,
653 575 748 626 quod
772 588 896 625 nempe
912 575 1006 611 Deus
1025 572 1111 625 ipsis
1130 581 1259 610 sortem

283 640 440 687 dederit,
461 647 500 675 ut
524 638 610 674 olim
634 635 778 672 Levitis.
798 634 846 671 Et
875 635 1084 671 immoratur
1109 633 1154 671 iis
1181 647 1258 683 quae

285 702 450 739 dicuntur
465 698 509 735 de
526 699 547 737 J
550 697 632 743 uda,
644 695 738 746 quod
749 709 873 747 nempe
889 694 1098 747 proditionis
1113 707 1258 742 merces,

285 761 449 799 vindictae
469 759 514 796 sit
545 772 672 810 praeco.
693 758 884 805 Possedit,
912 756 1040 806 inquit,
1060 769 1196 807 agrum
1211 756 1259 792 de

284 823 454 860 mercede
473 822 701 872 iniquitatis.
716 818 810 858 Vide
824 817 1001 869 quomodo
1019 818 1087 855 hoc
1105 831 1149 854 ex
1166 816 1259 855 divi-

284 897 328 921 na
349 881 606 934 dispensatione
626 881 761 918 factum
785 880 904 916 fuerit.
935 881 1160 930 Iniquitalis
1174 907 1184 925 ,
1205 877 1259 914 in-

285 945 371 995 quit.
392 944 514 981 Multae
539 951 620 980 sunt
647 940 859 991 iniquitates,
887 939 948 977 sed
978 940 1045 976 hac
1072 938 1163 975 nihil
1192 938 1260 975 ini-

285 1005 389 1055 quius
405 1017 573 1054 umquam
597 1002 729 1039 factum
747 1009 807 1037 est.
822 1001 945 1050 Itaque
964 998 1161 1049 iniquitatis
1188 1007 1261 1036 erat

286 1065 478 1115 negotium.
501 1064 574 1101 Nec
601 1061 832 1114 praesentibus
850 1069 987 1097 tantum
1019 1068 1141 1096 notum
1172 1059 1262 1106 fuit,

286 1125 345 1164 sed
365 1125 470 1162 etiam
497 1122 644 1175 posteris
670 1121 836 1159 omnibus
857 1136 864 1156 :
892 1121 941 1157 ita
968 1128 1006 1156 ut
1025 1120 1083 1157 vel
1106 1119 1209 1156 inviti
1231 1127 1265 1155 et

285 1186 387 1225 inscii
411 1187 528 1224 locum
556 1185 790 1231 nominarent,
809 1182 1110 1234 quemadmodum
1128 1192 1162 1220 et
1181 1181 1265 1219 Cai—

284 1248 372 1299 phas
402 1245 627 1299 prophetavit
653 1244 795 1282 inscius.
818 1246 914 1281 Deus
943 1243 1112 1295 compulit
1143 1257 1200 1280 eos
1224 1251 1264 1280 ut

285 1308 459 1346 Hebraice
478 1319 603 1344 nomen
623 1305 744 1342 darent
767 1303 970 1341 Aceldama.
992 1304 1084 1341 Hinc
1105 1303 1263 1340 declara-

286 1369 415 1407 bantur
446 1368 538 1405 mala
571 1366 712 1405 Judaeos
747 1365 927 1402 invasura.
961 1366 1075 1414 Atque
1113 1364 1264 1402 ostendit

285 1430 377 1467 hanc
406 1427 628 1481 prophetiam
646 1440 690 1463 ex
720 1435 818 1477 parte
847 1424 1059 1476 completam
1081 1440 1088 1461 ε
1112 1427 1263 1462 Bonum

285 1500 368 1529 erat
385 1493 441 1536 ei,
459 1492 492 1527 si
514 1497 627 1525 natus
645 1488 873 1538 nonsnisset
899 1487 1012 1522 homo
1029 1487 1109 1522 ille.
1133 1486 1186 1522 De
1201 1487 1263 1524 Ju-

283 1550 369 1588 daeis
385 1563 526 1600 quoque
539 1548 661 1585 eadem
676 1546 791 1583 dicere
814 1560 876 1597 par
893 1555 955 1582 cst.
979 1545 1121 1583 Etenim
1139 1547 1167 1583 si
1187 1546 1263 1583 dux

283 1613 410 1664 plexus
435 1611 525 1659 fuit,
546 1610 658 1647 multo
687 1607 801 1658 magis
832 1607 882 1645 hi.
912 1607 983 1645 Sed
1014 1607 1143 1644 horum
1172 1607 1263 1644 nihil

283 1673 400 1709 adhuc
418 1672 587 1721 loquitur.
607 1668 743 1706 Deinde
759 1667 943 1705 ostendens
961 1666 1006 1704 de
1021 1667 1097 1718 ipso
1113 1667 1193 1718 jure
1206 1666 1262 1703 di-

283 1734 315 1773 ci
337 1733 431 1771 illud
446 1731 636 1772 Aceldama
650 1760 660 1779 ,
683 1729 819 1766 inducit
838 1728 1046 1780 prophetam
1064 1728 1237 1765 dicentem
1254 1744 1261 1764 :

284 1796 378 1832 Fiat
402 1795 592 1831 habitatio
615 1793 696 1843 ejus
728 1791 891 1826 deserta.
914 1788 1013 1835 Quid
1031 1789 1123 1825 enin]
1144 1789 1263 1826 deser-

284 1855 354 1893 tius
374 1853 559 1905 sepulcro?
585 1851 670 1888 ldeo
695 1850 746 1887 sic
775 1850 856 1900 jure
883 1848 1007 1885 debuit
1025 1861 1108 1898 ager
1129 1848 1261 1886 vocari.

285 1915 358 1962 Qui
379 1914 473 1951 enim
503 1911 658 1963 pretium
682 1908 883 1947 numeravit
897 1937 906 1955 ,
927 1908 1062 1945 etiamsi
1083 1908 1145 1945 alii
1165 1923 1262 1946 eme—

283 1975 372 2021 rint,
393 1973 454 2010 ille
483 1971 607 2009 merito
635 1968 766 2007 censeri
794 1967 898 2005 debet
925 1981 1030 2005 causa
1061 1982 1132 2005 esse
1158 1977 1263 2005 tantae

283 2033 519 2073 desolationis.
547 2033 630 2069 Haec
655 2044 761 2082 porro
784 2028 954 2066 desolatio
974 2028 1192 2080 principium
1212 2039 1263 2066 est

284 2096 440 2136 Judaicae
467 2092 705 2140 desolationis,
725 2091 752 2127 si
773 2090 851 2140 quis
867 2089 1054 2139 diligenter
1070 2090 1258 2140 expendat.

283 2158 375 2195 Nam
393 2164 426 2192 et
453 2154 523 2205 ipsi
553 2152 684 2203 seipsos
705 2151 797 2186 fame
824 2148 1027 2186 occiderunt
1040 2178 1050 2196 ,
1065 2149 1265 2199 multosque

285 2218 548 2261 interemerunt,
578 2221 610 2249 et
634 2211 719 2248 urbs
744 2210 819 2261 ipsa
837 2209 1037 2259 sepulcrum
1057 2209 1123 2246 fuit
1144 2209 1265 2261 hospi-

286 2287 363 2314 tum
376 2285 410 2313 et
426 2273 594 2311 militum.
612 2271 697 2308 Illos
717 2283 800 2307 vero
820 2282 862 2305 ne
887 2267 1028 2319 sepeliri
1047 2267 1191 2318 quidem
1215 2269 1267 2306 si-

287 2339 416 2376 nebant
432 2367 440 2383 ,
461 2344 499 2372 ut
531 2333 711 2384 sepultura
744 2330 919 2380 indignos
949 2331 1104 2380 Oportet
1124 2333 1263 2381 igitur,

289 2398 417 2449 inquit,
434 2411 480 2434 ez·
500 2397 559 2432 his
585 2395 682 2430 viris
698 2393 763 2443 qui
787 2392 983 2427 nobiscum
1003 2398 1092 2426 sunt
1111 2403 1268 2441 congre-

288 2461 379 2511 gati.
411 2455 528 2502 Vide,
558 2451 734 2503 quomodo
763 2450 840 2488 vult
872 2450 954 2487 illos
982 2458 1083 2486 testes
1114 2450 1269 2487 oculatos

289 2520 408 2565 fuisse,
432 2515 569 2554 etiamsi
587 2513 804 2551 adventurus
816 2519 903 2548 esset
915 2510 1070 2562 Spiritus
1088 2526 1095 2546 ε
1117 2520 1269 2548 attamen

291 2594 455 2632 magnam
468 2578 578 2629 hujus
594 2575 646 2613 rei
671 2587 792 2611 curam
814 2571 976 2608 habebat.
999 2573 1063 2609 Ει·
1089 2574 1200 2619 viris,
1217 2572 1270 2609 in-

292 2644 381 2694 quit,
405 2644 472 2693 qui
505 2641 701 2676 nobiscum
733 2643 823 2673 sunt
850 2636 1084 2685 congregati,
1102 2636 1143 2670 in
1168 2636 1272 2671 omni

294 2715 459 2756 tempore
479 2715 552 2754 quo
575 2701 736 2736 intravit
750 2705 786 2735 et
798 2698 917 2733 exivit
932 2698 1032 2732 inter
1051 2709 1119 2732 nos
1136 2696 1274 2733 Domi-

295 2780 364 2804 nus
388 2766 512 2803 Jeszcs.
532 2759 719 2811 Significat
750 2757 843 2808 ipsos
870 2755 1047 2793 habitasse
1081 2769 1163 2792 cum
1184 2756 1272 2805 illo,

294 2839 355 2864 uec
370 2822 576 2875 simpliciter
592 2819 698 2856 fuisse
723 2816 929 2867 discipulos.
951 2815 1128 2853 Nimirum
1142 2829 1162 2852 a
1175 2815 1273 2867 prin-

295 2887 387 2939 cipio
410 2883 514 2927 multi
533 2879 767 2930 sequebantur
781 2890 872 2913 eum.
888 2874 983 2914 Yide
1001 2875 1109 2926 igitur
1126 2888 1274 2925 quomo-

295 2947 341 2985 do
360 2947 455 2984 dicat
474 2960 481 2980 :
510 2944 610 2980 Erat
627 2952 725 2976 unus
751 2951 797 2974 ex
816 2937 964 2973 duobus
983 2938 1048 2986 qui
1067 2937 1274 2974 audierant

295 3024 320 3047 a
337 3010 366 3046 J
367 3020 503 3053 omine,
517 3012 553 3041 et
571 3002 722 3052 sequuti
736 3007 825 3036 sunt
843 2999 987 3036 Jesum.
1005 2999 1055 3035 In
1069 2999 1174 3034 omni
1184 3007 1274 3035 tem-

292 3083 396 3120 pore,
429 3064 559 3116 inquit,
585 3075 659 3114 quo
678 3061 838 3097 intravit
869 3066 906 3095 et
936 3060 1055 3095 exivit
1077 3061 1178 3095 inter
1206 3072 1274 3096 nos

295 3130 485 3167 Dominus
501 3126 614 3164 Jesus
637 3122 823 3172 incipiens
841 3132 866 3156 a
895 3121 1123 3170 baptismate
1143 3119 1271 3157 Joan·

339 3265 352 3279 a
377 3250 492 3284 Morel.
511 3256 559 3283 καὶ
575 3254 619 3283 ὅτι
636 3250 820 3292 ἐνδιατρίἕει.

341 3308 356 3331 b
380 3301 493 3336 Mox-el.
513 3302 560 3342 [et
575 3301 633 3341 D.]
652 3304 681 3332 ἐκ
697 3306 806 3343 μέρους
822 3302 929 3334 ἐκείνην
947 3304 1009 3334 τήν,

341 3368 353 3382 c
376 3353 490 3388 Morel.
511 3359 663 3395 {vdyzffiet
680 3352 725 3383 sic
742 3351 818 3382 Mss.
837 3349 937 3383 Savil.
958 3355 1069 3392 ἐπάγει.
1085 3349 1137 3392 [D.
1159 3350 1294 3390 εἷπε-μμ]

729 198 767 228 5.
804 196 987 228 JOANNIS
1030 194 1270 225 CHRYSOST.
1309 194 1512 224 ARCHIEP.
1550 193 1908 225 CONSTANTINOP-

1329 277 1388 311 τοῦ
1411 274 1588 335 Δεξπότου
1615 273 1679 321 τὴν
1709 274 1981 328 φιλανθρωπίαν.
2017 274 2100 313 e'O‘tt
2129 277 2347 326 κατηριθμη-

1332 332 1430 382 μένος
1448 336 1509 378 ἠν,
1529 333 1633 385 φησὶ,
1656 333 1717 372 σὺν
1739 337 1836 384 ἡμῖν,
1854 334 1913 372 καὶ
1935 334 2041 386 ἔλαχε
2061 334 2118 372 τὸν
2141 335 2269 385 κλῆρον
2284 337 2346 380 τῆς

1331 393 1504 435 διακονίας
1539 393 1681 440 ταύτης.
1727 396 1864 445 Κλῆρον
1891 395 1992 433 αὐτὸν
2019 398 2198 447 πανταχοῦ
2232 396 2345 439 καλεῖ,

1331 452 1463 495 δεικνὺς
1487 456 1549 499 τῆς
1575 457 1634 493 τοῦ
1662 455 1754 492 Θεοῦ
1782 454 1926 507 χάριτος
1952 456 1991 493 τὸ
2019 463 2088 493 πᾶν
2114 455 2170 501 ὂν,
2201 453 2262 492 καὶ
2285 457 2347 500 τῆς

1330 513 1496 563 ἐκλογῆς,
1530 513 1589 551 καὶ
1619 514 1894 564 ἀναμιμνήσκων
1926 514 2047 558 αὖτοὺς
2073 518 2140 552 τῶν
2172 516 2345 560 παλαιῶν,

1279 602 1313 626 27
1331 573 1383 610 ὅτι
1402 575 1419 610 ὃ
1438 573 1526 616 Θεὸς
1543 573 1643 611 αὐτὸν
1663 573 1901 625 ἐκληρώσατο,
1917 574 2074 626 καθάπερ
2089 574 2166 617 τοὺς
2185 574 2346 621 Λευίτας,

1283 639 1310 669 Α
1330 633 1411 670 3καὶ
1427 633 1634 685 ἐνδιατρίὸει
1652 639 1722 676 τοῖς
1743 633 1822 686 περὶ
1841 636 1956 681 αὐτοῦ,
1978 634 2031 672 ὅτι
2050 637 2067 672 ὃ
2086 637 2147 680 τῆς
2162 634 2346 686 προδοσίας

1295 2638 1319 2667 D

1331 694 1450 744 μισθὸς
1470 694 1572 737 αὐτὸς
1593 694 1651 732 καὶ
1672 697 1735 741 τ’ῆς
1751 694 1923 747 τιμωρίας
1941 694 2058 746 γέγονε
2071 694 2192 747 κήρυξ.
2212 694 2345 739 Ἐκτή-

1329 770 1414 793 σατο
1433 753 1512 806 γὰρ,
1532 755 1628 807 φησὶ,
1649 754 1776 808 χωρίον
1794 757 1833 792 ἐκ
1854 759 1975 806 μισθοῦ
1994 759 2056 801 τῆς
2077 754 2222 796 ἀδικίας.
2251 753 2345 807 εὈρα

1328 818 1402 858 πῶς
1429 817 1520 854 Θεοῦ
1554 816 1732 866 οἰκονομία
1763 816 1802 853 τὸ
1833 815 1970 866 γεγονὸς
2001 810 2056 862 ἦν,
2094 817 2169 861 Τῆς
2197 814 2345 861 ἀδικίας,

1329 876 1425 928 φησί.
1459 876 1595 914 Πολλαὶ
1617 878 1650 914 αἱ
1672 877 1822 923 ἀδικίαι,
1851 877 1942 914 ἀλλὰ
1960 876 2087 922 ταύτης
2106 875 2201 914 οὐδὲν
2221 875 2346 913 ἀδικώ-

1330 953 1426 990 τερον
1448 937 1566 989 γέγονέ
1580 953 1678 983 ποτε,
1698 937 1787 976 ὥστε
1807 938 1942 981 ἀδικίας
1959 933 2001 984 ἦν
2020 939 2060 976 τὸ
2073 944 2232 988 πρᾶγμα.
2251 936 2346 988 Οὐχὶ

1332 996 1368 1034 δὲ
1403 996 1503 1047 μόνον
1537 1004 1607 1041 τοῖς
1632 1001 1782 1050 παροῦσι
1811 998 1929 1049 γέγονε
1959 999 2061 1044 δῆλον
2090 997 2128 1034 τὸ
2155 996 2348 1047 γενόμενον,

1335 1057 1424 1094 ἀλλὰ
1440 1057 1498 1094 καὶ
1516 1064 1603 1095 πᾶσι
1619 1064 1689 1101 τοῖς
1705 1057 1794 1108 μετὰ
1812 1064 1932 1105 ταῦτα,
1953 1059 2042 1097 ὥστε
2058 1058 2198 1101 ἄκοντες
2213 1057 2353 1109 ὠνόμα-

1336 1133 1399 1155 σαν
1419 1120 1481 1155 οὐκ
1501 1117 1639 1166 εἰδότες,
1662 1119 1819 1170 καθάπερ
1840 1119 1899 1157 καὶ
1918 1118 2078 1170 Καϊάφας
2096 1117 2352 1170 προεφήτευσεν

1335 1180 1395 1215 οὐκ
1425 1177 1533 1220 εἰδώς.
1563 1177 1608 1216 eO
1636 1178 1724 1221 Θεὸς
1744 1178 1866 1223 αὐτοὺς
1882 1178 2078 1230 ἠνάγκασεν
2097 1179 2186 1216 οὕτω
2206 1178 2354 1216 καλέσαι

1335 1238 1518 1289 Ἓὸραϊστὶ
1544 1239 1751 1289 Ἀκελὲαμά.
1782 1239 1865 1277 Ἀπὸ
1887 1239 2007 1277 τούτου
2027 1238 2085 1275 καὶ
2110 1238 2154 1276 τὰ
2173 1238 2354 1281 Ἰουδαίοις

1335 1299 1468 1336 ἐπιέναι
1498 1299 1668 1350 μέλλοντα
1697 1299 1790 1337 κακὰ
1816 1300 1905 1345 δῆλα
1923 1293 1986 1345 ἦν·
2015 1299 2074 1336 καὶ
2102 1298 2251 1336 δείκνυσι
2270 1298 2355 1341 τέως

1334 1359 1396 1405 τὴν
1416 1359 1608 1411 πρόρρησιν
1634 1359 1836 1403 ἐξελθοῦσαν
1856 1359 1920 1397 bix
1939 1360 2073 1411 μέρους,
2094 1359 2156 1405 τὴν
2174 1358 2352 1410 λέγουσαν·

1334 1421 1449 1458 Καλὸν
1477 1415 1518 1466 ἦν
1540 1421 1646 1471 αὐτῷ,
1666 1422 1695 1457 εἷ
1717 1422 1779 1457 οὐκ
1801 1420 1963 1470 ἐγεννήθη
1982 1423 1999 1457 ὃ
2016 1420 2195 1471 ἄνθρωπος
2215 1420 2354 1462 ἐκεῖνος.

1335 1481 1404 1520 Καὶ
1426 1481 1504 1534 περὶ
1534 1484 1602 1518 τῶν
1630 1480 1807 1518 Ἰουδαίων
1824 1480 1868 1518 τὰ
1896 1480 1982 1518 αὐτὰ
1998 1480 2140 1531 ἁρμόζει
2156 1480 2281 1530 λέγειν.
2310 1481 2355 1517 Εἰ

1334 1543 1401 1595 γὰρ
1434 1545 1451 1580 ὅ
1482 1542 1663 1592 γενόμενος
1691 1540 1828 1592 ὃδηγὸς,
1859 1542 1979 1593 πολλῷ
2008 1543 2138 1591 μᾶλλον
2162 1541 2221 1578 καὶ
2245 1536 2352 1578 οὗτοι.

1335 1602 1426 1641 Ἀλλ’
1455 1602 1548 1640 οὐδὲν
1578 1601 1708 1639 τούτων
1739 1602 1832 1651 λέγει
1865 1601 1964 1643 τέως.
2011 1595 2100 1639 Εἶτα
2120 1600 2274 1648 δεικνὺς,
2302 1601 2355 1639 ὅτι

1334 1664 1413 1715 περὶ
1427 1665 1527 1701 αὐτοῦ
1545 1662 1684 1706 εἰκότως
1702 1662 1741 1698 ἂν
1761 1662 1896 1713 λέγοιτο
1915 1662 2124 1713 Ἀκελδαμὰ,
2140 1667 2153 1683 ⁰
2165 1662 2278 1713 ἐνάγει
2297 1663 2356 1700 τὸν

1334 1724 1512 1776 προφήτην
1531 1723 1676 1775 λέγοντα
1693 1738 1700 1745 ·
1724 1723 1915 1769 Γενηθήτω
1937 1727 1958 1768 ἡ
1989 1723 2131 1766 ἔπαυλις
2154 1725 2256 1760 αὐτοῦ
2277 1722 2353 1774 ἔρη-

1336 1801 1411 1836 μος.
1452 1784 1498 1821 Τι’
1517 1782 1582 1835 γὰρ
1602 1782 1809 1834 ἐρημότερον
1830 1787 1888 1820 τοῦ
1908 1782 2016 1835 τοῖ’ρον
2032 1783 2215 1833 γενέσθαι;
2244 1782 2356 1820 ‘'sse-‘te

1334 1845 1393 1883 καὶ
1421 1844 1560 1887 εἰκότως
1588 1843 1627 1880 ἂν
1648 1845 1749 1881 αὐτοῦ
1769 1843 1912 1890 κληθείη
1932 1844 1971 1882 τὸ
1989 1843 2128 1895 χωρίον.
2168 1843 2212 1881 ‘O
2232 1843 2299 1894 γὰρ
2318 1844 2356 1881 τὸ

1334 1905 1473 1955 τίμημα
1491 1903 1714 1948 καταὸαλὼν,
1740 1905 1770 1940 εἰ
1786 1903 1845 1940 καὶ
1862 1904 1974 1956 ἕτεροι
1994 1907 2024 1941 οἳ
2048 1904 2258 1955 ἠγορακότες
2275 1897 2355 1951 εἶεν,

1337 1965 1437 2008 αῧτὸς
1456 1965 1496 2002 ἂν
1517 1965 1571 2009 εἴη
1586 1963 1715 2006 δίκαιος
1732 1963 1929 2013 λογίζεσθαι
1941 1963 2057 2016 κύριος
2074 1964 2282 2015 ἐρημώσεως
2297 1980 2357 2014 με·

1335 2026 1455 2077 γάλης.
1494 2023 1591 2069 Αὕτη
1623 2027 1644 2070 ἡ
1669 2023 1845 2074 ἐρήμωσις
1863 2024 2043 2074 προοίμιον
2062 2026 2125 2069 τῆς
2152 2025 2355 2072 Ἰουδαϊκῆς,

1336 2087 1368 2125 εἴ
1383 2087 1421 2136 γε’
1441 2102 1492 2129 τις
1513 2083 1666 2134 ἀκριίῗῶς
1685 2082 1867 2126 ἐξετάσειε.
1896 2084 1966 2122 Καὶ
1984 2085 2051 2136 γὰρ
2072 2088 2194 2123 ἐκεῖνοι
2217 2085 2357 2130 ἑαυτοὺς

1336 2147 1468 2184 ἀνεῖλον
1486 2147 1592 2195 λιμῷ,
1612 2143 1671 2181 καὶ
1690 2143 1837 2186 πολλοὺς
1858 2144 2075 2191 ἀπέκτειναν,
2095 2145 2154 2182 καὶ
2171 2145 2276 2196 τάφος
2295 2146 2356 2196 γέ-

1337 2222 1433 2258 γονεν
1455 2209 1476 2252 ἧ
1498 2204 1597 2246 πόλις
1610 2234 1619 2251 ,
1640 2207 1708 2241 τῶν
1729 2203 1842 2251 ξένων,
1863 2207 1930 2241 τῶν
1949 2208 2186 2256 στρατιωτῶν·
2206 2206 2354 2249 ἐκείνους

1338 2267 1404 2318 γὰρ
1426 2267 1494 2304 οὐδ’
1511 2265 1550 2302 ἂν
1566 2264 1681 2302 εἴασαν
1697 2266 1861 2316 ταφῆναι,
1880 2264 1956 2302 οὐδὲ
1975 2265 2042 2316 γὰρ
2056 2269 2167 2317 ταφῆς
2181 2265 2356 2312 κατηξιώ-

1340 2332 1463 2373 θησαν.
1500 2328 1562 2363 Δεῖ
1594 2319 1650 2362 οῦν
1672 2326 1739 2361 τῧν
1763 2324 1992 2362 συνελθόντων
2012 2329 2116 2375 ἡμῖν,
2153 2326 2271 2377 φησὶν,
2294 2329 2356 2365 ἀν-

1341 2390 1442 2440 δρῶν.
1474 2386 1592 2438 εὈρα,
1611 2389 1684 2428 πῶς
1717 2384 1876 2436 βούλεται
1907 2385 2078 2429 αὐτόπτας
2108 2385 2229 2428 αὐτοὺς
2256 2381 2355 2425 εἶναι.

1342 2449 1464 2487 Καίτοι
1479 2464 1517 2499 γε
1534 2448 1656 2498 ἔμελλε
1672 2446 1884 2498 παρέσεσθαι
1901 2445 1942 2483 τὸ
1958 2447 2117 2497 Πνεῦμα·
2138 2445 2154 2467 ‘¹
2168 2447 2245 2484 ἀλλ’
2262 2447 2358 2497 ὅμως

1341 2510 1452 2557 πολλὴ
1486 2508 1618 2554 σπουδὴ
1650 2508 1731 2559 περὶ
1761 2507 1881 2545 τούτου
1918 2501 1975 2553 ἦν.
2011 2508 2092 2544 Τῶν
2129 2509 2356 2546 συνελθόντων

1343 2575 1426 2622 ἡμῖν
1449 2572 1594 2621 ἀνδρῶν,
1622 2569 1726 2621 φησὶν
1741 2599 1750 2616 ,
1770 2570 1805 2605 ἐν
1828 2568 1932 2606 παντὶ
1952 2567 2067 2621 χρόνῳ
2080 2599 2089 2616 ,
2119 2571 2153 2606 ἐν
2175 2564 2202 2621 ᾧ
2221 2572 2359 2617 εἰσ-ἦλθε

1344 2632 1401 2670 καὶ
1433 2632 1569 2677 ἐξῆλθεν
1591 2630 1644 2682 ἐφ’
1675 2633 1767 2680 ἡμᾶς
1796 2632 1813 2667 ὃ
1840 2629 1966 2680 Κύριος
1992 2628 2137 2675 Ἰησοῦς.
2179 2630 2358 2668 Δείκνυσιν

1345 2692 1466 2735 αὖτοὺς
1497 2690 1739 2742 συνῳκηκότας
1772 2691 1866 2742 αὐτῷ
1890 2692 1954 2740 οὐχ
1985 2690 2103 2732 ἁπλῶς
2128 2693 2174 2732 ὡς
2204 2690 2360 2739 μαθητὰς

1344 2753 1528 2805 παρόντας.
1562 2750 1649 2801 Ἄρα
1678 2749 1736 2788 καὶ
1768 2749 1802 2793 ἐξ
1831 2752 1940 2802 ἀρχῆς
1967 2748 2045 2786 τότε
2061 2749 2182 2787 πολλοὶ
2200 2765 2360 2801 παρηκο-

1344 2814 1484 2853 λούθουν
1517 2813 1621 2860 αὐτῷ.
1653 2809 1749 2860 (Όρα
1765 2812 1845 2860 γοῦν
1860 2838 1869 2855 ,
1894 2809 1914 2827 *
1927 2811 2002 2851 πῶς
2020 2812 2121 2845 τοῦτο
2142 2810 2258 2857 δηλοῖ,
2279 2809 2359 2848 ὅταν

1344 2874 1429 2925 λέγῃ
1441 2888 1448 2896 ·
1473 2866 1543 2910 ηἨν
1564 2865 1611 2912 εἷς
1626 2871 1666 2907 ἐκ
1684 2871 1751 2906 τῶν
1771 2867 1830 2906 δύο
1848 2871 1915 2906 τῶν
1933 2867 2153 2906 ἀκουσάντων
2172 2868 2270 2921 παρὰ
2288 2869 2361 2907 Ἰω-

1347 2935 1462 2981 άννου,
1495 2931 1554 2969 καὶ
1583 2929 1887 2975 ἀκολουθησάντων
1913 2930 1962 2978 τῷ
1990 2928 2118 2973 Ἰησοῦ.
2161 2928 2224 2965 Ἔν
2257 2930 2363 2967 παντὶ

1345 2994 1472 3048 χρόνῳ,
1506 2990 1608 3043 φησὶν
1624 3019 1633 3036 ,
1656 2992 1689 3027 ἐν
1707 2983 1735 3040 ᾧ
1758 2990 1896 3033 εἰσῆλθε
1926 2987 1985 3025 καὶ
2005 2987 2142 3034 ἐξῆλθεν
2162 2990 2214 3040 ἐφ’
2232 2993 2326 3040 ἡμᾶς
2345 2993 2362 3028 ὃ

1347 3055 1473 3107 Κύριος
1493 3053 1639 3099 Ἰησοῦς,
1661 3049 1850 3101 ἀρξάμενος
1870 3047 1938 3086 ἀπὸ
1955 3051 2013 3085 τοῦ
2035 3049 2276 3100 βαπτίσματος
2290 3053 2364 3089 Ἰω-

1348 3118 1462 3155 άννου.
1497 3114 1634 3154 Καλῶς.
1668 3109 1726 3149 Τὰ
1753 3109 1819 3161 γὰρ
1850 3109 1917 3160 πρὸ
1935 3108 2054 3146 τούτου
2075 3109 2184 3153 οὐδεὶς
2201 3110 2276 3161 ᾔδει
2297 3126 2364 3161 μα-

1404 3243 1417 3262 ‘¹
1442 3242 1534 3274 Unus
1551 3243 1631 3273 ἀλλὰ
1648 3241 1755 3275 πολλή.

1405 3295 1420 3308 ⁸
1446 3294 1457 3335 [
1475 3290 1582 3323 Verba
1596 3317 1603 3331 ,
1621 3299 1680 3328 πῶς
1696 3292 1783 3323 τοῦτο
1801 3289 1899 3327 δηλοῖ,
1917 3284 2108 3319 addidimus
2125 3297 2141 3317 e
2155 3286 2211 3326 o]
