2466 3805
306 268 398 315 266
742 282 779 310 s.

306 383 397 421 saepe
414 368 457 405 de
477 367 644 404 creatione
662 365 833 402 disserens
850 394 862 409 ,
887 365 954 401 hoc
973 363 1009 400 in
1028 361 1187 399 medium
1219 359 1282 398 ad-

817 282 921 311 som*
931 281 993 309 MS

307 487 568 541 providentiam
595 484 798 536 pluviarum
817 482 916 520 dicit.
943 484 1066 533 Itaque
1095 480 1177 518 inde
1201 479 1284 518 edo-

309 559 383 587 ctus
395 548 464 585 ait:
481 546 650 596 Implens
668 546 751 581 cibo
770 552 806 580 et
823 544 970 581 laetitia.
989 545 1079 581 Cum
1091 540 1285 580 liberalita-

306 620 340 647 te
358 609 579 654 alimentum,
595 619 658 643 nec
680 604 785 642 modo
809 604 854 642 ad
870 604 1108 655 frugalitatem
1124 611 1156 641 et
1166 616 1283 640 usum.

307 673 367 707 17.
388 670 442 707 Et
457 669 538 705 hoee
563 668 745 712 dicentes,
777 668 848 703 vix
876 666 1106 704 sedaverunt
1122 665 1255 702 turbas
1267 693 1279 709 ,

306 744 352 767 ne
370 731 443 767 sibi
466 728 722 766 immolarent.
738 726 786 764 Et
805 726 841 764 in
863 726 931 763 hoc
949 725 1104 763 maxime
1129 723 1283 762 admira-

303 790 390 827 tioni
410 789 564 826 fuerunt.
584 787 714 827 Viden’
733 801 790 825 eos
811 786 895 825 satis
912 786 1093 836 habuisse,
1115 784 1209 836 quod
1229 783 1284 821 in-

304 850 440 887 saniam
466 849 566 886 illam
602 848 840 886 avertissent?
869 846 930 885 18.
975 847 1283 898 Supervenerunt

304 919 434 948 autem
462 912 511 947 ab
525 909 744 947 Antiochia
757 916 793 946 et
812 909 946 946 Iconio
963 908 1092 945 Judoei
1107 922 1114 943 :
1134 914 1171 944 et
1190 919 1283 957 pera

304 974 428 1009 suasis
454 972 588 1017 turbis,
617 970 912 1021 lapidantesque
944 968 1131 1014 Paulum,
1157 975 1284 1004 traxe-

303 1040 394 1069 runt
412 1040 523 1069 extra
541 1033 751 1077 civitatem,
782 1031 1046 1067 existimantes
1064 1041 1152 1066 eum
1184 1040 1284 1064 mor-

306 1101 411 1129 tuum
433 1105 524 1130 esse.
543 1092 638 1129 Vere
663 1089 797 1128 diaboli
831 1089 918 1127 filii:
934 1102 1003 1125 non
1018 1088 1055 1125 in
1079 1087 1284 1126 civitatibus

301 1152 407 1190 modo
422 1152 509 1202 suis,
521 1151 582 1189 sed
605 1160 704 1189 extra
719 1150 798 1188 illas
812 1150 880 1187 hoc
898 1148 1096 1197 faciebant,
1127 1157 1160 1185 et
1186 1155 1283 1185 tanto

301 1212 418 1250 studio
437 1212 607 1250 curabant
638 1210 927 1263 praedicationem
953 1208 997 1246 de
1012 1208 1128 1246 medio
1146 1208 1283 1257 tollere,

301 1283 431 1324 quanto
446 1273 597 1326 apostoli
611 1273 711 1311 illam
728 1272 872 1310 firmare
888 1269 1118 1308 conabantur.
1134 1271 1188 1307 Et
1198 1284 1283 1321 per-

301 1338 439 1382 suasis,
458 1335 588 1386 inquit,
609 1336 744 1380 turbis,
768 1333 985 1385 lapidatum
1006 1331 1178 1370 Paulum
1209 1339 1284 1369 tra-

301 1405 441 1434 xerunt
480 1405 593 1434 extra
627 1398 834 1433 civitatem.
870 1392 939 1430 Hic
971 1391 1138 1444 impletur
1166 1391 1257 1430 illud
1271 1408 1281 1427 :

104 1478 132 1496 2.
152 1469 222 1498 Cor.
241 1479 283 1498 ιε.
304 1457 460 1509 Sufficit
483 1459 551 1495 tibi
580 1459 710 1508 gratia
730 1468 815 1493 mea
830 1470 846 1499 ,-
874 1467 965 1491 nam
981 1456 1108 1491 virtus
1127 1467 1213 1491 mea
1243 1456 1285 1491 in

101 1523 131 1548 9·
301 1521 314 1554 i
319 1518 529 1570 nsirmitate
539 1517 749 1569 perficitur.
762 1515 880 1566 Majus
891 1513 957 1552 hoc
971 1522 1057 1561 erat,
1074 1527 1180 1564 quam
1191 1514 1284 1552 clau-

305 1578 392 1615 dum
410 1577 555 1630 erigere.
578 1577 737 1615 Gentiles
763 1575 910 1627 quidem
933 1583 973 1612 ut
987 1574 1071 1612 deos
1088 1574 1283 1624 habebant3

301 1639 339 1676 hi
371 1652 453 1677 vero
490 1637 741 1691 persuadentes
776 1636 914 1686 turbis,
945 1644 1131 1673 traxerunt
1154 1635 1283 1684 illum,

300 1714 410 1751 neque
429 1699 522 1738 enim
549 1698 742 1737 verisimile
762 1706 813 1735 est
831 1710 951 1734 omnes
970 1697 1007 1734 in
1026 1710 1147 1734 eorum
1164 1696 1282 1734 admi-

297 1760 431 1798 ratione
444 1760 562 1798 fuisse.
584 1759 632 1797 Et
653 1758 749 1807 vide,
764 1758 801 1795 in
821 1757 941 1795 eadem
962 1757 1039 1808 ipsa
1068 1756 1223 1805 civitate,
1246 1757 1283 1795 in

297 1835 367 1870 qua
385 1820 487 1859 sicin
507 1819 741 1857 admiratione
759 1819 914 1864 fuerunt,
937 1816 1061 1868 gravia
1080 1816 1278 1868 patiuntur.
1296 1853 1343 1879 242

1031 276 1271 307 CHRYSOST.
1311 275 1497 304 ARCHOEP
1506 296 1515 305 .
1553 277 1902 307 CONSTANTINOP-

1356 363 1453 406 θησιν
1473 362 1520 404 εἷς
1549 361 1665 411 μέσον.
1695 363 1766 400 Καὶ
1780 365 1798 400 ὃ
1816 362 1987 415 Ἱερεμίας
2006 363 2041 401 δὲ
2059 363 2121 410 τὴν
2143 361 2370 414 δημιουργίαν

265 436 291 462 ’.
308 429 420 467 ducit.
441 426 610 466 Jeremias
630 433 746 462 autem
765 423 881 474 primo
901 422 1125 471 creationem,
1157 419 1286 458 deinde
1307 431 1332 460 D
1355 420 1517 470 πρώτην,
1540 425 1614 458 εἶτα
1628 421 1691 468 τὴν
1712 422 1875 473 πρόνοιαν
1897 424 1958 470 τὴν
1977 424 2033 462 διὰ
2049 427 2116 461 τῶν
2131 426 2238 461 ὑετῶν
2256 437 2372 474 φησιν·

1357 480 1447 518 ὥστε
1461 483 1589 519 ἐκεῖθεν
1608 482 1884 532 πεπαιδευμένος
1903 484 2098 535 διαλέγεται
2114 499 2123 507 ·
2145 485 2372 534 Ἐμπιπλῶν,

1357 542 1442 593 φησὶ
1455 573 1464 590 ,
1497 546 1626 594 τροφῆς
1657 543 1716 580 καὶ
1744 543 1965 594 εὐφροσύνης.
1995 544 2096 582 Μετὰ
2127 545 2323 596 φιλοτιμίας
2351 547 2373 589 ἧ

1357 602 1488 654 τροφὴ,
1520 604 1557 640 οὐ
1594 603 1694 653 μόνον
1721 603 1806 656 πρὸς
1835 603 2064 655 αὐτάρκειαν,
2092 604 2167 641 οὐδὲ
2198 605 2284 656 πρὸς
2310 603 2374 650 τὴν

1356 663 1489 715 χρείαν.
1520 663 1591 702 Καὶ
1615 668 1729 701 ταῦτα
1745 664 1915 715 λε’γοντες,
1938 663 2036 714 μόλις
2054 663 2276 702 κατέπαυσαν
2296 663 2375 708 τοὺς

1357 724 1479 776 ὄχλους
1507 727 1568 763 τοῦ
1602 724 1651 775 μὴ
1684 724 1775 763 θύειν
1810 727 1936 768 αὐτοῖς.
1982 725 2053 763 Καὶ
2080 724 2192 777 τούτῳ
2221 725 2374 774 μάλιστα

1357 785 1637 835 ἐθαυμάσθησαν.
1657 785 1766 837 Ὁρᾷς
1779 816 1788 833 ,
1812 784 1865 823 ὅτι
1885 785 1971 838 πρὸς
1989 788 2091 822 τοῦτο
2105 784 2264 830 ἵσταντο,
2284 783 2376 822 ὥστε

1357 846 1548 898 ἀνατρέψαι
1563 846 1625 893 τὴν
1642 846 1768 897 μανίαν
1789 845 1922 893 ἐκείνην
1938 862 1948 893 3
1965 847 2142 892 Ἔτι-ἦλθον
2157 844 2192 884 δὲ
2209 844 2278 883 ἀπὸ
2297 844 2375 883 Ἀν-

1356 907 1510 960 τιοχειάς
1540 907 1598 945 καὶ
1630 908 1776 946 Ἰκονίου
1806 907 1982 954 Ἰουδαῖοι,
2010 907 2071 944 καὶ
2097 906 2279 949 πείσαντες
2297 905 2377 949 τοὺς

1357 968 1480 1019 ὄχλους
1495 999 1504 1016 ,
1527 969 1583 1007 καὶ
1615 969 1817 1012 λιθάσαντες
1833 969 1890 1006 τὸν
1910 970 2064 1015 Παῦλον,
2085 967 2209 1019 ἔσυραν
2229 966 2293 1011 ἔξω
2313 969 2376 1013 τῆς

1357 1029 1501 1075 πόλεως,
1528 1029 1732 1080 νομίσαντες
1761 1029 1861 1067 αὐτὸν
1889 1028 2062 1067 τεθνάναι.
2094 1027 2231 1071 Ὄντως
2259 1027 2377 1065 διαδό-

1358 1091 1417 1127 λου
1446 1090 1550 1127 τέκνα
1568 1107 1575 1114 ·
1595 1093 1656 1128 οὐκ
1683 1093 1716 1129 ἓν
1743 1096 1819 1133 ταῖς
1839 1089 1980 1128 πόλεσιν
2000 1092 2112 1127 αὐτῶν
2135 1089 2258 1136 μόνον,
2287 1088 2378 1127 ἀλλὰ

1358 1150 1417 1188 καὶ
1439 1150 1503 1194 ἔξω
1515 1150 1644 1189 τούτων
1659 1155 1769 1189 ταῦτα
1791 1154 1982 1197 ποιοῦντες,
2004 1150 2064 1187 καὶ
2078 1149 2248 1196 τοσαύτην
2263 1149 2379 1188 ποιού-

1360 1230 1456 1266 μενοι
1475 1215 1627 1263 σπουδὴν
1646 1219 1803 1255 καθελεῖν
1823 1217 1862 1254 τὸ
1878 1216 2054 1268 κηρυγμα,
2076 1215 2159 1262 ὅσην
2179 1218 2209 1253 οἱ
2230 1215 2378 1254 cindato-

1356 1283 1411 1320 λοι
1440 1285 1567 1329 στῆσαι
1598 1283 1828 1335 ἐπειγόμενοι.
1858 1282 1931 1320 Καὶ
1947 1282 2147 1330 πείσαντες,
2171 1282 2254 1334 φησὶ
2269 1313 2279 1331 ,
2299 1282 2378 1326 τοὺς

1358 1346 1493 1398 ὄχλους,
1520 1347 1579 1386 καὶ
1603 1348 1808 1391 λιθάσαντες
1833 1347 1890 1384 τὸν
1911 1348 2071 1395 Παῦλον,
2088 1345 2212 1399 ἔσυραν
2232 1346 2296 1391 ἔξω
2315 1350 2379 1394 τῆς

1358 1413 1503 1456 πόλεως.
1536 1415 1709 1452 Ἐνταῦθα
1736 1416 1931 1465 πληροῦται
1950 1413 2006 1461 τὸ,
2027 1416 2142 1465 Ἀρκεῖ
2159 1428 2213 1451 σοι
2232 1415 2253 1458 ἡ
2275 1412 2378 1466 χάρις

1360 1494 1445 1529 μου·
1463 1483 1484 1526 ἦ
1499 1479 1566 1532 γὰρ
1584 1480 1726 1531 δύναμίς
1740 1497 1805 1531 μου
1825 1483 1858 1519 ἐν
1876 1479 2036 1534 ἀσθενείᾳ
2055 1481 2261 1518 τελειοῦται.
2290 1481 2380 1518 Μεῖ-

1360 1548 1414 1589 ζον
1440 1550 1540 1584 τοῦτο
1563 1549 1623 1584 τοῦ
1642 1547 1699 1585 τὸν
1719 1546 1832 1598 χωλὸν
1852 1547 1993 1597 ἐγεῖραι.
2023 1548 2070 1584 Οἱ
2089 1545 2150 1595 μὲν
2174 1539 2232 1584 οῦν
2252 1546 2379 1584 ἐθνικοὶ

1360 1615 1406 1655 ὡς
1434 1612 1527 1656 θεοὺς
1552 1613 1706 1663 ἐνόμιζον
1722 1641 1731 1658 ,
1757 1608 1851 1651 οῦτοι
1879 1612 1914 1650 δὲ
1944 1612 2062 1664 ἔσυρον
2094 1612 2274 1656 πείσαντες
2300 1612 2380 1656 τοὺς

1360 1679 1495 1730 ὄχλους·
1524 1679 1600 1717 οὐδὲ
1618 1679 1685 1731 γὰρ
1705 1679 1840 1722 πάντας
1862 1679 1953 1722 εἰκὸς
1967 1674 2008 1726 ἦν
2028 1679 2214 1730 θαυμάζειν
2243 1679 2378 1723 αὐτούς.

1358 1745 1429 1782 Καὶ
1445 1744 1521 1797 ὅρα,
1538 1747 1572 1782 ἐν
1588 1747 1673 1797 αὐτῇ
1695 1749 1737 1797 τῇ
1754 1746 1867 1795 πόλει,
1884 1747 1919 1783 ἐν
1933 1740 1955 1795 ἦ
1971 1745 2079 1789 οὕτως
2098 1746 2380 1797 ἐθαυμάσθησαν,

1359 1812 1392 1849 ἐν
1415 1812 1504 1862 αὐτῇ
1524 1810 1569 1849 τὰ
1588 1811 1681 1850 δεινὰ
1701 1813 1887 1865 πάσχ-ουσι.
1920 1813 1990 1851 Καὶ
2010 1817 2110 1852 τοῦτο
2127 1814 2161 1851 δὲ
2177 1812 2254 1857 τοὺς
2273 1817 2378 1866 ὁρῶν-

294 1880 342 1918 Et
366 1881 434 1919 hoc
448 1895 589 1932 quoque
604 1879 814 1919 videntibus
833 1878 1010 1931 proderat.
1034 1878 1142 1926 Quod
1163 1887 1283 1918 autem
1309 1892 1334 1920 Α
1358 1894 1429 1922 τας.
1447 1879 1608 1931 3ιῦφέλει.
1640 1879 1727 1918 ’Ότι
1748 1879 1784 1918 δὲ
1800 1880 1860 1919 καὶ
1876 1879 1934 1918 διὰ
1952 1884 2052 1918 τοῦτο
2072 1886 2300 1932 συνεχωρεῖτο
2313 1880 2379 1918 πά-

297 1942 365 1980 hac
381 1942 426 1980 de
450 1957 555 1981 causa
575 1942 650 1994 pati
671 1941 952 1994 permitteretur,
988 1939 1073 1977 audi
1091 1940 1197 1978 illum
1213 1940 1282 1979 hoc

98 2004 127 2065 ἓ·
145 1997 214 2024 ίὈΓ·
234 2005 278 2025 ¹2¹
294 2004 413 2056 ipsum
430 2003 686 2042 declarantem:
701 2003 761 2040 Ne
778 2004 864 2053 quis
883 2015 942 2037 me
958 2003 1151 2038 existimet
1164 2014 1282 2053 supra

122 2059 127 2065 ¹
297 2066 349 2111 id,
373 2065 479 2117 quod
489 2065 597 2101 videt
616 2066 658 2101 in
678 2077 750 2108 me,
770 2070 839 2100 aut
853 2062 1006 2113 aliquid
1017 2062 1128 2099 audit
1147 2076 1194 2100 ex
1209 2076 1278 2100 me.

297 2126 360 2163 19.
399 2125 737 2163 circumdantibus
769 2131 899 2160 autem
926 2135 1012 2159 eum
1048 2123 1276 2173 discipulis,

125 2196 204 2222 Pauli
223 2197 281 2224 for·
295 2200 453 2238 surgens
472 2188 636 2223 intravit
657 2187 865 2222 civitatem.
883 2182 1014 2222 Viden'
1034 2182 1281 2221 alacritatem?

94 2246 156 2263 ‘⁰⁸
296 2247 414 2285 viden’
437 2246 654 2284 desiderium
674 2245 813 2282 fervens
831 2252 865 2281 et
888 2243 1106 2280 accensum?
1121 2244 1163 2280 In
1180 2253 1280 2281 eam-

295 2308 376 2345 dem
408 2321 531 2344 rursus
556 2305 703 2343 intravit
733 2304 933 2352 civitatem,
966 2311 1006 2339 ut
1039 2302 1281 2341 ostenderetur

295 2369 425 2420 ipsum,
459 2366 572 2405 sicubi
593 2365 745 2413 recessit,
761 2363 799 2401 id
813 2363 947 2411 fecisse,
967 2363 1063 2413 quod
1075 2363 1181 2401 vellet
1200 2377 1280 2401 ver-

293 2429 382 2466 bum
400 2429 562 2476 inserere,
580 2436 613 2465 et
633 2425 728 2477 quod
742 2439 811 2463 non
828 2432 1004 2476 oporteret
1022 2424 1178 2462 furorem
1193 2425 1279 2463 illo-

294 2504 375 2527 rum
407 2488 632 2527 succendere.
669 2487 754 2524 Haec
789 2499 859 2523 non
895 2484 1015 2522 minus
1045 2499 1153 2535 quam
1178 2484 1278 2536 signa

295 2551 503 2602 conspicuos
537 2549 618 2587 illos
644 2547 861 2597 reddebant,
891 2554 925 2583 et
961 2546 1076 2597 majus
1107 2545 1278 2597 gaudium

293 2612 490 2663 pariebant.
529 2611 714 2660 Nusquam
748 2621 833 2646 vero
867 2606 956 2643 dicit
987 2605 1082 2657 ipsos
1120 2620 1278 2645 reversos

292 2687 378 2720 esse,
411 2671 599 2724 gaudentes
623 2669 718 2721 quod
747 2669 846 2720 signa
867 2667 1043 2717 fecissent,
1084 2667 1146 2705 sed
1182 2668 1277 2719 quod

291 2733 391 2784 digni
409 2732 524 2770 habiti
538 2731 685 2769 fuissent
697 2743 762 2782 pro
778 2729 921 2767 nomine
937 2728 1012 2780 ejus
1028 2729 1277 2767 contumeliam

289 2795 365 2845 pati
380 2807 479 2831 :nam
500 2801 533 2830 et
552 2792 621 2830 hoc
639 2807 659 2829 a
677 2790 817 2829 Christo
831 2789 947 2827 edocti
965 2789 1103 2826 fuerant
1118 2789 1276 2828 dicente:

93 2869 275 2898 Lmaono.
290 2857 422 2894 Nolite
449 2855 630 2907 gaudere,
668 2855 761 2905 quia
785 2852 976 2888 daemonia
1009 2852 1120 2888 vobis
1155 2853 1275 2903 subji-

290 2919 456 2955 ciuntur.
478 2918 616 2955 Verum
632 2913 725 2950 enim
738 2911 915 2949 sincerum
936 2910 1111 2962 gaudium
1129 2910 1198 2948 hoc
1212 2920 1274 2961 est,

291 2977 425 3029 aliquid
444 2977 519 3030 pati
538 2989 602 3028 pro
619 2974 775 3013 Christo.
798 2971 936 3010 Deinde
957 2972 993 3009 in
1019 2972 1181 3010 civitates
1194 2973 1275 3011 illas

289 3055 408 3079 omnes
431 3048 616 3087 venerunt,
636 3038 672 3076 in
693 3037 824 3088 quibus
839 3034 1027 3088 periclitati
1049 3036 1199 3074 fuerant.
1221 3038 1275 3074 Et

286 3111 440 3153 postera
454 3103 516 3138 die
529 3101 722 3153 profectus
737 3106 792 3136 est
812 3111 897 3135 cum
917 3099 1107 3134 Barnaba
1121 3100 1162 3134 in
1175 3099 1274 3135 Der-

289 3165 374 3200 ben.
396 3164 459 3200 ΕΞΟ.
478 3163 651 3213 Cumque
674 3158 1005 3210 evangelizassent
1021 3159 1171 3195 civitati
1193 3158 1269 3208 illi,

285 3224 549 3261 etdocuissent
570 3222 725 3267 multos,
742 3221 884 3257 reversi
913 3226 1003 3256 sunt
1030 3219 1216 3266 Lystram
1236 3227 1271 3256 et

1357 1960 1467 1996 σχειν,
1485 1945 1589 1984 ἄκουε
1602 1949 1703 1985 τοῦτο
1721 1946 1804 1984 αὐτὸ
1824 1947 2007 1993 δηλοῦντος
2027 1946 2086 1984 καὶ
2101 1946 2260 1998 λέγοντος
2273 1962 2280 1970 ·
2297 1945 2377 1985 Ἵνα

1357 2009 1405 2060 μὴ
1434 2012 1482 2054 εἷς
1506 2011 1568 2062 ἐμὲ
1587 2013 1770 2063 λογίσηταί
1788 2029 1840 2057 τις
1859 2012 1946 2064 ὑπὲρ
1962 2013 1980 2051 ὃ
2002 2012 2124 2064 βλέπει
2144 2030 2200 2064 με,
2218 2012 2240 2059 ἢ
2260 2013 2378 2052 ἀκούει

1355 2092 1389 2114 τι
1406 2077 1438 2121 ἐξ
1455 2079 1551 2128 ἐμοῦ.
1570 2079 1834 2118 Κυκλωσάντων
1851 2079 1886 2118 δὲ
1902 2082 1970 2117 τῶν
1987 2083 2151 2130 μαθητῶν
2168 2080 2282 2128 αὐτὸν,
2296 2081 2379 2118 ἀνα-

1356 2143 1440 2187 στὰς
1455 2146 1610 2190 εἷο-ἢλθεν
1634 2147 1680 2189 εἷς
1694 2145 1757 2192 τὴν
1773 2145 1889 2184 πόλιν,
1919 2145 2029 2197 Ὁρᾷς
2050 2145 2265 2198 προθυμίαν,
2294 2149 2376 2198 ὁρᾷς

1355 2209 1458 2249 πόθον
1482 2210 1601 2254 ζέοντα
1621 2211 1679 2248 καὶ
1695 2211 1968 2263 πεπυρωμένον;
1988 2213 2051 2256 Εἷς
2067 2211 2174 2258 αὐτὴν
2191 2212 2298 2250 πάλιν
2311 2210 2376 2258 τὴν

1355 2275 1455 2313 πόλιν
1472 2277 1641 2323 εἰσῆλθεν,
1658 2276 1748 2316 ὥστε
1763 2278 1952 2329 δειχθῆναι,
1967 2278 2019 2316 ὅτι
2036 2278 2067 2316 εἴ
2082 2295 2148 2317 που
2165 2278 2224 2317 καὶ
2240 2277 2377 2330 ὑπεχώ-

1358 2360 1420 2395 ρει,
1449 2342 1504 2381 διὰ
1518 2343 1557 2380 τὸ
1570 2343 1627 2382 τὸν
1644 2343 1745 2395 λόγον
1763 2344 1947 2395 βούλεσθαι
1962 2351 2114 2398 σπεῖραι,
2128 2345 2187 2382 καὶ
2201 2345 2258 2383 διὰ
2272 2345 2311 2383 τὸ
2325 2345 2374 2396 μὴ

1357 2411 1425 2447 δεῖν
1454 2409 1606 2448 ἐκκαίειν
1625 2412 1738 2448 αὐτῶν
1764 2410 1821 2449 τὸν
1846 2410 1964 2460 θυμόν.
1996 2412 2120 2448 Ταῦτα
2135 2413 2203 2448 τῶν
2221 2410 2375 2462 σημείων

1356 2479 1418 2528 οὐχ
1439 2471 1542 2522 ἧττον
1568 2477 1629 2514 καὶ
1646 2476 1911 2529 λαμπροτέρους
1931 2476 2052 2525 ἐποίει,
2072 2477 2131 2515 καὶ
2150 2479 2280 2528 μᾶλλον
2295 2477 2375 2529 χαί-Ι

1356 2560 1423 2595 ρειν
1442 2543 1710 2596 παρεσκεύαζεν,
1727 2546 1894 2594 Οὐδαμοῦ
1909 2544 1945 2582 δὲ
1960 2545 2068 2595 λέγει,
2087 2545 2140 2582 ὅτι
2155 2545 2374 2596 ὓπέστρεψαν

1352 2610 1544 2663 χαίροντες,
1569 2610 1622 2648 ὅτι
1641 2617 1771 2661 σημεῖα
1788 2611 1968 2658 ἐποίησαν,
1989 2611 2067 2650 ἀλλ’
2083 2611 2135 2649 ὃτι
2151 2610 2374 2660 κατηξιώθη-

1353 2694 1415 2717 σαν
1430 2678 1517 2730 ὑπὲρ
1532 2681 1591 2716 τοῦ
1608 2679 1775 2729 ὀνόματος
1791 2680 1892 2717 αὐτοῦ
1908 2681 2155 2729 ἀτιμασθῆναι.
2187 2679 2258 2717 Καὶ
2272 2684 2373 2718 τοῦτο

1351 2746 1417 2797 γὰρ
1446 2745 1543 2797 παρὰ
1569 2749 1628 2783 τοῦ
1660 2748 1813 2797 Χριστοῦ
1846 2746 2079 2797 ἐδιδάχθησαν
2105 2746 2286 2797 λέγοντος·
2306 2748 2369 2794 Μὴ

1349 2811 1503 2864 χαίρετε,
1534 2812 1585 2850 ὅτι
1613 2812 1657 2850 τὰ
1680 2812 1844 2861 δαιμόνια
1867 2815 1947 2862 ὑμῖν
1962 2811 2206 2851 ὑποτάσσεται.
2236 2813 2282 2852 ‘H
2302 2813 2371 2867 γὰρ

1349 2879 1454 2922 ὄντως
1473 2878 1568 2930 χαρὰ
1588 2878 1646 2915 καὶ
1669 2876 1855 2929 εἰλικρινὴς
1881 2877 1967 2924 αὕτη
1997 2877 2082 2923 ἐστὶ,
2108 2877 2147 2915 τὸ
2169 2877 2318 2930 πάσχειν
2335 2895 2370 2916 τι

1350 2945 1406 2984 διὰ
1425 2945 1588 2999 Χριστόν.
1607 2939 1697 2983 Εἶτα
1723 2945 1786 2988 τὰς
1808 2944 1926 2987 πόλεις
1944 2944 2060 2988 πάσας
2080 2944 2244 2996 ἐπῄεσαν,
2264 2947 2298 2982 ἐν
2316 2941 2370 2989 αἷς

1348 3012 1599 3051 ἐκινδύνευσαν.
1627 3011 1696 3049 Καὶ
1713 3014 1755 3062 τῇ
1774 3011 1935 3062 ἐπαύριον
1953 3010 2072 3059 ἐξῆλθε
2088 3010 2149 3048 σὺν
2168 3014 2217 3063 τῷ
2235 3010 2368 3062 Βαρνά-

1347 3081 1394 3133 δα
1410 3082 1456 3124 εἷς
1473 3079 1622 3132 Δέρὸην,
1640 3078 1947 3130 εὐαγγελισάμενοί
1963 3094 2000 3116 τε
2018 3078 2080 3125 τὴν
2096 3078 2197 3116 πόλιν
2218 3077 2366 3126 ἐκείνην,

1346 3146 1405 3183 καὶ
1425 3144 1703 3196 μαθητεύσαντες
1725 3143 1874 3191 ἱκανοὺς,
1901 3144 2120 3197 ὑπέστρεψαν
2143 3148 2188 3187 εἷς
2204 3144 2365 3198 Λύστραν

1345 3213 1403 3250 καὶ
1426 3211 1570 3250 Ἰκόνιον
1602 3211 1661 3248 καὶ
1685 3210 1910 3262 Ἀντιόχειαν,
1931 3210 2208 3262 ἐπιστηρίζοντες
2225 3211 2286 3254 τὰς
2300 3213 2364 3262 ψυ-

282 3286 456 3326 Iconium
475 3292 510 3320 et
525 3283 795 3329 Antiochiam,
808 3282 849 3317 at
865 3314 870 3319 .
891 3279 1167 3331 confirmantes
1184 3282 1268 3317 ani-
1294 3287 1316 3318 C
1343 3279 1408 3331 χὰς
1422 3281 1489 3317 τῶν
1508 3280 1683 3330 μαθητῶν,
1701 3279 1983 3329 παρακαλοῦντες
1999 3277 2159 3328 ἐμμένειν
2176 3280 2217 3324 τῆ
2235 3277 2363 3325 πίστει,
