2466 3805
695 236 703 263 1
712 235 736 263 N
772 237 794 264 A
801 236 884 265 C'rA
915 236 937 265 ,ἱ
944 236 1084 266 POSTO
1091 236 1234 266 LORU‘M
1246 257 1255 267 .

1492 239 1576 267 vu.
2094 227 2152 287 67

1294 238 1451 268 ΗΟΜΙΙΛ.

87 312 208 350 Πάντα
231 316 347 365 κοινῇ,
367 315 482 353 πάντα
502 315 591 366 μετὰ
606 316 788 370 καρτερίας
806 317 982 367 Θέποίουν,
1002 317 1098 369 φησί.
1121 321 1144 351 Ε
1169 327 1261 366 rent,
1288 327 1322 356 et
1345 318 1440 370 quod
1468 319 1691 358 unanimiter.
1722 319 1798 357 Hoc
1830 329 1948 358 autem
1975 320 2091 371 dixit,
2114 331 2153 360 ut

86 371 246 423 Ἐγένετο
268 374 302 412 δὲ
330 375 425 427 πάσῃ
450 378 545 428 ψυχῆ
566 376 667 427 φόὸος
690 378 774 425 [τῶν
800 378 1098 427 πιστευσάντων],

83 433 197 471 πολλά
227 450 264 472 τε
294 435 423 486 τέρατα
456 436 514 473 καὶ
547 443 676 487 σημεῖα
707 437 763 474 διὰ
794 441 862 475 τῶν
898 439 1100 477 ἀποστόλων

82 492 223 544 ἐγίνετο.
239 496 408 540 Εἰκότως.
428 499 480 535 Οὐ
499 497 566 549 γὰρ
584 500 631 541 ὡς
645 500 713 535 τῶν
734 498 908 550 τυχόντων
928 499 1096 550 κατεφρό-

82 568 172 602 νουν,
191 555 267 594 οὐδὲ
293 562 364 601 τοῖς
385 558 572 609 ὁρωμένοις
587 564 771 611 προσεῖχον
783 587 792 604 ,
809 559 896 597 ἀλλὰ
917 559 1101 612 πεπύρωτο

82 616 194 653 αὐτῶν
213 620 234 663 ἡ
257 617 404 657 διάνοια.
431 619 574 667 Ἐπειδὴ
594 620 628 658 δὲ
648 620 774 658 ἄνωθεν
792 615 833 667 ῆν
853 619 958 663 πολὺς
976 620 1061 671 ῥέων
1083 624 1100 658 ὁ

81 676 226 728 Πέτρος,
249 679 308 717 καὶ
328 680 456 718 ἐδείκνυ
473 681 534 724 τὰς
555 681 763 732 ἐπαγγελίας
783 682 842 719 καὶ
857 681 902 719 τὰ
917 683 1099 731 μέλλοντα,

81 738 220 782 εἰκότως
244 739 429 788 ἐξέστησαν
451 745 500 794 τῷ
528 742 642 795 φόῧῳ,
660 742 718 780 καὶ
737 740 922 793 ἐμαρτύρει
945 746 1016 783 τοῖς
1039 742 1099 777 λε-

80 799 236 849 γομένοις
257 801 300 840 τὰ
325 803 495 853 θαύματα.
518 803 686 855 Καθάπερ
709 796 766 839 οὖν
787 802 845 838 ἐπὶ
865 805 924 839 τοῦ
946 802 1098 852 Χριστοῦ
1119 807 1145 837 Α

78 859 242 913 πρότερον
275 869 424 912 σημεῖα,
452 857 526 900 εἶτα
556 862 783 907 διδασκαλία,
816 855 890 898 εἶτα
915 859 1094 910 &uby-otta·

79 920 168 958 οὕτω
190 922 248 959 καὶ
274 928 342 961 νῦν.
360 923 495 966 Πάντες
522 922 557 961 δὲ
577 926 608 961 οἱ
625 921 844 964 πιστεύοντες
867 915 956 966 ῆσαν
981 921 1095 957 ἐπιτο-

78 982 176 1029 αυτὸ,
203 983 263 1020 καὶ
291 977 382 1035 εἶχον
415 984 552 1020 ἅπαντα
580 983 690 1021 κοινά.
710 980 807 1030 εΌρα
831 981 953 1024 εὐθέως
980 979 1042 1026 ὅση
1071 983 1092 1026 ἡ

77 1042 238 1087 ἐπίδοσις.
261 1046 314 1083 Οὐ
334 1043 401 1096 γὰρ
429 1047 463 1082 ἐν
484 1049 560 1086 ταῖς
587 1046 705 1094 εὐχαῖς
731 1041 833 1092 μόνον
865 1044 886 1087 ἡ
911 1040 1093 1087 κοινωνία,

75 1103 152 1141 οὐδὲ
178 1107 212 1141 ἐν
234 1108 277 1156 τῇ
301 1104 519 1156 διδασκαλίᾳ,
537 1104 626 1142 ἀλλὰ
645 1104 703 1141 καὶ
724 1105 757 1141 ἐν
778 1105 821 1154 τῆ
839 1101 1008 1154 πολιτείᾳ.
1025 1101 1094 1140 Καὶ

73 1163 118 1201 τὰ
133 1165 297 1215 κτήματα
316 1165 376 1203 καὶ
394 1166 456 1208 τὰς
475 1165 636 1217 ὑπάρξεις
651 1163 880 1216 ἐπίπρασκον,
895 1164 954 1201 καὶ
980 1163 1095 1214 διεμέ-

75 1226 164 1275 ριζον
192 1225 279 1263 αὐτὰ
300 1232 405 1273 πᾶσι,
431 1227 553 1264 καθότι
580 1225 621 1263 ἄν
647 1241 699 1268 τις
717 1224 838 1277 χρείαν
859 1219 963 1276 εἶχεν.
985 1224 1092 1276 (Όρα,

71 1285 176 1328 πόσος
195 1286 298 1337 φόὸος
318 1288 431 1330 αὐτοῖς
451 1285 672 1337 *ἐνεγένετω
692 1286 762 1324 Καὶ
783 1285 973 1337 διεμέριζον
992 1286 1091 1324 αὐτά.

71 1348 184 1385 Τοῦτο
213 1341 299 1396 εἷπε,
330 1348 369 1386 τὸ
395 1348 608 1398 οἰκονομικὸν
642 1349 768 1395 δηλῶν.
806 1347 939 1386 Καθότι
976 1347 1015 1385 ἂν
1040 1364 1092 1391 τις

69 1408 190 1459 χρείαν
211 1402 314 1460 εἶχεν.
332 1411 410 1461 Οὐχ
426 1410 557 1455 ἁπλῶς,
578 1412 591 1428 ³
605 1409 762 1463 καθάπερ
781 1412 811 1447 οἱ
832 1411 914 1460 παρ’
935 1408 1091 1455 ἽΞλλησι
1112 1422 1135 1450 Β

69 1468 260 1520 φιλόσοφοι,
284 1472 314 1507 οἱ
335 1470 396 1519 μὲν
417 1471 548 1516 ἀνῆκαν
568 1469 631 1516 τὴν
647 1473 725 1522 γῆν,
745 1474 776 1509 οἱ
795 1470 831 1509 δὲ
849 1472 896 1514 εἷς
912 1470 1087 1508 Θάλασσαν

69 1529 210 1581 ἕῤῥιψαν
231 1529 318 1568 πολὺ
338 1531 492 1583 χρυσίον,
513 1530 597 1582 ὅπερ
618 1533 682 1583 οὐχ
699 1532 871 1585 ὑπεροψία
889 1532 1084 1585 χρημάτων

66 1594 121 1638 ἠν,
134 1591 224 1629 ἀλλὰ
236 1591 350 1644 μωρία
367 1593 426 1631 καὶ
438 1592 570 1632 δᾶνοια.
587 1596 774 1646 Πανταχοῧ
791 1594 859 1646 γὰρ
876 1593 1086 1632 ἐσπούδασεν

66 1655 84 1689 ὃ
103 1652 260 1696 διάὸολος
286 1653 340 1691 ἀεὶ
355 1659 414 1691 τοῦ
434 1657 526 1693 Θεοῦ
539 1655 583 1693 τὰ
601 1654 781 1706 κτίσματα
803 1656 1002 1694 διαὸάλλειν
1014 1685 1023 1703 ,
1041 1658 1087 1699 ὡς

68 1713 128 1750 οὐκ
144 1714 215 1751 ἐνὸν
242 1716 356 1758 καλῶς
380 1716 576 1766 χρήσασθαι
590 1716 763 1768 χρήμασι.
785 1719 872 1755 Καθ’
889 1716 1024 1768 ἡμέραν
1049 1733 1086 1755 τε

66 1780 404 1828 προσκαρτεροῦντες
423 1778 642 1827 ὁμοθυμαδὸν
671 1779 704 1814 ἐν
724 1781 774 1830 τῷ
794 1781 887 1830 ἱερῷ.
912 1779 1087 1817 Ἐνταῦθα

64 1833 121 1872 τὸν
147 1836 272 1887 τρόπον
300 1837 465 1885 διδάσκει,
488 1840 564 1876 καθ’
599 1837 634 1876 ὃν
656 1840 718 1884 τῆς
747 1840 972 1883 διδασκαλίας
1001 1840 1085 1879 ἀπέ-

65 1898 179 1934 λαυον.

116 2271 186 2310 Καὶ
208 2271 348 2319 σκόπει,
374 2273 448 2314 πῶς
472 2271 567 2309 οὐδὲν
598 2271 734 2310 ἐποίουν
764 2271 878 2323 ἕτερον
899 2272 1082 2322 Ἰουδαῖοι,

63 2336 100 2372 οὐ
120 2333 255 2386 μικρὸν,
273 2335 310 2371 οὐ
329 2332 419 2385 μέγα
432 2363 440 2379 ,
462 2333 551 2371 ἀλλὰ
565 2336 614 2385 τῷ
633 2336 716 2387 ἱερῷ
735 2333 982 2387 προσήδρευον.
1001 2334 1082 2374 Ἅτε

62 2394 129 2446 γὰρ
156 2394 415 2447 σπουδαιότεροι
433 2394 680 2445 γεγενημένοι,
709 2395 769 2432 καὶ
788 2395 867 2446 περὶ
899 2396 956 2434 τὸν
976 2397 1080 2435 τόπον

1170 379 1332 418 ostendat
1350 380 1448 431 quod
1466 381 1570 432 longo
1592 389 1749 433 tempore
1777 381 1857 418 illos
1875 380 2073 420 docuerint.
2098 382 2153 421 Et

1170 444 1530 488 communicatione,
1556 450 1593 479 et
1604 444 1808 494 fractione
1835 445 1963 494 panis,
1997 452 2035 480 et
2059 457 2151 481 ora-

1171 504 1284 538 tione.
1305 503 1435 540 Omnia
1467 503 1710 552 communiter,
1737 503 1857 540 omnia
1883 517 1966 541 cum
1989 516 2153 555 perseve-

1169 562 1284 600 rantia
1302 563 1472 612 fecerunt,
1494 563 1622 614 inquit.
1644 564 1709 602 45.
1735 566 1877 601 Fiebat
1898 572 2028 601 autem
2048 566 2154 602 omni

1170 626 1311 660 animoe
1335 626 1602 675 [credentium]
1621 629 1745 663 timor.
1761 626 1892 663 Multa
1903 639 2055 677 quoque
2065 639 2152 678 pro-

1169 684 1275 735 digia
1304 694 1341 722 et
1365 688 1476 737 signa
1500 701 1571 737 per
1599 687 1792 738 apostolos
1816 687 1980 738 fiebant.
2008 686 2150 725 Merito.

1116 771 1147 795 57
1168 747 1290 796 Neque
1321 748 1415 785 enim
1439 758 1477 785 ut
1511 749 1677 800 vulgares
1703 749 1863 787 homines
1895 749 2151 802 despiciebant,

1166 818 1278 854 neque
1290 807 1396 844 rebus
1411 808 1478 844 sub
1490 818 1671 859 aspectum
1685 809 1892 846 cadentibus
1910 809 2151 858 attendebant,

1165 865 1227 902 sed
1251 866 1393 905 incensa
1419 877 1491 905 erat
1516 883 1614 907 mens
1643 883 1776 907 eorum.
1803 870 1896 915 Quia
1919 871 2012 907 enim
2039 872 2153 909 multa

1163 926 1325 977 superius
1357 928 1467 965 verba
1496 928 1636 966 fuderat
1667 930 1803 978 Petrus,
1830 929 2098 980 ostenderatque
2119 940 2154 968 et

1162 989 1334 1039 promissa
1355 1000 1389 1029 et
1410 991 1544 1039 futura,
1560 992 1641 1043 jure
1667 1001 1762 1029 metu
1796 991 1949 1043 correpti
1980 1002 2091 1041 erant,
2118 1002 2153 1030 et

1162 1049 1262 1100 signa
1278 1049 1383 1089 dictis
1403 1051 1645 1089 testimonium
1667 1052 1838 1090 serebant.
1866 1052 1967 1090 Sicut
1985 1051 2096 1104 igitur
2114 1053 2152 1090 in

1163 1109 1301 1148 Christo
1322 1111 1479 1162 primum
1504 1112 1618 1163 sigua,
1653 1121 1774 1163 postea
1808 1112 1992 1161 doctrina,
2023 1111 2152 1151 deinde

1164 1171 1336 1210 miracula
1362 1188 1369 1208 ε
1396 1173 1443 1210 ita
1468 1181 1502 1210 et
1530 1187 1636 1210 nunc.
1664 1174 1728 1211 44.
1759 1175 1901 1211 Omnes
1927 1182 2058 1211 autem
2083 1177 2151 1225 qui

1163 1234 1384 1280 credebant,
1409 1243 1522 1271 erant
1546 1237 1707 1286 pariter,
1736 1243 1772 1271 et
1800 1235 1999 1272 habebant
2017 1238 2150 1273 omnia

1162 1298 1394 1332 communia.
1410 1295 1526 1343 Vide,
1548 1304 1701 1346 quantus
1721 1295 1839 1333 statim
1859 1296 2050 1348 profectus.
2067 1297 2149 1334 Non

1161 1356 1256 1393 enim
1281 1357 1316 1393 in
1347 1357 1568 1394 orationibus
1592 1366 1732 1394 tantum
1755 1366 1828 1394 erat
1854 1357 2149 1406 communicatio,

1160 1432 1272 1469 neque
1289 1417 1325 1456 in
1345 1418 1504 1456 doctrina
1530 1419 1659 1465 solum,
1685 1418 1745 1457 scd
1768 1418 1876 1456 etiam
1894 1418 1930 1456 in
1949 1419 2031 1457 vitae
2061 1434 2147 1472 pro—

1159 1478 1283 1516 bitate.
1304 1480 1368 1517 45.
1396 1481 1661 1517 Possessiones
1679 1488 1717 1517 et
1735 1482 1975 1517 substantias
2002 1481 2149 1517 vende-

1160 1542 1268 1587 bant,
1289 1550 1326 1579 et
1345 1542 1569 1579 dividebant
1590 1542 1681 1579 illas
1704 1543 1893 1587 omnibus,
1923 1550 2039 1593 prout
2061 1545 2147 1580 cui-

1158 1616 1233 1654 que
1248 1616 1340 1654 opus
1360 1611 1455 1641 erat.
1472 1602 1579 1651 Vide,
1597 1611 1750 1652 quantus
1773 1602 1882 1640 timor
1902 1602 1974 1640 illis
2004 1602 2145 1640 accidit.

1159 1664 1214 1700 Et
1237 1663 1463 1700 dividebant
1491 1677 1571 1701 eas.
1599 1663 1675 1700 Hoc
1702 1663 1831 1714 inquit,
1844 1662 2146 1715 dispensationem

1158 1723 1374 1775 significans.
1392 1726 1515 1762 Prout
1528 1727 1666 1776 cuique
1682 1738 1774 1776 opus
1793 1732 1887 1761 erat.
1904 1725 1980 1762 Non
1997 1725 2143 1773 frustra,

1157 1785 1459 1835 quemadmodum
1474 1785 1570 1837 apud
1586 1786 1730 1824 Graecos
1744 1785 1973 1838 philosophi,
1993 1786 2055 1823 alii
2074 1795 2144 1824 ter·

1156 1860 1232 1883 ram
1250 1846 1511 1896 relinquebant,
1538 1845 1599 1882 alii
1619 1846 1775 1883 multum
1793 1846 1872 1883 auri
1889 1846 1927 1883 in
1942 1860 2040 1884 mare
2063 1861 2145 1898 pro-

1149 1906 1320 1957 jiciebant
1328 1922 1338 1953 3
1356 1906 1453 1956 quod
1480 1920 1549 1943 non
1576 1906 1809 1957 pecuniarum
1829 1915 2024 1944 contemtus
2044 1915 2119 1944 erat
2133 1937 2142 1953 ‚

1154 1968 1216 2005 sed
1237 1967 1387 2005 stultitia
1411 1976 1445 2004 et
1469 1966 1685 2018 insipientia.
1715 1968 1862 2018 Semper
1887 1967 1981 2004 enim
2006 1966 2144 2005 studuit

1154 2027 1338 2075 diabolus,
1360 2027 1426 2065 Dei
1446 2036 1624 2064 creaturas
1642 2027 1776 2077 ubique
1797 2027 2006 2064 calumniari
2014 2042 2024 2075 ;
2042 2027 2143 2078 quasi

1152 2103 1221 2126 non
1248 2097 1364 2140 posset
1386 2087 1468 2137 quis
1494 2087 1584 2124 bene
1604 2087 1657 2124 uti
1677 2087 1848 2138 pecuniis.
1877 2088 1942 2125 46.
1965 2088 2144 2137 Quotidie

1155 2165 1306 2203 quoque
1332 2158 1619 2202 perseverantes
1647 2152 1884 2187 unanimiter
1915 2152 1955 2187 in
1983 2152 2141 2202 templo-

1153 2212 1221 2250 Hic
1235 2211 1383 2250 modum
1399 2211 1519 2260 docet,
1539 2225 1608 2262 quo
1628 2211 1791 2249 doctrina
1811 2211 2032 2249 fruebantur.

1204 2276 1241 2311 ΕΞ.
1271 2273 1318 2310 Et
1334 2271 1526 2325 perpende,
1546 2272 1723 2322 quomodo
1749 2273 1841 2310 nihil
1866 2273 1968 2311 aliud
1990 2274 2143 2312 facerent

1151 2334 1267 2374 Judaei
1283 2364 1292 2382 ,
1309 2348 1372 2371 nec
1388 2348 1556 2385 parvum,
1579 2348 1640 2372 nec
1661 2347 1831 2385 magnum
1845 2364 1854 2382 ‚
1876 2334 1937 2372 sed
1957 2335 1993 2372 in
2010 2335 2141 2387 templo

1152 2396 1288 2434 assidui
1309 2404 1434 2433 essent.
1451 2396 1543 2433 Nam
1561 2404 1684 2448 utpote
1698 2395 1927 2433 ferventiores
1946 2395 2044 2444 facti,
2065 2410 2140 2433 ma—

62 2455 241 2494 εὖλάὸειαν
264 2455 405 2494 πλείονα
433 2449 538 2508 εἶχον.
560 2458 613 2494 Οὐ
631 2456 698 2507 γὰρ
716 2455 883 2494 ἀπέσπων
912 2458 1032 2502 αὐτοὺς
1051 2461 1082 2497 οἱ
1104 2459 1128 2490 C
1148 2457 1226 2509 jore
1238 2470 1321 2508 erga
1336 2456 1456 2494 locum
1471 2465 1570 2494 erant
1589 2456 1798 2494 reverentia.
1817 2457 1939 2506 Neque
1952 2456 2047 2494 euim
2059 2456 2140 2495 illos

63 2516 248 2555 ἀπόστολοι
267 2516 351 2558 τέως
369 2546 378 2563 ,
397 2515 487 2554 ὥστε
517 2516 564 2566 μὴ
587 2517 731 2568 βλάψαι.
750 2517 910 2562 Κλῶντές
939 2535 976 2556 τε
1005 2522 1082 2557 κατ’

1152 2517 1270 2555 adhuc
1286 2517 1486 2555 avellebant
1504 2518 1673 2569 apostoli,
1693 2532 1737 2555 ne
1758 2517 1852 2569 ipsos
1881 2517 2061 2555 laederent.
2087 2519 2141 2555 Et

61 2570 152 2615 οἷκον
170 2577 284 2629 ἄρτον,
303 2577 564 2627 μετελάμδανον
591 2581 719 2631 τροφῆς
740 2580 774 2615 ἐν
799 2579 1004 2629 ἀγαλλιάσει
1023 2579 1082 2618 καὶ
1139 2581 1375 2632 frangentes
1401 2581 1505 2616 circa
1533 2580 1666 2616 domos
1684 2593 1838 2626 panem,
1864 2581 2067 2617 sumebant
2087 2581 2140 2617 ci—

62 2636 248 2689 ἀφελότητι
277 2637 438 2689 καρδίας,
454 2639 623 2681 αἰνοῦντες
649 2637 706 2675 τὸν
727 2637 829 2684 Θεὸν,
858 2639 916 2677 καὶ
947 2639 1082 2692 ἔχοντες

62 2698 163 2751 χάριν
185 2699 270 2751 πρὸς
288 2698 366 2737 ὅλον
386 2699 443 2737 τὸν
464 2699 559 2737 λαόν.
576 2700 646 2738 Τὸν
676 2700 777 2752 ἄρτον
799 2700 876 2751 ἐμοὶ
906 2702 998 2740 δοκεῖ
1017 2702 1079 2740 λέ-

62 2777 145 2812 γων,
165 2761 225 2805 καὶ
246 2760 309 2807 τὴν
342 2760 501 2807 νηστείαν
536 2762 682 2799 ἐνταῦθα
714 2761 896 2812 σημαίνειν
932 2763 991 2801 καὶ
1021 2764 1079 2802 τὸν

63 2821 212 2875 σκληρὸν
234 2821 306 2870 βίον
320 2837 327 2844 ·
342 2824 470 2874 τροφῆς
487 2821 553 2873 γὰρ
563 2852 572 2869 ,
584 2824 620 2860 οὐ
633 2825 763 2874 τρυφῆς
779 2827 792 2843 c
805 2823 1078 2875 μετελάμὸανον.

58 2883 248 2928 Ἐντεῦθεν,
270 2882 448 2933 ἀγαπητὲ,
472 2882 644 2932 μάνθανε,
663 2885 709 2926 ὡς
725 2885 789 2935 οὐχ
806 2887 827 2930 ἡ
848 2884 982 2937 τρυφὴ,
1002 2888 1079 2924 ἀλλ’

57 2945 78 2987 ἠ
98 2943 205 2994 τροφὴ
222 2943 283 2990 τὴν
302 2943 494 2982 ἀπόλαυσιν
523 2950 634 2982 ποιεῖ·
654 2944 713 2982 καὶ
737 2947 784 2988 ὡς
813 2947 844 2983 οἱ
871 2950 1078 2998 τρυφῶντες,

101 3113 111 3126 ⁰
135 3107 146 3148 [
160 3107 212 3138 Ita
230 3107 269 3138 D.
283 3115 316 3139 et
329 3108 496 3140 Erasmus.
510 3108 550 3140 In
565 3107 673 3140 Editis
687 3108 808 3142 absunt
825 3109 923 3142 rerba
936 3116 1060 3153 ἐποίουν,

56 3165 135 3204 φησί.
163 3159 242 3190 Mox
266 3158 458 3191 eorumdem
487 3161 689 3191 auctoritate
716 3161 909 3193 inclusimus
942 3161 1059 3203 verba,

56 3220 115 3244 τῶν
138 3218 344 3249 πιπτευόντων,
372 3218 405 3243 et
422 3211 505 3242 infra
531 3216 611 3246 ἀλλὰ
634 3215 792 3258 πεπύρωτο
805 3212 970 3256 dedimus,
1000 3225 1059 3256 pro

54 3269 115 3306 ἄρα
132 3263 218 3304 new]

98 3313 115 3330 ²*
135 3314 301 3356 [ἐνεγένετο
317 3314 372 3355 D„
390 3313 490 3347 Savil.
510 3321 542 3346 et
556 3314 598 3346 al.
618 3315 804 3359 Legebatur
821 3321 946 3358 ἐγένετο.
959 3318 1060 3350 Paulo

53 3373 129 3406 post
145 3375 184 3396 ex
204 3363 319 3398 eodem
339 3366 377 3397 D.
399 3367 599 3398 mutaximus
630 3366 722 3409 quod
737 3366 834 3410 vulgo
850 3369 986 3411 legitur:
1004 3373 1062 3403 διε-

1153 2644 1242 2680 bum
1269 2654 1356 2678 cum
1381 2640 1640 2677 exsultatione
1667 2649 1704 2677 et
1724 2640 1971 2691 simplicitate
1995 2641 2135 2689 cordis,

1151 2703 1215 2740 47.
1243 2702 1512 2740 collaudantes
1536 2702 1677 2748 Deum,
1707 2710 1743 2739 et
1762 2703 1947 2739 habentes
1967 2705 2138 2753 gratiam

1152 2765 1206 2801 ad
1221 2777 1371 2801 omnem
1387 2763 1548 2814 plebem.
1567 2763 1659 2800 Cum
1682 2777 1809 2815 panem
1828 2762 1937 2811 dicit,
1958 2763 2138 2815 jejunium

1151 2825 1241 2863 mihi
1261 2834 1295 2863 et
1316 2834 1492 2862 austeram
1520 2824 1631 2863 vitam
1650 2824 1851 2875 significare
1865 2824 2009 2862 videtur
2028 2840 2035 2860 :
2054 2824 2135 2862 cibo

1151 2886 1265 2933 enim,
1281 2899 1350 2923 non
1370 2884 1507 2922 deliciis
1528 2885 1731 2922 utebantur.
1752 2884 1843 2922 Hinc
1861 2883 1980 2932 disce,
1995 2884 2137 2932 dilecte,

1151 2962 1221 2986 non
1242 2947 1398 2995 deliciis,
1419 2945 1481 2984 sed
1490 2947 1569 2984 cibo
1587 2960 1649 2985 nos
1663 2946 1819 2985 suaviter
1836 2945 1904 2983 frui
1919 2961 1931 2996 5
1949 2955 1983 2983 et
1999 2960 2058 2984 eos
2071 2947 2134 2997 qui

1129 3118 1254 3157 μέριζον
1271 3115 1359 3151 αὐτὰ,
1372 3116 1450 3156 φησὶ,
1465 3117 1500 3146 τὸ
1515 3112 1587 3153 οἰκ.]

1169 3174 1182 3188 ³
1207 3162 1296 3195 Alius
1312 3168 1427 3198 καθότι.

1170 3216 1186 3239 b
1210 3215 1299 3247 Alius
1319 3222 1415 3249 ἄνοια.
1435 3219 1592 3250 ἐσπουδασε
1613 3231 1667 3260 [αρ
1685 3225 1699 3248 ο
1718 3217 1860 3252 διάὸολος.

1169 3277 1182 3291 ⁰
1206 3268 1298 3299 Unus
1311 3272 1540 3311 μετελάμνῖανον
1556 3272 1585 3300 ἐν
1600 3269 1790 3308 ἀγαλλτάσει,
1804 3271 1897 3311 φησίν.
1915 3270 2002 3311 ὁρᾷς,
2018 3271 2062 3299 ὅτι
2080 3270 2132 3308 οὐχ

1127 3324 1144 3357 ἡ
1161 3325 1276 3365 τρυφὴ,
1292 3322 1374 3353 ἀλλ’.
