<?xml version="1.0" encoding="UTF-8"?>
<!DOCTYPE html PUBLIC "-//W3C//DTD XHTML 1.0 Transitional//EN"
    "http://www.w3.org/TR/xhtml1/DTD/xhtml1-transitional.dtd">
<html xmlns="http://www.w3.org/1999/xhtml" xml:lang="en" lang="en">
 <head>
  <title>
</title>
<meta http-equiv="Content-Type" content="text/html;charset=utf-8" />
  <meta name='ocr-system' content='tesseract 3.04.00' />
  <meta name='ocr-capabilities' content='ocr_page ocr_carea ocr_par ocr_line ocrx_word'/>
</head>
<body>
  <div class='ocr_page' id='page_1' title='image "./operaomniaquaeex09johnuoft/operaomniaquaeex09johnuoft_0675.png"; bbox 0 0 2502 3810; ppageno 0'>
   <div class='ocr_carea' id='block_1_1' title="bbox 715 253 934 283">
    <p class='ocr_par' dir='ltr' id='par_1_1' title="bbox 715 253 934 283">
     <span class='ocr_line' id='line_1_1' title="bbox 715 253 934 283; baseline 0.005 -1"><span class='ocrx_word' id='word_1_1' title='bbox 715 253 757 282; x_wconf 77' lang='lat' dir='ltr'><strong>IN</strong></span> <span class='ocrx_word' id='word_1_2' title='bbox 794 253 934 283; x_wconf 80' lang='lat' dir='ltr'>EPIST-</span> 
     </span>
    </p>
   </div>
   <div class='ocr_carea' id='block_1_2' title="bbox 80 331 1100 986">
    <p class='ocr_par' dir='ltr' id='par_1_2' title="bbox 80 331 1100 986">
     <span class='ocr_line' id='line_1_2' title="bbox 85 331 1097 384; baseline -0.001 -14"><span class='ocrx_word' id='word_1_3' title='bbox 85 331 194 371; x_wconf 78' lang='grc' dir='ltr'>τοίνυν</span> <span class='ocrx_word' id='word_1_4' title='bbox 221 332 319 371; x_wconf 66' lang='grc' dir='ltr'>τοῦτό</span> <span class='ocrx_word' id='word_1_5' title='bbox 346 348 471 384; x_wconf 68' lang='grc' dir='ltr'>φησιν,</span> <span class='ocrx_word' id='word_1_6' title='bbox 491 332 542 370; x_wconf 75' lang='grc' dir='ltr'><strong>ὅτι</strong></span> <span class='ocrx_word' id='word_1_7' title='bbox 564 333 728 371; x_wconf 84' lang='grc' dir='ltr'>ἀδύνατον</span> <span class='ocrx_word' id='word_1_8' title='bbox 749 334 806 371; x_wconf 74' lang='grc' dir='ltr'><strong>τὸν</strong></span> <span class='ocrx_word' id='word_1_9' title='bbox 834 333 981 383; x_wconf 79' lang='grc' dir='ltr'>πονηρὸν</span> <span class='ocrx_word' id='word_1_10' title='bbox 1007 331 1097 383; x_wconf 81' lang='grc' dir='ltr'>γενέ-</span> 
     </span>
     <span class='ocr_line' id='line_1_3' title="bbox 85 393 1100 446; baseline -0.001 -16"><span class='ocrx_word' id='word_1_11' title='bbox 85 397 162 430; x_wconf 81' lang='grc' dir='ltr'>σθαι</span> <span class='ocrx_word' id='word_1_12' title='bbox 178 394 296 440; x_wconf 81' lang='grc' dir='ltr'>καλὸν,</span> <span class='ocrx_word' id='word_1_13' title='bbox 316 395 390 431; x_wconf 78' lang='grc' dir='ltr'>ἀλλ’</span> <span class='ocrx_word' id='word_1_14' title='bbox 415 393 468 432; x_wconf 74' lang='grc' dir='ltr'><strong>ὅτι</strong></span> <span class='ocrx_word' id='word_1_15' title='bbox 488 393 651 431; x_wconf 76' lang='grc' dir='ltr'>ἀδύνατον</span> <span class='ocrx_word' id='word_1_16' title='bbox 671 394 820 446; x_wconf 83' lang='grc' dir='ltr'>πονηρὸν</span> <span class='ocrx_word' id='word_1_17' title='bbox 842 393 988 443; x_wconf 83' lang='grc' dir='ltr'>μένοντα</span> <span class='ocrx_word' id='word_1_18' title='bbox 1016 395 1100 429; x_wconf 77' lang='grc' dir='ltr'>ὑπο-</span> 
     </span>
     <span class='ocr_line' id='line_1_4' title="bbox 83 454 1099 505; baseline 0 -15"><span class='ocrx_word' id='word_1_19' title='bbox 83 456 229 504; x_wconf 64' lang='grc' dir='ltr'>ταγῆναι</span> <span class='ocrx_word' id='word_1_20' title='bbox 260 456 310 505; x_wconf 79' lang='grc' dir='ltr'><strong>τῷ</strong></span> <span class='ocrx_word' id='word_1_21' title='bbox 341 456 422 505; x_wconf 80' lang='grc' dir='ltr'><strong>Θεῷ</strong></span> <span class='ocrx_word' id='word_1_22' title='bbox 446 469 453 477; x_wconf 77' lang='grc'><strong>’</strong></span> <span class='ocrx_word' id='word_1_23' title='bbox 478 454 781 504; x_wconf 67' lang='grc' dir='ltr'>μεταόἀλλόμενον</span> <span class='ocrx_word' id='word_1_24' title='bbox 825 454 963 505; x_wconf 80' lang='grc' dir='ltr'>μέντοι,</span> <span class='ocrx_word' id='word_1_25' title='bbox 994 454 1099 491; x_wconf 70' lang='grc' dir='ltr'>καλὸν</span> 
     </span>
     <span class='ocr_line' id='line_1_5' title="bbox 82 509 1098 566; baseline -0.001 -15"><span class='ocrx_word' id='word_1_26' title='bbox 82 514 240 564; x_wconf 78' lang='grc' dir='ltr'>γενέσθαι</span> <span class='ocrx_word' id='word_1_27' title='bbox 265 513 324 551; x_wconf 68' lang='grc' dir='ltr'><strong>καὶ</strong></span> <span class='ocrx_word' id='word_1_28' title='bbox 351 517 566 565; x_wconf 74' lang='grc' dir='ltr'>ὑποταγῆναι</span> <span class='ocrx_word' id='word_1_29' title='bbox 587 515 714 566; x_wconf 66' lang='grc' dir='ltr'>ῥᾴδιον.</span> <span class='ocrx_word' id='word_1_30' title='bbox 735 516 787 553; x_wconf 83' lang='grc' dir='ltr'><strong>Οὐ</strong></span> <span class='ocrx_word' id='word_1_31' title='bbox 817 515 884 566; x_wconf 71' lang='grc' dir='ltr'><strong>γὰρ</strong></span> <span class='ocrx_word' id='word_1_32' title='bbox 904 509 1017 561; x_wconf 63' lang='grc' dir='ltr'>εἶπεν,</span> <span class='ocrx_word' id='word_1_33' title='bbox 1045 514 1098 551; x_wconf 78' lang='grc' dir='ltr'><strong>ὅτι</strong></span> 
     </span>
     <span class='ocr_line' id='line_1_6' title="bbox 82 573 1099 625; baseline -0.001 -14"><span class='ocrx_word' id='word_1_34' title='bbox 82 576 99 610; x_wconf 85' lang='grc' dir='ltr'><strong><em>ὃ</em></strong></span> <span class='ocrx_word' id='word_1_35' title='bbox 114 574 293 624; x_wconf 81' lang='grc' dir='ltr'>ἄνθρωπος</span> <span class='ocrx_word' id='word_1_36' title='bbox 313 575 349 612; x_wconf 77' lang='grc' dir='ltr'><strong>οὗ</strong></span> <span class='ocrx_word' id='word_1_37' title='bbox 367 574 506 612; x_wconf 88' lang='grc' dir='ltr'>δύναται</span> <span class='ocrx_word' id='word_1_38' title='bbox 525 577 742 625; x_wconf 58' lang='grc' dir='ltr'>ὑποταγῆναι</span> <span class='ocrx_word' id='word_1_39' title='bbox 760 577 809 625; x_wconf 78' lang='grc' dir='ltr'><strong>τῷ</strong></span> <span class='ocrx_word' id='word_1_40' title='bbox 828 576 926 625; x_wconf 78' lang='grc' dir='ltr'>Θεῷ,</span> <span class='ocrx_word' id='word_1_41' title='bbox 954 575 1029 611; x_wconf 87' lang='grc' dir='ltr'>ἀλλ’</span> <span class='ocrx_word' id='word_1_42' title='bbox 1044 573 1099 611; x_wconf 73' lang='grc' dir='ltr'><strong>ὅτι</strong></span> 
     </span>
     <span class='ocr_line' id='line_1_7' title="bbox 81 629 1098 686; baseline 0 -16"><span class='ocrx_word' id='word_1_43' title='bbox 81 637 103 679; x_wconf 84' lang='grc' dir='ltr'>ἡ</span> <span class='ocrx_word' id='word_1_44' title='bbox 119 634 255 686; x_wconf 74' lang='grc' dir='ltr'>πονηρὰ</span> <span class='ocrx_word' id='word_1_45' title='bbox 273 634 396 685; x_wconf 76' lang='grc' dir='ltr'>πρᾶξις</span> <span class='ocrx_word' id='word_1_46' title='bbox 412 637 449 672; x_wconf 78' lang='grc' dir='ltr'><strong>οὖ</strong></span> <span class='ocrx_word' id='word_1_47' title='bbox 472 635 615 672; x_wconf 85' lang='grc' dir='ltr'>δύναται</span> <span class='ocrx_word' id='word_1_48' title='bbox 637 629 724 671; x_wconf 60' lang='grc' dir='ltr'>εἶναι</span> <span class='ocrx_word' id='word_1_49' title='bbox 748 634 838 680; x_wconf 73' lang='grc' dir='ltr'>καλή</span> <span class='ocrx_word' id='word_1_50' title='bbox 855 650 862 657; x_wconf 94' lang='grc'>·</span> <span class='ocrx_word' id='word_1_51' title='bbox 879 633 1006 671; x_wconf 73' lang='grc' dir='ltr'>ὡσανεὶ</span> <span class='ocrx_word' id='word_1_52' title='bbox 1026 633 1098 670; x_wconf 80' lang='grc' dir='ltr'>ἔλε-</span> 
     </span>
     <span class='ocr_line' id='line_1_8' title="bbox 81 689 1096 747; baseline -0.001 -15"><span class='ocrx_word' id='word_1_53' title='bbox 81 710 156 744; x_wconf 86' lang='grc' dir='ltr'>γεν,</span> <span class='ocrx_word' id='word_1_54' title='bbox 175 698 197 741; x_wconf 85' lang='grc' dir='ltr'>ἡ</span> <span class='ocrx_word' id='word_1_55' title='bbox 223 695 366 746; x_wconf 85' lang='grc' dir='ltr'>πορνεία</span> <span class='ocrx_word' id='word_1_56' title='bbox 393 697 430 732; x_wconf 83' lang='grc' dir='ltr'><strong>οὐ</strong></span> <span class='ocrx_word' id='word_1_57' title='bbox 452 695 593 733; x_wconf 87' lang='grc' dir='ltr'>δύναται</span> <span class='ocrx_word' id='word_1_58' title='bbox 619 689 704 733; x_wconf 64' lang='grc' dir='ltr'>εἶναι</span> <span class='ocrx_word' id='word_1_59' title='bbox 735 694 956 747; x_wconf 69' lang='grc' dir='ltr'>σωφροσύνη,</span> <span class='ocrx_word' id='word_1_60' title='bbox 983 694 1058 732; x_wconf 79' lang='grc' dir='ltr'>οὐδὲ</span> <span class='ocrx_word' id='word_1_61' title='bbox 1075 697 1096 739; x_wconf 87' lang='grc' dir='ltr'>ἡ</span> 
     </span>
     <span class='ocr_line' id='line_1_9' title="bbox 80 750 1097 807; baseline 0 -16"><span class='ocrx_word' id='word_1_62' title='bbox 80 755 186 792; x_wconf 83' lang='grc' dir='ltr'>κακία</span> <span class='ocrx_word' id='word_1_63' title='bbox 206 756 323 806; x_wconf 75' lang='grc' dir='ltr'>ἀρετή.</span> <span class='ocrx_word' id='word_1_64' title='bbox 342 754 460 807; x_wconf 78' lang='grc' dir='ltr'><strong>εὈπερ</strong></span> <span class='ocrx_word' id='word_1_65' title='bbox 480 750 536 793; x_wconf 61' lang='grc' dir='ltr'><strong>οὖν</strong></span> <span class='ocrx_word' id='word_1_66' title='bbox 555 755 613 792; x_wconf 81' lang='grc' dir='ltr'><strong>καὶ</strong></span> <span class='ocrx_word' id='word_1_67' title='bbox 633 757 666 793; x_wconf 81' lang='grc' dir='ltr'><strong>ἐν</strong></span> <span class='ocrx_word' id='word_1_68' title='bbox 684 757 734 806; x_wconf 81' lang='grc' dir='ltr'><strong>τῷ</strong></span> <span class='ocrx_word' id='word_1_69' title='bbox 753 755 956 805; x_wconf 81' lang='grc' dir='ltr'>Εὐαγγελίῳ</span> <span class='ocrx_word' id='word_1_70' title='bbox 975 754 1097 804; x_wconf 81' lang='grc' dir='ltr'>φησὶν,</span> 
     </span>
     <span class='ocr_line' id='line_1_10' title="bbox 81 813 1096 867; baseline -0.002 -15"><span class='ocrx_word' id='word_1_71' title='bbox 81 816 133 852; x_wconf 88' lang='grc' dir='ltr'><strong>Οὐ</strong></span> <span class='ocrx_word' id='word_1_72' title='bbox 156 814 298 852; x_wconf 84' lang='grc' dir='ltr'>δύναται</span> <span class='ocrx_word' id='word_1_73' title='bbox 317 815 454 867; x_wconf 79' lang='grc' dir='ltr'>δένδρον</span> <span class='ocrx_word' id='word_1_74' title='bbox 476 815 606 865; x_wconf 83' lang='grc' dir='ltr'>σαπρὸν</span> <span class='ocrx_word' id='word_1_75' title='bbox 637 813 790 865; x_wconf 81' lang='grc' dir='ltr'>καρποὺς</span> <span class='ocrx_word' id='word_1_76' title='bbox 818 813 942 857; x_wconf 78' lang='grc' dir='ltr'>καλοὺς</span> <span class='ocrx_word' id='word_1_77' title='bbox 972 819 1096 860; x_wconf 81' lang='grc' dir='ltr'>ποιεῖν,</span> 
     </span>
     <span class='ocr_line' id='line_1_11' title="bbox 81 873 1096 925; baseline -0.004 -12"><span class='ocrx_word' id='word_1_78' title='bbox 81 877 118 912; x_wconf 82' lang='grc' dir='ltr'><strong>οὐ</strong></span> <span class='ocrx_word' id='word_1_79' title='bbox 142 875 203 922; x_wconf 74' lang='grc' dir='ltr'><strong>τὴν</strong></span> <span class='ocrx_word' id='word_1_80' title='bbox 233 876 301 913; x_wconf 78' lang='grc' dir='ltr'>ἀπὸ</span> <span class='ocrx_word' id='word_1_81' title='bbox 326 876 451 918; x_wconf 86' lang='grc' dir='ltr'>κακίας</span> <span class='ocrx_word' id='word_1_82' title='bbox 482 877 529 918; x_wconf 85' lang='grc' dir='ltr'><strong>εἷς</strong></span> <span class='ocrx_word' id='word_1_83' title='bbox 559 874 683 925; x_wconf 78' lang='grc' dir='ltr'>ἀρετὴν</span> <span class='ocrx_word' id='word_1_84' title='bbox 715 873 911 923; x_wconf 62' lang='grc' dir='ltr'>μεταέολὴν</span> <span class='ocrx_word' id='word_1_85' title='bbox 941 873 1096 921; x_wconf 81' lang='grc' dir='ltr'>κωλύων,</span> 
     </span>
     <span class='ocr_line' id='line_1_12' title="bbox 81 932 1094 986; baseline -0.002 -15"><span class='ocrx_word' id='word_1_86' title='bbox 81 934 169 972; x_wconf 75' lang='grc' dir='ltr'>ἀλλὰ</span> <span class='ocrx_word' id='word_1_87' title='bbox 198 935 260 982; x_wconf 75' lang='grc' dir='ltr'><strong>τὴν</strong></span> <span class='ocrx_word' id='word_1_88' title='bbox 292 938 326 974; x_wconf 84' lang='grc' dir='ltr'><strong>ἐν</strong></span> <span class='ocrx_word' id='word_1_89' title='bbox 359 938 402 986; x_wconf 76' lang='grc' dir='ltr'><strong>τῇ</strong></span> <span class='ocrx_word' id='word_1_90' title='bbox 432 934 538 986; x_wconf 68' lang='grc' dir='ltr'>κακίᾳ</span> <span class='ocrx_word' id='word_1_91' title='bbox 558 933 738 983; x_wconf 69' lang='grc' dir='ltr'>διατριὸὴν</span> <span class='ocrx_word' id='word_1_92' title='bbox 759 933 869 983; x_wconf 84' lang='grc' dir='ltr'>λέγων</span> <span class='ocrx_word' id='word_1_93' title='bbox 910 933 957 982; x_wconf 80' lang='grc' dir='ltr'><strong>μὴ</strong></span> <span class='ocrx_word' id='word_1_94' title='bbox 992 932 1094 970; x_wconf 80' lang='grc' dir='ltr'>δύνα-</span> 
     </span>
    </p>
   </div>
   <div class='ocr_carea' id='block_1_3' title="bbox 974 251 1177 281">
    <p class='ocr_par' dir='ltr' id='par_1_3' title="bbox 974 251 1177 281">
     <span class='ocr_line' id='line_1_13' title="bbox 974 251 1177 281; baseline -0.005 0"><span class='ocrx_word' id='word_1_95' title='bbox 974 252 1033 281; x_wconf 75' lang='lat' dir='ltr'><strong>AD</strong></span> <span class='ocrx_word' id='word_1_96' title='bbox 1070 251 1159 280; x_wconf 79' lang='lat' dir='ltr'><strong>ROM</strong></span> <span class='ocrx_word' id='word_1_97' title='bbox 1169 271 1177 280; x_wconf 91' lang='lat'><strong>.</strong></span> 
     </span>
    </p>
   </div>
   <div class='ocr_carea' id='block_1_4' title="bbox 1109 968 1157 991">
    <p class='ocr_par' dir='ltr' id='par_1_4' title="bbox 1109 968 1157 991">
     <span class='ocr_line' id='line_1_14' title="bbox 1109 968 1157 991; baseline -0.021 0"><span class='ocrx_word' id='word_1_98' title='bbox 1109 968 1157 991; x_wconf 82' lang='lat'><strong>567</strong></span> 
     </span>
    </p>
   </div>
   <div class='ocr_carea' id='block_1_5' title="bbox 2061 234 2152 283">
    <p class='ocr_par' dir='ltr' id='par_1_5' title="bbox 2061 234 2152 283">
     <span class='ocr_line' id='line_1_15' title="bbox 2061 234 2152 283; baseline 0 -1"><span class='ocrx_word' id='word_1_99' title='bbox 2061 234 2152 283; x_wconf 76' lang='lat'><strong>625</strong></span> 
     </span>
    </p>
   </div>
   <div class='ocr_carea' id='block_1_6' title="bbox 1169 330 2157 744">
    <p class='ocr_par' dir='ltr' id='par_1_6' title="bbox 1169 330 2157 744">
     <span class='ocr_line' id='line_1_16' title="bbox 1171 330 2152 383; baseline 0.002 -15"><span class='ocrx_word' id='word_1_100' title='bbox 1171 344 1241 369; x_wconf 90' lang='lat' dir='ltr'><strong>non</strong></span> <span class='ocrx_word' id='word_1_101' title='bbox 1260 346 1360 383; x_wconf 89' lang='lat' dir='ltr'><strong>posse</strong></span> <span class='ocrx_word' id='word_1_102' title='bbox 1385 345 1477 381; x_wconf 87' lang='lat' dir='ltr'><strong>eum,</strong></span> <span class='ocrx_word' id='word_1_103' title='bbox 1502 331 1565 382; x_wconf 83' lang='lat' dir='ltr'><strong>qui</strong></span> <span class='ocrx_word' id='word_1_104' title='bbox 1585 331 1700 368; x_wconf 85' lang='lat' dir='ltr'><strong>malus</strong></span> <span class='ocrx_word' id='word_1_105' title='bbox 1717 330 1772 381; x_wconf 87' lang='lat' dir='ltr'><strong>sit,</strong></span> <span class='ocrx_word' id='word_1_106' title='bbox 1790 331 1869 369; x_wconf 84' lang='lat' dir='ltr'><strong>ficri</strong></span> <span class='ocrx_word' id='word_1_107' title='bbox 1886 331 2044 381; x_wconf 87' lang='lat' dir='ltr'><strong>bonum;</strong></span> <span class='ocrx_word' id='word_1_108' title='bbox 2075 331 2152 381; x_wconf 83' lang='lat' dir='ltr'><strong>sed,</strong></span> 
     </span>
     <span class='ocr_line' id='line_1_17' title="bbox 1172 391 2154 443; baseline 0.001 -14"><span class='ocrx_word' id='word_1_109' title='bbox 1172 391 1200 429; x_wconf 90' lang='lat' dir='ltr'><strong>si</strong></span> <span class='ocrx_word' id='word_1_110' title='bbox 1220 392 1335 428; x_wconf 89' lang='lat' dir='ltr'><strong>malus</strong></span> <span class='ocrx_word' id='word_1_111' title='bbox 1356 401 1506 441; x_wconf 87' lang='lat' dir='ltr'><strong>maneat,</strong></span> <span class='ocrx_word' id='word_1_112' title='bbox 1530 406 1598 429; x_wconf 92' lang='lat' dir='ltr'><strong>non</strong></span> <span class='ocrx_word' id='word_1_113' title='bbox 1625 405 1726 443; x_wconf 83' lang='lat' dir='ltr'><strong>posse</strong></span> <span class='ocrx_word' id='word_1_114' title='bbox 1750 392 1880 443; x_wconf 84' lang='lat' dir='ltr'><strong>subjici</strong></span> <span class='ocrx_word' id='word_1_115' title='bbox 1901 394 2001 442; x_wconf 73' lang='lat' dir='ltr'><strong>Dee,</strong></span> <span class='ocrx_word' id='word_1_116' title='bbox 2023 393 2052 430; x_wconf 88' lang='lat' dir='ltr'><strong>si</strong></span> <span class='ocrx_word' id='word_1_117' title='bbox 2070 406 2154 432; x_wconf 83' lang='lat' dir='ltr'><strong>vero</strong></span> 
     </span>
     <span class='ocr_line' id='line_1_18' title="bbox 1171 453 2152 505; baseline 0.002 -16"><span class='ocrx_word' id='word_1_118' title='bbox 1171 461 1342 501; x_wconf 80' lang='lat' dir='ltr'><strong>mutetur,</strong></span> <span class='ocrx_word' id='word_1_119' title='bbox 1369 454 1502 490; x_wconf 89' lang='lat' dir='ltr'><strong>bonum</strong></span> <span class='ocrx_word' id='word_1_120' title='bbox 1522 453 1602 490; x_wconf 84' lang='lat' dir='ltr'><strong>fieri</strong></span> <span class='ocrx_word' id='word_1_121' title='bbox 1626 462 1658 490; x_wconf 90' lang='lat' dir='ltr'><strong>et</strong></span> <span class='ocrx_word' id='word_1_122' title='bbox 1675 453 1802 505; x_wconf 87' lang='lat' dir='ltr'><strong>subjici</strong></span> <span class='ocrx_word' id='word_1_123' title='bbox 1821 455 1895 490; x_wconf 88' lang='lat' dir='ltr'><strong>Deo</strong></span> <span class='ocrx_word' id='word_1_124' title='bbox 1915 454 2019 491; x_wconf 84' lang='lat' dir='ltr'><strong>facile</strong></span> <span class='ocrx_word' id='word_1_125' title='bbox 2037 467 2152 505; x_wconf 86' lang='lat' dir='ltr'><strong>posse.</strong></span> 
     </span>
     <span class='ocr_line' id='line_1_19' title="bbox 1172 513 2156 566; baseline 0.001 -16"><span class='ocrx_word' id='word_1_126' title='bbox 1172 514 1251 550; x_wconf 87' lang='lat' dir='ltr'><strong>Non</strong></span> <span class='ocrx_word' id='word_1_127' title='bbox 1276 513 1368 550; x_wconf 87' lang='lat' dir='ltr'><strong>enim</strong></span> <span class='ocrx_word' id='word_1_128' title='bbox 1389 513 1477 551; x_wconf 91' lang='lat' dir='ltr'><strong>dicit</strong></span> <span class='ocrx_word' id='word_1_129' title='bbox 1495 514 1676 551; x_wconf 87' lang='lat' dir='ltr'><strong>hominem</strong></span> <span class='ocrx_word' id='word_1_130' title='bbox 1694 528 1764 551; x_wconf 90' lang='lat' dir='ltr'><strong>non</strong></span> <span class='ocrx_word' id='word_1_131' title='bbox 1785 528 1888 566; x_wconf 89' lang='lat' dir='ltr'><strong>posse</strong></span> <span class='ocrx_word' id='word_1_132' title='bbox 1910 515 2039 566; x_wconf 84' lang='lat' dir='ltr'><strong>subjici</strong></span> <span class='ocrx_word' id='word_1_133' title='bbox 2060 516 2156 563; x_wconf 84' lang='lat' dir='ltr'><strong>Deo;</strong></span> 
     </span>
     <span class='ocr_line' id='line_1_20' title="bbox 1170 572 2156 625; baseline 0.003 -16"><span class='ocrx_word' id='word_1_134' title='bbox 1170 572 1233 609; x_wconf 89' lang='lat' dir='ltr'><strong>sed</strong></span> <span class='ocrx_word' id='word_1_135' title='bbox 1249 573 1381 610; x_wconf 88' lang='lat' dir='ltr'><strong>malum</strong></span> <span class='ocrx_word' id='word_1_136' title='bbox 1401 587 1491 624; x_wconf 88' lang='lat' dir='ltr'><strong>opus</strong></span> <span class='ocrx_word' id='word_1_137' title='bbox 1513 587 1580 610; x_wconf 91' lang='lat' dir='ltr'><strong>non</strong></span> <span class='ocrx_word' id='word_1_138' title='bbox 1601 588 1702 625; x_wconf 88' lang='lat' dir='ltr'><strong>posse</strong></span> <span class='ocrx_word' id='word_1_139' title='bbox 1721 574 1856 621; x_wconf 71' lang='lat' dir='ltr'><strong>bonum</strong></span> <span class='ocrx_word' id='word_1_140' title='bbox 1876 588 1962 623; x_wconf 86' lang='lat' dir='ltr'><strong>esse,</strong></span> <span class='ocrx_word' id='word_1_141' title='bbox 1987 588 2028 612; x_wconf 89' lang='lat' dir='ltr'><strong>ac</strong></span> <span class='ocrx_word' id='word_1_142' title='bbox 2049 574 2078 611; x_wconf 89' lang='lat' dir='ltr'><strong>si</strong></span> <span class='ocrx_word' id='word_1_143' title='bbox 2098 574 2156 611; x_wconf 90' lang='lat' dir='ltr'><strong>di-</strong></span> 
     </span>
     <span class='ocr_line' id='line_1_21' title="bbox 1170 633 2157 685; baseline 0.003 -16"><span class='ocrx_word' id='word_1_144' title='bbox 1170 642 1275 683; x_wconf 84' lang='lat' dir='ltr'><strong>ceret,</strong></span> <span class='ocrx_word' id='word_1_145' title='bbox 1305 633 1504 671; x_wconf 80' lang='lat' dir='ltr'>Fornicatio</span> <span class='ocrx_word' id='word_1_146' title='bbox 1531 648 1600 671; x_wconf 93' lang='lat' dir='ltr'><strong>non</strong></span> <span class='ocrx_word' id='word_1_147' title='bbox 1628 643 1740 685; x_wconf 87' lang='lat' dir='ltr'><strong>potest</strong></span> <span class='ocrx_word' id='word_1_148' title='bbox 1765 648 1838 671; x_wconf 86' lang='lat' dir='ltr'><strong>esse</strong></span> <span class='ocrx_word' id='word_1_149' title='bbox 1867 634 2020 681; x_wconf 85' lang='lat' dir='ltr'><strong>castitas,</strong></span> <span class='ocrx_word' id='word_1_150' title='bbox 2046 648 2157 685; x_wconf 87' lang='lat' dir='ltr'><strong>neque</strong></span> 
     </span>
     <span class='ocr_line' id='line_1_22' title="bbox 1169 692 2152 744; baseline 0.003 -16"><span class='ocrx_word' id='word_1_151' title='bbox 1169 692 1303 729; x_wconf 86' lang='lat' dir='ltr'><strong>malitia</strong></span> <span class='ocrx_word' id='word_1_152' title='bbox 1322 692 1449 731; x_wconf 75' lang='lat' dir='ltr'><strong>virtus.</strong></span> <span class='ocrx_word' id='word_1_153' title='bbox 1471 693 1583 740; x_wconf 87' lang='lat' dir='ltr'><strong>Quod</strong></span> <span class='ocrx_word' id='word_1_154' title='bbox 1603 694 1708 731; x_wconf 91' lang='lat' dir='ltr'><strong>etiam</strong></span> <span class='ocrx_word' id='word_1_155' title='bbox 1728 694 1765 730; x_wconf 91' lang='lat' dir='ltr'><strong>in</strong></span> <span class='ocrx_word' id='word_1_156' title='bbox 1783 693 1982 744; x_wconf 67' lang='lat' dir='ltr'><strong>Evangelio</strong></span> <span class='ocrx_word' id='word_1_157' title='bbox 2000 694 2152 732; x_wconf 74' lang='lat' dir='ltr'><strong>diciturt</strong></span> 
     </span>
    </p>
   </div>
   <div class='ocr_carea' id='block_1_7' title="bbox 1217 251 1506 282">
    <p class='ocr_par' dir='ltr' id='par_1_7' title="bbox 1217 251 1506 282">
     <span class='ocr_line' id='line_1_23' title="bbox 1217 251 1506 282; baseline 0.007 -2"><span class='ocrx_word' id='word_1_158' title='bbox 1217 251 1372 282; x_wconf 85' lang='lat' dir='ltr'><strong>HOMIL.</strong></span> <span class='ocrx_word' id='word_1_159' title='bbox 1411 252 1506 282; x_wconf 78' lang='lat' dir='ltr'><strong>xm.</strong></span> 
     </span>
    </p>
   </div>
   <div class='ocr_carea' id='block_1_8' title="bbox 1169 752 2335 861">
    <p class='ocr_par' dir='ltr' id='par_1_8' title="bbox 1169 752 2335 861">
     <span class='ocr_line' id='line_1_24' title="bbox 1201 752 2321 823; baseline 0.005 -36"><span class='ocrx_word' id='word_1_160' title='bbox 1201 752 1258 787; x_wconf 56' lang='lat' dir='ltr'><strong>*on</strong></span> <span class='ocrx_word' id='word_1_161' title='bbox 1274 760 1399 802; x_wconf 79' lang='lat' dir='ltr'><strong>potest</strong></span> <span class='ocrx_word' id='word_1_162' title='bbox 1424 754 1542 788; x_wconf 78' lang='lat' dir='ltr'><strong>arbor</strong></span> <span class='ocrx_word' id='word_1_163' title='bbox 1563 753 1841 804; x_wconf 80' lang='lat' dir='ltr'><strong>malasructus</strong></span> <span class='ocrx_word' id='word_1_164' title='bbox 1862 756 1980 791; x_wconf 82' lang='lat' dir='ltr'><strong>bonos</strong></span> <span class='ocrx_word' id='word_1_165' title='bbox 1993 755 2153 805; x_wconf 84' lang='lat' dir='ltr'><strong>facere;</strong></span> <span class='ocrx_word' id='word_1_166' title='bbox 2168 786 2270 815; x_wconf 68' lang='lat' dir='ltr'><strong>March</strong></span> <span class='ocrx_word' id='word_1_167' title='bbox 2305 794 2321 823; x_wconf 73' lang='lat'><em>7</em></span> 
     </span>
     <span class='ocr_line' id='line_1_25' title="bbox 1169 807 2335 861; baseline 0.007 -14"><span class='ocrx_word' id='word_1_168' title='bbox 1169 810 1358 847; x_wconf 79' lang='lat' dir='ltr'><strong>transitum</strong></span> <span class='ocrx_word' id='word_1_169' title='bbox 1384 820 1417 848; x_wconf 90' lang='lat' dir='ltr'><strong>et</strong></span> <span class='ocrx_word' id='word_1_170' title='bbox 1444 810 1677 848; x_wconf 80' lang='lat' dir='ltr'>mutationem</span> <span class='ocrx_word' id='word_1_171' title='bbox 1700 826 1721 848; x_wconf 88' lang='lat' dir='ltr'><strong>a</strong></span> <span class='ocrx_word' id='word_1_172' title='bbox 1750 813 1907 861; x_wconf 73' lang='lat' dir='ltr'><strong>nequ³tia</strong></span> <span class='ocrx_word' id='word_1_173' title='bbox 1927 813 1962 849; x_wconf 92' lang='lat' dir='ltr'><strong>in</strong></span> <span class='ocrx_word' id='word_1_174' title='bbox 1984 814 2154 852; x_wconf 68' lang='lat' dir='ltr'><strong>virtutem</strong></span> <span class='ocrx_word' id='word_1_175' title='bbox 2172 826 2220 856; x_wconf 90' lang='lat'><strong>18.</strong></span> <span class='ocrx_word' id='word_1_176' title='bbox 2276 808 2282 813; x_wconf 43' lang='lat'>¹</span> <span class='ocrx_word' id='word_1_177' title='bbox 2327 807 2335 814; x_wconf 49' lang='lat'><em>⁶</em></span> 
     </span>
    </p>
   </div>
   <div class='ocr_carea' id='block_1_9' title="bbox 1168 871 2157 983">
    <p class='ocr_par' dir='ltr' id='par_1_9' title="bbox 1168 871 2157 983">
     <span class='ocr_line' id='line_1_26' title="bbox 1169 871 2156 925; baseline 0.004 -16"><span class='ocrx_word' id='word_1_178' title='bbox 1169 885 1238 909; x_wconf 89' lang='lat' dir='ltr'><strong>non</strong></span> <span class='ocrx_word' id='word_1_179' title='bbox 1268 871 1448 920; x_wconf 81' lang='lat' dir='ltr'><strong>cohibens,</strong></span> <span class='ocrx_word' id='word_1_180' title='bbox 1483 872 1543 909; x_wconf 89' lang='lat' dir='ltr'><strong>sed</strong></span> <span class='ocrx_word' id='word_1_181' title='bbox 1561 872 1683 910; x_wconf 86' lang='lat' dir='ltr'><strong>dicens</strong></span> <span class='ocrx_word' id='word_1_182' title='bbox 1705 873 1739 909; x_wconf 86' lang='lat' dir='ltr'><strong>in</strong></span> <span class='ocrx_word' id='word_1_183' title='bbox 1767 874 1902 911; x_wconf 90' lang='lat' dir='ltr'><strong>malitia</strong></span> <span class='ocrx_word' id='word_1_184' title='bbox 1927 889 2156 925; x_wconf 76' lang='lat' dir='ltr'><strong>perseveran—</strong></span> 
     </span>
     <span class='ocr_line' id='line_1_27' title="bbox 1168 932 2157 983; baseline 0.005 -15"><span class='ocrx_word' id='word_1_185' title='bbox 1168 940 1239 968; x_wconf 87' lang='lat' dir='ltr'><strong>tem</strong></span> <span class='ocrx_word' id='word_1_186' title='bbox 1252 945 1322 969; x_wconf 92' lang='lat' dir='ltr'><strong>non</strong></span> <span class='ocrx_word' id='word_1_187' title='bbox 1339 946 1441 983; x_wconf 88' lang='lat' dir='ltr'><strong>posse</strong></span> <span class='ocrx_word' id='word_1_188' title='bbox 1459 932 1571 968; x_wconf 88' lang='lat' dir='ltr'><strong>bonos</strong></span> <span class='ocrx_word' id='word_1_189' title='bbox 1583 932 1674 969; x_wconf 89' lang='lat' dir='ltr'><strong>ferre</strong></span> <span class='ocrx_word' id='word_1_190' title='bbox 1688 933 1835 970; x_wconf 86' lang='lat' dir='ltr'><strong>fructus.</strong></span> <span class='ocrx_word' id='word_1_191' title='bbox 1847 935 1926 971; x_wconf 89' lang='lat' dir='ltr'><strong>Non</strong></span> <span class='ocrx_word' id='word_1_192' title='bbox 1939 935 2032 972; x_wconf 86' lang='lat' dir='ltr'><strong>enim</strong></span> <span class='ocrx_word' id='word_1_193' title='bbox 2047 935 2157 982; x_wconf 81' lang='lat' dir='ltr'><strong>djxit,</strong></span> 
     </span>
    </p>
   </div>
   <div class='ocr_carea' id='block_1_10' title="bbox 80 987 2156 1047">
    <p class='ocr_par' dir='ltr' id='par_1_10' title="bbox 80 987 2156 1047">
     <span class='ocr_line' id='line_1_28' title="bbox 80 987 2156 1047; baseline 0.001 -16"><span class='ocrx_word' id='word_1_194' title='bbox 80 998 157 1031; x_wconf 80' lang='grc' dir='ltr'>σθαι</span> <span class='ocrx_word' id='word_1_195' title='bbox 180 996 290 1047; x_wconf 67' lang='grc' dir='ltr'>φέρειν</span> <span class='ocrx_word' id='word_1_196' title='bbox 311 994 464 1047; x_wconf 77' lang='grc' dir='ltr'>καρποὺς</span> <span class='ocrx_word' id='word_1_197' title='bbox 482 993 617 1035; x_wconf 83' lang='grc' dir='ltr'>καλούς.</span> <span class='ocrx_word' id='word_1_198' title='bbox 640 994 692 1030; x_wconf 76' lang='grc' dir='ltr'><strong>Οὐ</strong></span> <span class='ocrx_word' id='word_1_199' title='bbox 709 992 775 1043; x_wconf 80' lang='grc' dir='ltr'><strong>γὰρ</strong></span> <span class='ocrx_word' id='word_1_200' title='bbox 795 987 911 1039; x_wconf 68' lang='grc' dir='ltr'>εἶπεν,</span> <span class='ocrx_word' id='word_1_201' title='bbox 931 993 968 1029; x_wconf 83' lang='grc' dir='ltr'><strong>οὐ</strong></span> <span class='ocrx_word' id='word_1_202' title='bbox 990 991 1094 1028; x_wconf 87' lang='grc' dir='ltr'>δύνα-</span> <span class='ocrx_word' id='word_1_203' title='bbox 1121 1006 1148 1032; x_wconf 89' lang='lat' dir='ltr'>A</span> <span class='ocrx_word' id='word_1_204' title='bbox 1168 993 1246 1029; x_wconf 88' lang='lat' dir='ltr'><strong>Non</strong></span> <span class='ocrx_word' id='word_1_205' title='bbox 1265 1002 1381 1043; x_wconf 89' lang='lat' dir='ltr'><strong>potest</strong></span> <span class='ocrx_word' id='word_1_206' title='bbox 1401 992 1507 1029; x_wconf 88' lang='lat' dir='ltr'><strong>arbor</strong></span> <span class='ocrx_word' id='word_1_207' title='bbox 1529 993 1623 1030; x_wconf 89' lang='lat' dir='ltr'><strong>mala</strong></span> <span class='ocrx_word' id='word_1_208' title='bbox 1641 992 1733 1030; x_wconf 84' lang='lat' dir='ltr'><strong>hona</strong></span> <span class='ocrx_word' id='word_1_209' title='bbox 1753 993 1846 1042; x_wconf 86' lang='lat' dir='ltr'><strong>fieri,</strong></span> <span class='ocrx_word' id='word_1_210' title='bbox 1868 994 1942 1042; x_wconf 88' lang='lat' dir='ltr'><strong>sed,</strong></span> <span class='ocrx_word' id='word_1_211' title='bbox 1956 996 2054 1033; x_wconf 89' lang='lat' dir='ltr'><strong>Mala</strong></span> <span class='ocrx_word' id='word_1_212' title='bbox 2075 1011 2156 1034; x_wconf 83' lang='lat' dir='ltr'><strong>ma-</strong></span> 
     </span>
    </p>
   </div>
   <div class='ocr_carea' id='block_1_11' title="bbox 67 1051 1094 3216">
    <p class='ocr_par' dir='ltr' id='par_1_11' title="bbox 70 1051 1094 2430">
     <span class='ocr_line' id='line_1_29' title="bbox 78 1051 1093 1105; baseline -0.002 -15"><span class='ocrx_word' id='word_1_213' title='bbox 78 1069 135 1091; x_wconf 86' lang='grc' dir='ltr'><strong>ται</strong></span> <span class='ocrx_word' id='word_1_214' title='bbox 152 1054 287 1105; x_wconf 80' lang='grc' dir='ltr'>δένδρον</span> <span class='ocrx_word' id='word_1_215' title='bbox 306 1053 455 1104; x_wconf 76' lang='grc' dir='ltr'>πονηρὸν</span> <span class='ocrx_word' id='word_1_216' title='bbox 480 1053 585 1090; x_wconf 83' lang='grc' dir='ltr'>καλὸν</span> <span class='ocrx_word' id='word_1_217' title='bbox 605 1052 777 1103; x_wconf 82' lang='grc' dir='ltr'>γενέσθαι,</span> <span class='ocrx_word' id='word_1_218' title='bbox 799 1053 876 1088; x_wconf 86' lang='grc' dir='ltr'>ἀλλ’</span> <span class='ocrx_word' id='word_1_219' title='bbox 906 1051 960 1089; x_wconf 73' lang='grc' dir='ltr'><strong>ὅτι</strong></span> <span class='ocrx_word' id='word_1_220' title='bbox 980 1051 1093 1103; x_wconf 78' lang='grc' dir='ltr'>φέρειν</span> 
     </span>
     <span class='ocr_line' id='line_1_30' title="bbox 78 1110 1093 1164; baseline -0.002 -14"><span class='ocrx_word' id='word_1_221' title='bbox 78 1113 228 1164; x_wconf 78' lang='grc' dir='ltr'>καρποὺς</span> <span class='ocrx_word' id='word_1_222' title='bbox 256 1112 390 1156; x_wconf 78' lang='grc' dir='ltr'>καλοὺς</span> <span class='ocrx_word' id='word_1_223' title='bbox 401 1115 438 1150; x_wconf 81' lang='grc' dir='ltr'><strong>οὐ</strong></span> <span class='ocrx_word' id='word_1_224' title='bbox 463 1111 606 1149; x_wconf 85' lang='grc' dir='ltr'>δύναται</span> <span class='ocrx_word' id='word_1_225' title='bbox 632 1111 732 1162; x_wconf 83' lang='grc' dir='ltr'>μένον</span> <span class='ocrx_word' id='word_1_226' title='bbox 755 1112 903 1162; x_wconf 87' lang='grc' dir='ltr'>πονηρόν</span> <span class='ocrx_word' id='word_1_227' title='bbox 918 1127 925 1134; x_wconf 90' lang='grc'><em>·</em></span> <span class='ocrx_word' id='word_1_228' title='bbox 947 1111 1021 1149; x_wconf 78' lang='grc' dir='ltr'>ἐπεὶ</span> <span class='ocrx_word' id='word_1_229' title='bbox 1040 1110 1093 1149; x_wconf 79' lang='grc' dir='ltr'><strong>ὅτι</strong></span> 
     </span>
     <span class='ocr_line' id='line_1_31' title="bbox 76 1170 1094 1223; baseline -0.003 -13"><span class='ocrx_word' id='word_1_230' title='bbox 76 1189 115 1223; x_wconf 89' lang='grc' dir='ltr'><strong>γε</strong></span> <span class='ocrx_word' id='word_1_231' title='bbox 134 1173 275 1211; x_wconf 80' lang='grc' dir='ltr'>δυνατὸν</span> <span class='ocrx_word' id='word_1_232' title='bbox 294 1173 572 1223; x_wconf 68' lang='grc' dir='ltr'>μεταὸληθῆναι,</span> <span class='ocrx_word' id='word_1_233' title='bbox 592 1171 652 1209; x_wconf 82' lang='grc' dir='ltr'><strong>καὶ</strong></span> <span class='ocrx_word' id='word_1_234' title='bbox 668 1174 821 1209; x_wconf 74' lang='grc' dir='ltr'>ἐντεῦθεν</span> <span class='ocrx_word' id='word_1_235' title='bbox 838 1172 897 1209; x_wconf 85' lang='grc' dir='ltr'><strong>καὶ</strong></span> <span class='ocrx_word' id='word_1_236' title='bbox 927 1170 961 1215; x_wconf 81' lang='grc' dir='ltr'><strong>ἐξ</strong></span> <span class='ocrx_word' id='word_1_237' title='bbox 985 1171 1094 1218; x_wconf 79' lang='grc' dir='ltr'>ἄλλης</span> 
     </span>
     <span class='ocr_line' id='line_1_32' title="bbox 76 1231 1094 1284; baseline -0.002 -14"><span class='ocrx_word' id='word_1_238' title='bbox 76 1232 181 1276; x_wconf 84' lang='grc' dir='ltr'>ἔδειξε</span> <span class='ocrx_word' id='word_1_239' title='bbox 199 1237 298 1270; x_wconf 73' lang='grc' dir='ltr'>τοῦτο</span> <span class='ocrx_word' id='word_1_240' title='bbox 315 1232 536 1283; x_wconf 65' lang='grc' dir='ltr'>παραδολῆς,</span> <span class='ocrx_word' id='word_1_241' title='bbox 557 1231 660 1269; x_wconf 51' lang='grc' dir='ltr'>θὸταν</span> <span class='ocrx_word' id='word_1_242' title='bbox 682 1232 803 1284; x_wconf 83' lang='grc' dir='ltr'>εἰσάγῃ</span> <span class='ocrx_word' id='word_1_243' title='bbox 824 1231 868 1269; x_wconf 73' lang='grc' dir='ltr'><strong>τὰ</strong></span> <span class='ocrx_word' id='word_1_244' title='bbox 885 1231 1018 1275; x_wconf 87' lang='grc' dir='ltr'>ζιζάνια</span> <span class='ocrx_word' id='word_1_245' title='bbox 1039 1237 1094 1268; x_wconf 83' lang='grc' dir='ltr'><strong>σῖ-</strong></span> 
     </span>
     <span class='ocr_line' id='line_1_33' title="bbox 77 1290 1092 1343; baseline -0.001 -14"><span class='ocrx_word' id='word_1_246' title='bbox 77 1307 133 1329; x_wconf 91' lang='grc' dir='ltr'><strong>τον</strong></span> <span class='ocrx_word' id='word_1_247' title='bbox 160 1292 333 1343; x_wconf 87' lang='grc' dir='ltr'>γινόμενα·</span> <span class='ocrx_word' id='word_1_248' title='bbox 360 1292 411 1329; x_wconf 80' lang='grc' dir='ltr'><strong>διὸ</strong></span> <span class='ocrx_word' id='word_1_249' title='bbox 437 1292 496 1329; x_wconf 82' lang='grc' dir='ltr'><strong>καὶ</strong></span> <span class='ocrx_word' id='word_1_250' title='bbox 526 1292 713 1342; x_wconf 76' lang='grc' dir='ltr'>ἓκριζῶσαι</span> <span class='ocrx_word' id='word_1_251' title='bbox 741 1291 829 1329; x_wconf 74' lang='grc' dir='ltr'>αὐτὰ</span> <span class='ocrx_word' id='word_1_252' title='bbox 857 1292 1007 1329; x_wconf 84' lang='grc' dir='ltr'>κωλύει·</span> <span class='ocrx_word' id='word_1_253' title='bbox 1029 1290 1092 1336; x_wconf 83' lang='grc' dir='ltr'><strong>Μή</strong></span> 
     </span>
     <span class='ocr_line' id='line_1_34' title="bbox 76 1351 1092 1404; baseline -0.001 -14"><span class='ocrx_word' id='word_1_254' title='bbox 76 1369 159 1390; x_wconf 84' lang='grc' dir='ltr'>ποτε</span> <span class='ocrx_word' id='word_1_255' title='bbox 179 1352 245 1404; x_wconf 80' lang='grc' dir='ltr'><strong>γὰρ</strong></span> <span class='ocrx_word' id='word_1_256' title='bbox 258 1383 267 1399; x_wconf 90' lang='grc'>,</span> <span class='ocrx_word' id='word_1_257' title='bbox 288 1352 371 1404; x_wconf 70' lang='grc' dir='ltr'>φησὶ</span> <span class='ocrx_word' id='word_1_258' title='bbox 384 1383 394 1400; x_wconf 93' lang='grc'>,</span> <span class='ocrx_word' id='word_1_259' title='bbox 414 1351 474 1390; x_wconf 77' lang='grc' dir='ltr'><strong>σὺν</strong></span> <span class='ocrx_word' id='word_1_260' title='bbox 495 1353 609 1394; x_wconf 79' lang='grc' dir='ltr'>αὐτοῖς</span> <span class='ocrx_word' id='word_1_261' title='bbox 629 1351 854 1398; x_wconf 83' lang='grc' dir='ltr'>ἀνασπάσητε</span> <span class='ocrx_word' id='word_1_262' title='bbox 876 1352 935 1390; x_wconf 78' lang='grc' dir='ltr'><strong>καὶ</strong></span> <span class='ocrx_word' id='word_1_263' title='bbox 955 1352 1012 1389; x_wconf 84' lang='grc' dir='ltr'><strong>τὸν</strong></span> <span class='ocrx_word' id='word_1_264' title='bbox 1042 1358 1092 1389; x_wconf 87' lang='grc' dir='ltr'><strong>σῖ-</strong></span> 
     </span>
     <span class='ocr_line' id='line_1_35' title="bbox 70 1412 1091 1464; baseline -0.002 -13"><span class='ocrx_word' id='word_1_265' title='bbox 70 1430 132 1452; x_wconf 81' lang='grc' dir='ltr'>·τον</span> <span class='ocrx_word' id='word_1_266' title='bbox 163 1429 170 1436; x_wconf 92' lang='grc'>·</span> <span class='ocrx_word' id='word_1_267' title='bbox 198 1413 374 1459; x_wconf 82' lang='grc' dir='ltr'>τουτέστι,</span> <span class='ocrx_word' id='word_1_268' title='bbox 408 1412 491 1450; x_wconf 78' lang='grc' dir='ltr'><strong>1’τὸν</strong></span> <span class='ocrx_word' id='word_1_269' title='bbox 521 1412 691 1460; x_wconf 82' lang='grc' dir='ltr'>μέλλοντα</span> <span class='ocrx_word' id='word_1_270' title='bbox 725 1412 879 1464; x_wconf 81' lang='grc' dir='ltr'>γίνεσθαι</span> <span class='ocrx_word' id='word_1_271' title='bbox 908 1413 940 1457; x_wconf 79' lang='grc' dir='ltr'><strong>ἐξ</strong></span> <span class='ocrx_word' id='word_1_272' title='bbox 968 1415 1091 1450; x_wconf 75' lang='grc' dir='ltr'>αὐτῶν.</span> 
     </span>
     <span class='ocr_line' id='line_1_36' title="bbox 76 1472 1091 1526; baseline -0.001 -15"><span class='ocrx_word' id='word_1_273' title='bbox 76 1473 250 1526; x_wconf 81' lang='grc' dir='ltr'>Φρόνημα</span> <span class='ocrx_word' id='word_1_274' title='bbox 270 1472 383 1511; x_wconf 84' lang='grc' dir='ltr'>τοίνυν</span> <span class='ocrx_word' id='word_1_275' title='bbox 404 1472 531 1525; x_wconf 77' lang='grc' dir='ltr'>σαρκὸς</span> <span class='ocrx_word' id='word_1_276' title='bbox 549 1472 611 1518; x_wconf 78' lang='grc' dir='ltr'><strong>τὴν</strong></span> <span class='ocrx_word' id='word_1_277' title='bbox 640 1472 765 1510; x_wconf 87' lang='grc' dir='ltr'>κακίαν</span> <span class='ocrx_word' id='word_1_278' title='bbox 787 1472 890 1524; x_wconf 72' lang='grc' dir='ltr'>φησὶ,</span> <span class='ocrx_word' id='word_1_279' title='bbox 916 1473 976 1510; x_wconf 85' lang='grc' dir='ltr'><strong>καὶ</strong></span> <span class='ocrx_word' id='word_1_280' title='bbox 1005 1473 1091 1524; x_wconf 76' lang='grc' dir='ltr'>φρό-</span> 
     </span>
     <span class='ocr_line' id='line_1_37' title="bbox 75 1532 1091 1586; baseline -0.002 -15"><span class='ocrx_word' id='word_1_281' title='bbox 75 1550 171 1583; x_wconf 82' lang='grc' dir='ltr'>νημα</span> <span class='ocrx_word' id='word_1_282' title='bbox 196 1534 390 1584; x_wconf 82' lang='grc' dir='ltr'>πνεύματος</span> <span class='ocrx_word' id='word_1_283' title='bbox 417 1534 478 1578; x_wconf 74' lang='grc' dir='ltr'><strong>τὴν</strong></span> <span class='ocrx_word' id='word_1_284' title='bbox 499 1533 601 1586; x_wconf 78' lang='grc' dir='ltr'>χάριν</span> <span class='ocrx_word' id='word_1_285' title='bbox 632 1532 694 1579; x_wconf 75' lang='grc' dir='ltr'><strong>τὴν</strong></span> <span class='ocrx_word' id='word_1_286' title='bbox 725 1532 908 1583; x_wconf 80' lang='grc' dir='ltr'>δεδομένην</span> <span class='ocrx_word' id='word_1_287' title='bbox 937 1533 996 1570; x_wconf 78' lang='grc' dir='ltr'><strong>καὶ</strong></span> <span class='ocrx_word' id='word_1_288' title='bbox 1028 1532 1091 1578; x_wconf 73' lang='grc' dir='ltr'><strong>τὴν</strong></span> 
     </span>
     <span class='ocr_line' id='line_1_38' title="bbox 77 1593 1092 1646; baseline -0.002 -15"><span class='ocrx_word' id='word_1_289' title='bbox 77 1594 248 1646; x_wconf 76' lang='grc' dir='ltr'>ἐνέργειαν</span> <span class='ocrx_word' id='word_1_290' title='bbox 269 1594 331 1640; x_wconf 76' lang='grc' dir='ltr'><strong>τὴν</strong></span> <span class='ocrx_word' id='word_1_291' title='bbox 351 1597 393 1645; x_wconf 79' lang='grc' dir='ltr'><strong>τῇ</strong></span> <span class='ocrx_word' id='word_1_292' title='bbox 418 1593 618 1645; x_wconf 77' lang='grc' dir='ltr'>προαιρέσει</span> <span class='ocrx_word' id='word_1_293' title='bbox 642 1593 846 1644; x_wconf 84' lang='grc' dir='ltr'>κρινομένην</span> <span class='ocrx_word' id='word_1_294' title='bbox 867 1595 910 1643; x_wconf 75' lang='grc' dir='ltr'><strong>τῇ</strong></span> <span class='ocrx_word' id='word_1_295' title='bbox 931 1596 1068 1644; x_wconf 70' lang='grc' dir='ltr'>χρηστῇ</span> <span class='ocrx_word' id='word_1_296' title='bbox 1082 1622 1092 1639; x_wconf 92' lang='grc'>,</span> 
     </span>
     <span class='ocr_line' id='line_1_39' title="bbox 77 1652 1092 1705; baseline -0.003 -13"><span class='ocrx_word' id='word_1_297' title='bbox 77 1655 226 1704; x_wconf 75' lang='grc' dir='ltr'>οὐδαμοῦ</span> <span class='ocrx_word' id='word_1_298' title='bbox 255 1654 334 1705; x_wconf 81' lang='grc' dir='ltr'>περὶ</span> <span class='ocrx_word' id='word_1_299' title='bbox 365 1653 585 1695; x_wconf 77' lang='grc' dir='ltr'>ὓποστάσεως</span> <span class='ocrx_word' id='word_1_300' title='bbox 617 1653 675 1690; x_wconf 82' lang='grc' dir='ltr'><strong>καὶ</strong></span> <span class='ocrx_word' id='word_1_301' title='bbox 705 1652 822 1695; x_wconf 84' lang='grc' dir='ltr'>οὐσίας</span> <span class='ocrx_word' id='word_1_302' title='bbox 853 1652 1092 1703; x_wconf 82' lang='grc' dir='ltr'>διαλεγόμενος</span> 
     </span>
     <span class='ocr_line' id='line_1_40' title="bbox 75 1713 1092 1765; baseline -0.001 -14"><span class='ocrx_word' id='word_1_303' title='bbox 75 1716 242 1761; x_wconf 76' lang='grc' dir='ltr'>ἐνταῦθα,</span> <span class='ocrx_word' id='word_1_304' title='bbox 272 1715 360 1752; x_wconf 87' lang='grc' dir='ltr'>ἀλλὰ</span> <span class='ocrx_word' id='word_1_305' title='bbox 381 1714 458 1765; x_wconf 79' lang='grc' dir='ltr'>περὶ</span> <span class='ocrx_word' id='word_1_306' title='bbox 491 1716 616 1765; x_wconf 75' lang='grc' dir='ltr'>ἀρετῆς</span> <span class='ocrx_word' id='word_1_307' title='bbox 645 1713 704 1751; x_wconf 76' lang='grc' dir='ltr'><strong>καὶ</strong></span> <span class='ocrx_word' id='word_1_308' title='bbox 725 1713 859 1757; x_wconf 85' lang='grc' dir='ltr'>κακίας.</span> <span class='ocrx_word' id='word_1_309' title='bbox 878 1713 995 1764; x_wconf 73' lang='grc' dir='ltr'><strong>εὈπερ</strong></span> <span class='ocrx_word' id='word_1_310' title='bbox 1025 1713 1092 1765; x_wconf 81' lang='grc' dir='ltr'><strong>γὰρ</strong></span> 
     </span>
     <span class='ocr_line' id='line_1_41' title="bbox 75 1774 1091 1827; baseline 0 -14"><span class='ocrx_word' id='word_1_311' title='bbox 75 1777 136 1813; x_wconf 84' lang='grc' dir='ltr'><strong>οὐκ</strong></span> <span class='ocrx_word' id='word_1_312' title='bbox 163 1775 307 1827; x_wconf 67' lang='grc' dir='ltr'>ἴσχυσας</span> <span class='ocrx_word' id='word_1_313' title='bbox 328 1777 361 1813; x_wconf 79' lang='grc' dir='ltr'><strong>ἐν</strong></span> <span class='ocrx_word' id='word_1_314' title='bbox 392 1777 441 1826; x_wconf 83' lang='grc' dir='ltr'><strong>τῷ</strong></span> <span class='ocrx_word' id='word_1_315' title='bbox 473 1774 589 1826; x_wconf 81' lang='grc' dir='ltr'>νόμῳ,</span> <span class='ocrx_word' id='word_1_316' title='bbox 610 1774 714 1827; x_wconf 75' lang='grc' dir='ltr'>φησὶ,</span> <span class='ocrx_word' id='word_1_317' title='bbox 743 1779 842 1813; x_wconf 73' lang='grc' dir='ltr'>τοῦτο</span> <span class='ocrx_word' id='word_1_318' title='bbox 869 1774 999 1825; x_wconf 79' lang='grc' dir='ltr'>δυνήσῃ</span> <span class='ocrx_word' id='word_1_319' title='bbox 1021 1780 1091 1821; x_wconf 76' lang='grc' dir='ltr'>νῦν,</span> 
     </span>
     <span class='ocr_line' id='line_1_42' title="bbox 74 1834 1092 1886; baseline 0 -14"><span class='ocrx_word' id='word_1_320' title='bbox 74 1834 157 1886; x_wconf 75' lang='grc' dir='ltr'>ὀρθὰ</span> <span class='ocrx_word' id='word_1_321' title='bbox 179 1835 327 1885; x_wconf 78' lang='grc' dir='ltr'>βαδίζειν</span> <span class='ocrx_word' id='word_1_322' title='bbox 344 1835 402 1872; x_wconf 83' lang='grc' dir='ltr'><strong>καὶ</strong></span> <span class='ocrx_word' id='word_1_323' title='bbox 427 1835 650 1880; x_wconf 83' lang='grc' dir='ltr'>ἀδιάπτωτα,</span> <span class='ocrx_word' id='word_1_324' title='bbox 673 1837 703 1872; x_wconf 85' lang='grc' dir='ltr'><strong>εἰ</strong></span> <span class='ocrx_word' id='word_1_325' title='bbox 727 1837 789 1880; x_wconf 72' lang='grc' dir='ltr'><strong>τῆς</strong></span> <span class='ocrx_word' id='word_1_326' title='bbox 807 1838 866 1873; x_wconf 73' lang='grc' dir='ltr'><strong>τοῦ</strong></span> <span class='ocrx_word' id='word_1_327' title='bbox 888 1834 1092 1885; x_wconf 89' lang='grc' dir='ltr'>Πνεύματος</span> 
     </span>
     <span class='ocr_line' id='line_1_43' title="bbox 74 1894 1093 1948; baseline 0 -16"><span class='ocrx_word' id='word_1_328' title='bbox 74 1895 254 1932; x_wconf 68' lang='grc' dir='ltr'>ἐπιλάὸοιο</span> <span class='ocrx_word' id='word_1_329' title='bbox 277 1894 449 1945; x_wconf 79' lang='grc' dir='ltr'>βοηθείας.</span> <span class='ocrx_word' id='word_1_330' title='bbox 469 1897 522 1933; x_wconf 78' lang='grc' dir='ltr'><strong>Οὐ</strong></span> <span class='ocrx_word' id='word_1_331' title='bbox 538 1894 605 1946; x_wconf 82' lang='grc' dir='ltr'><strong>γὰρ</strong></span> <span class='ocrx_word' id='word_1_332' title='bbox 624 1897 723 1946; x_wconf 81' lang='grc' dir='ltr'>ἀρκεῖ</span> <span class='ocrx_word' id='word_1_333' title='bbox 741 1895 779 1932; x_wconf 81' lang='grc' dir='ltr'><strong>τὸ</strong></span> <span class='ocrx_word' id='word_1_334' title='bbox 801 1894 850 1945; x_wconf 86' lang='grc' dir='ltr'><strong>μὴ</strong></span> <span class='ocrx_word' id='word_1_335' title='bbox 870 1894 961 1932; x_wconf 87' lang='grc' dir='ltr'>κατὰ</span> <span class='ocrx_word' id='word_1_336' title='bbox 980 1895 1093 1948; x_wconf 87' lang='grc' dir='ltr'>σάρκα</span> 
     </span>
     <span class='ocr_line' id='line_1_44' title="bbox 73 1955 1091 2007; baseline 0.001 -15"><span class='ocrx_word' id='word_1_337' title='bbox 73 1959 320 2007; x_wconf 51' lang='grc' dir='ltr'>επεριπατεῖν,</span> <span class='ocrx_word' id='word_1_338' title='bbox 345 1956 433 1993; x_wconf 73' lang='grc' dir='ltr'>ἀλλὰ</span> <span class='ocrx_word' id='word_1_339' title='bbox 463 1956 513 1992; x_wconf 86' lang='grc' dir='ltr'><strong>δεῖ</strong></span> <span class='ocrx_word' id='word_1_340' title='bbox 544 1955 603 1992; x_wconf 83' lang='grc' dir='ltr'><strong>καὶ</strong></span> <span class='ocrx_word' id='word_1_341' title='bbox 630 1955 721 1993; x_wconf 80' lang='grc' dir='ltr'>κατὰ</span> <span class='ocrx_word' id='word_1_342' title='bbox 749 1959 887 2004; x_wconf 75' lang='grc' dir='ltr'>πνεῦμα</span> <span class='ocrx_word' id='word_1_343' title='bbox 922 1955 1091 2005; x_wconf 78' lang='grc' dir='ltr'>βαδίζειν·</span> 
     </span>
     <span class='ocr_line' id='line_1_45' title="bbox 74 2015 1093 2068; baseline 0.001 -16"><span class='ocrx_word' id='word_1_344' title='bbox 74 2015 261 2063; x_wconf 74' lang='grc' dir='ltr'>ἐπειδήπερ</span> <span class='ocrx_word' id='word_1_345' title='bbox 282 2018 342 2053; x_wconf 75' lang='grc' dir='ltr'><strong>οὐκ</strong></span> <span class='ocrx_word' id='word_1_346' title='bbox 363 2015 501 2067; x_wconf 77' lang='grc' dir='ltr'>ἀπόχρη</span> <span class='ocrx_word' id='word_1_347' title='bbox 525 2015 610 2068; x_wconf 77' lang='grc' dir='ltr'>πρὸς</span> <span class='ocrx_word' id='word_1_348' title='bbox 642 2015 817 2067; x_wconf 88' lang='grc' dir='ltr'>σωτηρίαν</span> <span class='ocrx_word' id='word_1_349' title='bbox 850 2019 934 2065; x_wconf 77' lang='grc' dir='ltr'>ἡμῖν</span> <span class='ocrx_word' id='word_1_350' title='bbox 966 2016 1006 2053; x_wconf 77' lang='grc' dir='ltr'><strong>τὸ</strong></span> <span class='ocrx_word' id='word_1_351' title='bbox 1037 2018 1093 2054; x_wconf 78' lang='grc' dir='ltr'><strong>ἐκ·</strong></span> 
     </span>
     <span class='ocr_line' id='line_1_46' title="bbox 74 2075 1090 2126; baseline 0.001 -14"><span class='ocrx_word' id='word_1_352' title='bbox 74 2078 187 2112; x_wconf 87' lang='grc' dir='ltr'>κλῖναι</span> <span class='ocrx_word' id='word_1_353' title='bbox 221 2076 289 2113; x_wconf 82' lang='grc' dir='ltr'>ἀπὸ</span> <span class='ocrx_word' id='word_1_354' title='bbox 319 2080 439 2123; x_wconf 74' lang='grc' dir='ltr'>κακοῦ,</span> <span class='ocrx_word' id='word_1_355' title='bbox 467 2075 556 2112; x_wconf 76' lang='grc' dir='ltr'>ἀλλὰ</span> <span class='ocrx_word' id='word_1_356' title='bbox 586 2076 636 2113; x_wconf 77' lang='grc' dir='ltr'><strong>δεῖ</strong></span> <span class='ocrx_word' id='word_1_357' title='bbox 663 2076 722 2113; x_wconf 83' lang='grc' dir='ltr'><strong>καὶ</strong></span> <span class='ocrx_word' id='word_1_358' title='bbox 750 2075 795 2112; x_wconf 83' lang='grc' dir='ltr'><strong>τὰ</strong></span> <span class='ocrx_word' id='word_1_359' title='bbox 828 2075 941 2126; x_wconf 69' lang='grc' dir='ltr'>ἀγαθὰ</span> <span class='ocrx_word' id='word_1_360' title='bbox 968 2082 1090 2113; x_wconf 87' lang='grc' dir='ltr'>ποιεῖν.</span> 
     </span>
     <span class='ocr_line' id='line_1_47' title="bbox 75 2135 1089 2188; baseline 0.001 -16"><span class='ocrx_word' id='word_1_361' title='bbox 75 2137 188 2173; x_wconf 77' lang='grc' dir='ltr'>Τοῦτο</span> <span class='ocrx_word' id='word_1_362' title='bbox 208 2135 243 2172; x_wconf 80' lang='grc' dir='ltr'>δὲ</span> <span class='ocrx_word' id='word_1_363' title='bbox 265 2135 378 2183; x_wconf 81' lang='grc' dir='ltr'>ἔσται,</span> <span class='ocrx_word' id='word_1_364' title='bbox 409 2135 448 2172; x_wconf 80' lang='grc' dir='ltr'><strong>ἂν</strong></span> <span class='ocrx_word' id='word_1_365' title='bbox 468 2137 518 2187; x_wconf 81' lang='grc' dir='ltr'><strong>τῷ</strong></span> <span class='ocrx_word' id='word_1_366' title='bbox 537 2136 709 2186; x_wconf 85' lang='grc' dir='ltr'>πνεύματι</span> <span class='ocrx_word' id='word_1_367' title='bbox 735 2135 799 2182; x_wconf 76' lang='grc' dir='ltr'><strong>τὴν</strong></span> <span class='ocrx_word' id='word_1_368' title='bbox 829 2135 944 2188; x_wconf 65' lang='grc' dir='ltr'>ψυχὴν</span> <span class='ocrx_word' id='word_1_369' title='bbox 977 2137 1089 2173; x_wconf 78' lang='grc' dir='ltr'>ἐκδῶ-</span> 
     </span>
     <span class='ocr_line' id='line_1_48' title="bbox 75 2195 1090 2248; baseline -0.001 -14"><span class='ocrx_word' id='word_1_370' title='bbox 75 2211 136 2246; x_wconf 87' lang='grc' dir='ltr'><strong>μεν</strong></span> <span class='ocrx_word' id='word_1_371' title='bbox 151 2225 160 2242; x_wconf 95' lang='grc'>,</span> <span class='ocrx_word' id='word_1_372' title='bbox 181 2196 238 2233; x_wconf 81' lang='grc' dir='ltr'><strong>καὶ</strong></span> <span class='ocrx_word' id='word_1_373' title='bbox 264 2196 326 2243; x_wconf 75' lang='grc' dir='ltr'><strong>τὴν</strong></span> <span class='ocrx_word' id='word_1_374' title='bbox 361 2196 474 2248; x_wconf 90' lang='grc' dir='ltr'>σάρκα</span> <span class='ocrx_word' id='word_1_375' title='bbox 505 2195 704 2244; x_wconf 56' lang='grc' dir='ltr'>ἀπείθωμεν</span> <span class='ocrx_word' id='word_1_376' title='bbox 737 2195 800 2243; x_wconf 77' lang='grc' dir='ltr'><strong>τὴν</strong></span> <span class='ocrx_word' id='word_1_377' title='bbox 833 2196 962 2234; x_wconf 81' lang='grc' dir='ltr'>οἰκείαν</span> <span class='ocrx_word' id='word_1_378' title='bbox 995 2196 1090 2240; x_wconf 82' lang='grc' dir='ltr'>τάξιν</span> 
     </span>
     <span class='ocr_line' id='line_1_49' title="bbox 71 2256 1090 2309; baseline 0 -15"><span class='ocrx_word' id='word_1_379' title='bbox 71 2256 325 2308; x_wconf 83' lang='grc' dir='ltr'>ἐπιγινώσκειν.</span> <span class='ocrx_word' id='word_1_380' title='bbox 347 2257 450 2295; x_wconf 78' lang='grc' dir='ltr'>Οὕτω</span> <span class='ocrx_word' id='word_1_381' title='bbox 467 2256 534 2308; x_wconf 76' lang='grc' dir='ltr'><strong>γὰρ</strong></span> <span class='ocrx_word' id='word_1_382' title='bbox 552 2256 611 2293; x_wconf 75' lang='grc' dir='ltr'><strong>καὶ</strong></span> <span class='ocrx_word' id='word_1_383' title='bbox 630 2256 737 2303; x_wconf 77' lang='grc' dir='ltr'>αὐτὴν</span> <span class='ocrx_word' id='word_1_384' title='bbox 751 2257 969 2309; x_wconf 78' lang='grc' dir='ltr'>ἐργασόμεθα</span> <span class='ocrx_word' id='word_1_385' title='bbox 988 2273 1090 2295; x_wconf 85' lang='grc' dir='ltr'>πνευ-</span> 
     </span>
     <span class='ocr_line' id='line_1_50' title="bbox 75 2310 1091 2369; baseline 0.001 -15"><span class='ocrx_word' id='word_1_386' title='bbox 75 2317 238 2367; x_wconf 74' lang='grc' dir='ltr'>ματικήν·</span> <span class='ocrx_word' id='word_1_387' title='bbox 260 2316 378 2368; x_wconf 80' lang='grc' dir='ltr'>ὥσπερ</span> <span class='ocrx_word' id='word_1_388' title='bbox 399 2310 468 2365; x_wconf 57' lang='grc' dir='ltr'>οὖν,</span> <span class='ocrx_word' id='word_1_389' title='bbox 483 2316 541 2354; x_wconf 78' lang='grc' dir='ltr'><strong>ἐὰν</strong></span> <span class='ocrx_word' id='word_1_390' title='bbox 564 2319 788 2367; x_wconf 80' lang='grc' dir='ltr'>ῥᾳθυμῶμεν,</span> <span class='ocrx_word' id='word_1_391' title='bbox 806 2316 866 2354; x_wconf 82' lang='grc' dir='ltr'><strong>καὶ</strong></span> <span class='ocrx_word' id='word_1_392' title='bbox 888 2316 951 2363; x_wconf 84' lang='grc' dir='ltr'><strong>τὴν</strong></span> <span class='ocrx_word' id='word_1_393' title='bbox 974 2316 1091 2369; x_wconf 74' lang='grc' dir='ltr'>ψυχὴν</span> 
     </span>
     <span class='ocr_line' id='line_1_51' title="bbox 71 2377 464 2430; baseline 0.003 -15"><span class='ocrx_word' id='word_1_394' title='bbox 71 2377 262 2429; x_wconf 79' lang='grc' dir='ltr'>ποιήσομεν</span> <span class='ocrx_word' id='word_1_395' title='bbox 279 2378 464 2430; x_wconf 76' lang='grc' dir='ltr'>σαρκικήν.</span> 
     </span>
    </p>

    <p class='ocr_par' dir='ltr' id='par_1_12' title="bbox 67 2437 1092 3216">
     <span class='ocr_line' id='line_1_52' title="bbox 123 2437 1088 2493; baseline 0.002 -17"><span class='ocrx_word' id='word_1_396' title='bbox 123 2437 270 2484; x_wconf 68' lang='grc' dir='ltr'>Ἐπειδὴ</span> <span class='ocrx_word' id='word_1_397' title='bbox 288 2438 354 2490; x_wconf 84' lang='grc' dir='ltr'><strong>γὰρ</strong></span> <span class='ocrx_word' id='word_1_398' title='bbox 370 2441 431 2477; x_wconf 79' lang='grc' dir='ltr'><strong>οὔκ</strong></span> <span class='ocrx_word' id='word_1_399' title='bbox 447 2438 580 2490; x_wconf 83' lang='grc' dir='ltr'>ἀνάγκη</span> <span class='ocrx_word' id='word_1_400' title='bbox 595 2438 728 2490; x_wconf 78' lang='grc' dir='ltr'>φύσεως</span> <span class='ocrx_word' id='word_1_401' title='bbox 741 2439 781 2477; x_wconf 78' lang='grc' dir='ltr'><strong>τὸ</strong></span> <span class='ocrx_word' id='word_1_402' title='bbox 796 2441 902 2493; x_wconf 85' lang='grc' dir='ltr'>δῶρον</span> <span class='ocrx_word' id='word_1_403' title='bbox 917 2439 1088 2488; x_wconf 80' lang='grc' dir='ltr'>ἐνέθηκεν,</span> 
     </span>
     <span class='ocr_line' id='line_1_53' title="bbox 75 2499 1089 2552; baseline 0.002 -17"><span class='ocrx_word' id='word_1_404' title='bbox 75 2500 150 2535; x_wconf 83' lang='grc' dir='ltr'>ἀλλ’</span> <span class='ocrx_word' id='word_1_405' title='bbox 173 2499 347 2550; x_wconf 81' lang='grc' dir='ltr'>ἐλευθερία</span> <span class='ocrx_word' id='word_1_406' title='bbox 361 2500 595 2551; x_wconf 83' lang='grc' dir='ltr'>προαιρέσεως</span> <span class='ocrx_word' id='word_1_407' title='bbox 615 2500 832 2552; x_wconf 75' lang='grc' dir='ltr'>ἐνεχείρισεν,</span> <span class='ocrx_word' id='word_1_408' title='bbox 847 2503 879 2538; x_wconf 81' lang='grc' dir='ltr'><strong>ἐν</strong></span> <span class='ocrx_word' id='word_1_409' title='bbox 901 2500 956 2538; x_wconf 78' lang='grc' dir='ltr'><strong>σοὶ</strong></span> <span class='ocrx_word' id='word_1_410' title='bbox 970 2501 1089 2539; x_wconf 87' lang='grc' dir='ltr'>λοιπόν</span> 
     </span>
     <span class='ocr_line' id='line_1_54' title="bbox 74 2558 1092 2613; baseline 0.003 -18"><span class='ocrx_word' id='word_1_411' title='bbox 74 2558 219 2595; x_wconf 81' lang='grc' dir='ltr'>ἐστικαὶ</span> <span class='ocrx_word' id='word_1_412' title='bbox 239 2563 337 2596; x_wconf 74' lang='grc' dir='ltr'>τοῦτο</span> <span class='ocrx_word' id='word_1_413' title='bbox 356 2559 514 2610; x_wconf 83' lang='grc' dir='ltr'>γενέσθαι</span> <span class='ocrx_word' id='word_1_414' title='bbox 544 2563 697 2597; x_wconf 79' lang='grc' dir='ltr'>κάκεῖνο.</span> <span class='ocrx_word' id='word_1_415' title='bbox 721 2559 778 2597; x_wconf 83' lang='grc' dir='ltr'><strong>Τὰ</strong></span> <span class='ocrx_word' id='word_1_416' title='bbox 796 2561 863 2612; x_wconf 86' lang='grc' dir='ltr'><strong>γὰρ</strong></span> <span class='ocrx_word' id='word_1_417' title='bbox 885 2562 967 2613; x_wconf 83' lang='grc' dir='ltr'>παρ’</span> <span class='ocrx_word' id='word_1_418' title='bbox 989 2563 1092 2599; x_wconf 79' lang='grc' dir='ltr'>αὐτοῦ</span> 
     </span>
     <span class='ocr_line' id='line_1_55' title="bbox 72 2618 1091 2672; baseline 0.002 -17"><span class='ocrx_word' id='word_1_419' title='bbox 72 2618 188 2656; x_wconf 84' lang='grc' dir='ltr'>πάντα</span> <span class='ocrx_word' id='word_1_420' title='bbox 203 2619 427 2670; x_wconf 68' lang='grc' dir='ltr'>ἀπήρτισται·</span> <span class='ocrx_word' id='word_1_421' title='bbox 438 2619 514 2658; x_wconf 67' lang='grc' dir='ltr'>οὐδὲ</span> <span class='ocrx_word' id='word_1_422' title='bbox 527 2619 593 2671; x_wconf 83' lang='grc' dir='ltr'><strong>γὰρ</strong></span> <span class='ocrx_word' id='word_1_423' title='bbox 612 2621 915 2672; x_wconf 85' lang='grc' dir='ltr'>ἀντιστρατεύεται</span> <span class='ocrx_word' id='word_1_424' title='bbox 930 2623 979 2672; x_wconf 85' lang='grc' dir='ltr'><strong>τῷ</strong></span> <span class='ocrx_word' id='word_1_425' title='bbox 996 2621 1091 2671; x_wconf 83' lang='grc' dir='ltr'>νόμῳ</span> 
     </span>
     <span class='ocr_line' id='line_1_56' title="bbox 72 2680 1092 2732; baseline 0.002 -16"><span class='ocrx_word' id='word_1_426' title='bbox 72 2682 130 2717; x_wconf 74' lang='grc' dir='ltr'><strong>τοῦ</strong></span> <span class='ocrx_word' id='word_1_427' title='bbox 149 2680 222 2722; x_wconf 83' lang='grc' dir='ltr'>νοὸς</span> <span class='ocrx_word' id='word_1_428' title='bbox 238 2683 336 2730; x_wconf 75' lang='grc' dir='ltr'>ἡμῶν</span> <span class='ocrx_word' id='word_1_429' title='bbox 359 2683 379 2726; x_wconf 77' lang='grc' dir='ltr'>ἦ</span> <span class='ocrx_word' id='word_1_430' title='bbox 401 2680 574 2731; x_wconf 85' lang='grc' dir='ltr'>ἁμαρτία,</span> <span class='ocrx_word' id='word_1_431' title='bbox 598 2680 672 2718; x_wconf 76' lang='grc' dir='ltr'>οὐδὲ</span> <span class='ocrx_word' id='word_1_432' title='bbox 693 2681 965 2732; x_wconf 75' lang='grc' dir='ltr'>αἰχμαλωτίζει,</span> <span class='ocrx_word' id='word_1_433' title='bbox 983 2681 1092 2718; x_wconf 75' lang='grc' dir='ltr'>καθά·</span> 
     </span>
     <span class='ocr_line' id='line_1_57' title="bbox 72 2741 1088 2793; baseline 0.001 -15"><span class='ocrx_word' id='word_1_434' title='bbox 72 2755 137 2791; x_wconf 87' lang='grc' dir='ltr'><strong>περ</strong></span> <span class='ocrx_word' id='word_1_435' title='bbox 156 2741 360 2793; x_wconf 82' lang='grc' dir='ltr'>ἔμπροσθεν,</span> <span class='ocrx_word' id='word_1_436' title='bbox 380 2741 468 2779; x_wconf 80' lang='grc' dir='ltr'>ἀλλὰ</span> <span class='ocrx_word' id='word_1_437' title='bbox 487 2741 602 2779; x_wconf 83' lang='grc' dir='ltr'>πάντα</span> <span class='ocrx_word' id='word_1_438' title='bbox 623 2744 737 2779; x_wconf 77' lang='grc' dir='ltr'>ἐκεῖνα</span> <span class='ocrx_word' id='word_1_439' title='bbox 755 2741 932 2779; x_wconf 82' lang='grc' dir='ltr'>πέπαυται</span> <span class='ocrx_word' id='word_1_440' title='bbox 951 2742 1009 2779; x_wconf 75' lang='grc' dir='ltr'><strong>καὶ</strong></span> <span class='ocrx_word' id='word_1_441' title='bbox 1026 2758 1088 2779; x_wconf 89' lang='grc' dir='ltr'><strong>κα-</strong></span> 
     </span>
     <span class='ocr_line' id='line_1_58' title="bbox 70 2799 1090 2853; baseline 0 -16"><span class='ocrx_word' id='word_1_442' title='bbox 70 2799 254 2845; x_wconf 84' lang='grc' dir='ltr'>ταλύεται,</span> <span class='ocrx_word' id='word_1_443' title='bbox 280 2800 338 2838; x_wconf 79' lang='grc' dir='ltr'><strong>καὶ</strong></span> <span class='ocrx_word' id='word_1_444' title='bbox 370 2801 571 2853; x_wconf 75' lang='grc' dir='ltr'>κατέπτηχε</span> <span class='ocrx_word' id='word_1_445' title='bbox 617 2801 661 2839; x_wconf 78' lang='grc' dir='ltr'><strong>τὰ</strong></span> <span class='ocrx_word' id='word_1_446' title='bbox 692 2802 786 2847; x_wconf 83' lang='grc' dir='ltr'>πάθη</span> <span class='ocrx_word' id='word_1_447' title='bbox 820 2802 999 2840; x_wconf 86' lang='grc' dir='ltr'>δεδοικότα</span> <span class='ocrx_word' id='word_1_448' title='bbox 1031 2801 1090 2839; x_wconf 86' lang='grc' dir='ltr'><strong>καὶ</strong></span> 
     </span>
     <span class='ocr_line' id='line_1_59' title="bbox 70 2861 1090 2914; baseline 0.001 -16"><span class='ocrx_word' id='word_1_449' title='bbox 70 2861 240 2912; x_wconf 81' lang='grc' dir='ltr'>τρέμοντα</span> <span class='ocrx_word' id='word_1_450' title='bbox 258 2861 321 2907; x_wconf 77' lang='grc' dir='ltr'><strong>τὴν</strong></span> <span class='ocrx_word' id='word_1_451' title='bbox 341 2866 399 2900; x_wconf 76' lang='grc' dir='ltr'><strong>τοῦ</strong></span> <span class='ocrx_word' id='word_1_452' title='bbox 420 2862 627 2913; x_wconf 85' lang='grc' dir='ltr'>Πνεύματος</span> <span class='ocrx_word' id='word_1_453' title='bbox 646 2863 763 2914; x_wconf 76' lang='grc' dir='ltr'>χάριν.</span> <span class='ocrx_word' id='word_1_454' title='bbox 784 2864 829 2900; x_wconf 83' lang='grc' dir='ltr'><strong>Εἰ</strong></span> <span class='ocrx_word' id='word_1_455' title='bbox 849 2862 884 2900; x_wconf 76' lang='grc' dir='ltr'>δὲ</span> <span class='ocrx_word' id='word_1_456' title='bbox 905 2861 945 2900; x_wconf 76' lang='grc' dir='ltr'><strong>σὺ</strong></span> <span class='ocrx_word' id='word_1_457' title='bbox 959 2863 999 2900; x_wconf 82' lang='grc' dir='ltr'><strong>τὸ</strong></span> <span class='ocrx_word' id='word_1_458' title='bbox 1019 2865 1090 2913; x_wconf 75' lang='grc' dir='ltr'><strong>φῶς</strong></span> 
     </span>
     <span class='ocr_line' id='line_1_60' title="bbox 71 2921 1090 2974; baseline 0.002 -16"><span class='ocrx_word' id='word_1_459' title='bbox 71 2921 239 2965; x_wconf 65' lang='grc' dir='ltr'>σὸεννύεις</span> <span class='ocrx_word' id='word_1_460' title='bbox 251 2952 260 2968; x_wconf 89' lang='grc'>,</span> <span class='ocrx_word' id='word_1_461' title='bbox 281 2922 340 2960; x_wconf 77' lang='grc' dir='ltr'><strong>καὶ</strong></span> <span class='ocrx_word' id='word_1_462' title='bbox 359 2923 415 2960; x_wconf 80' lang='grc' dir='ltr'><strong>τὸν</strong></span> <span class='ocrx_word' id='word_1_463' title='bbox 435 2923 574 2974; x_wconf 73' lang='grc' dir='ltr'>ἡνίοχον</span> <span class='ocrx_word' id='word_1_464' title='bbox 595 2923 775 2965; x_wconf 64' lang='grc' dir='ltr'>ἐκδάλλεις</span> <span class='ocrx_word' id='word_1_465' title='bbox 787 2953 795 2969; x_wconf 88' lang='grc'>,</span> <span class='ocrx_word' id='word_1_466' title='bbox 817 2922 877 2960; x_wconf 74' lang='grc' dir='ltr'><strong>καὶ</strong></span> <span class='ocrx_word' id='word_1_467' title='bbox 893 2922 950 2960; x_wconf 80' lang='grc' dir='ltr'><strong>τὸν</strong></span> <span class='ocrx_word' id='word_1_468' title='bbox 967 2923 1090 2973; x_wconf 64' lang='grc' dir='ltr'>κυὲερ-</span> 
     </span>
     <span class='ocr_line' id='line_1_61' title="bbox 69 2981 1085 3035; baseline 0 -16"><span class='ocrx_word' id='word_1_469' title='bbox 69 2981 175 3028; x_wconf 77' lang='grc' dir='ltr'>νήτην</span> <span class='ocrx_word' id='word_1_470' title='bbox 195 2982 346 3026; x_wconf 77' lang='grc' dir='ltr'>ἐλαύνεις</span> <span class='ocrx_word' id='word_1_471' title='bbox 359 3013 368 3027; x_wconf 94' lang='grc'>,</span> <span class='ocrx_word' id='word_1_472' title='bbox 389 2986 506 3035; x_wconf 78' lang='grc' dir='ltr'>σαυτῷ</span> <span class='ocrx_word' id='word_1_473' title='bbox 531 2982 668 3034; x_wconf 80' lang='grc' dir='ltr'>λογίζου</span> <span class='ocrx_word' id='word_1_474' title='bbox 688 2983 808 3021; x_wconf 77' lang='grc' dir='ltr'>λοιπὸν</span> <span class='ocrx_word' id='word_1_475' title='bbox 825 2984 864 3021; x_wconf 81' lang='grc' dir='ltr'><strong>τὸ</strong></span> <span class='ocrx_word' id='word_1_476' title='bbox 883 2982 1085 3021; x_wconf 82' lang='grc' dir='ltr'>κλυδώνιον.</span> 
     </span>
     <span class='ocr_line' id='line_1_62' title="bbox 67 3040 1089 3096; baseline 0 -18"><span class='ocrx_word' id='word_1_477' title='bbox 67 3040 151 3079; x_wconf 62' lang='lat' dir='ltr'><strong>“Otr</strong></span> <span class='ocrx_word' id='word_1_478' title='bbox 183 3042 251 3094; x_wconf 79' lang='grc' dir='ltr'><strong>γὰρ</strong></span> <span class='ocrx_word' id='word_1_479' title='bbox 277 3047 334 3080; x_wconf 76' lang='grc' dir='ltr'><strong>νῦν</strong></span> <span class='ocrx_word' id='word_1_480' title='bbox 364 3043 579 3095; x_wconf 79' lang='grc' dir='ltr'>εὗκολωτέρα</span> <span class='ocrx_word' id='word_1_481' title='bbox 608 3047 629 3089; x_wconf 82' lang='grc' dir='ltr'>ἦ</span> <span class='ocrx_word' id='word_1_482' title='bbox 660 3043 764 3096; x_wconf 79' lang='grc' dir='ltr'>ἀρετὴ</span> <span class='ocrx_word' id='word_1_483' title='bbox 795 3043 936 3094; x_wconf 84' lang='grc' dir='ltr'>γέγονε,</span> <span class='ocrx_word' id='word_1_484' title='bbox 957 3041 1089 3079; x_wconf 79' lang='grc' dir='ltr'>διὸκαὶ</span> 
     </span>
     <span class='ocr_line' id='line_1_63' title="bbox 69 3100 1086 3155; baseline 0.001 -17"><span class='ocrx_word' id='word_1_485' title='bbox 69 3100 180 3148; x_wconf 82' lang='grc' dir='ltr'>πολλὴ</span> <span class='ocrx_word' id='word_1_486' title='bbox 196 3106 217 3148; x_wconf 81' lang='grc' dir='ltr'>ἦ</span> <span class='ocrx_word' id='word_1_487' title='bbox 237 3102 393 3146; x_wconf 81' lang='grc' dir='ltr'>ἐπίτασις</span> <span class='ocrx_word' id='word_1_488' title='bbox 406 3107 468 3149; x_wconf 68' lang='grc' dir='ltr'><strong>τῆς</strong></span> <span class='ocrx_word' id='word_1_489' title='bbox 482 3103 683 3155; x_wconf 69' lang='grc' dir='ltr'>φιλοσοφίας</span> <span class='ocrx_word' id='word_1_490' title='bbox 698 3133 706 3151; x_wconf 92' lang='grc'>,</span> <span class='ocrx_word' id='word_1_491' title='bbox 723 3104 906 3153; x_wconf 74' lang='grc' dir='ltr'>κατάμαθε</span> <span class='ocrx_word' id='word_1_492' title='bbox 920 3104 994 3145; x_wconf 84' lang='grc' dir='ltr'>πῶς</span> <span class='ocrx_word' id='word_1_493' title='bbox 1011 3101 1086 3152; x_wconf 79' lang='grc' dir='ltr'>μὲν,</span> 
     </span>
     <span class='ocr_line' id='line_1_64' title="bbox 69 3161 1086 3216; baseline 0.002 -18"><span class='ocrx_word' id='word_1_494' title='bbox 69 3161 173 3207; x_wconf 82' lang='grc' dir='ltr'>ἡνίκα</span> <span class='ocrx_word' id='word_1_495' title='bbox 192 3165 209 3199; x_wconf 85' lang='grc' dir='ltr'>ὁ</span> <span class='ocrx_word' id='word_1_496' title='bbox 229 3162 329 3213; x_wconf 85' lang='grc' dir='ltr'>νόμος</span> <span class='ocrx_word' id='word_1_497' title='bbox 360 3164 520 3216; x_wconf 82' lang='grc' dir='ltr'>ἐκράτει,</span> <span class='ocrx_word' id='word_1_498' title='bbox 548 3163 592 3202; x_wconf 83' lang='grc' dir='ltr'><strong>τὰ</strong></span> <span class='ocrx_word' id='word_1_499' title='bbox 618 3167 686 3201; x_wconf 83' lang='grc' dir='ltr'><strong>τῶν</strong></span> <span class='ocrx_word' id='word_1_500' title='bbox 719 3162 910 3216; x_wconf 84' lang='grc' dir='ltr'>ἀνθρώπων</span> <span class='ocrx_word' id='word_1_501' title='bbox 941 3162 1086 3201; x_wconf 85' lang='grc' dir='ltr'>διέκειτο</span> 
     </span>
    </p>
   </div>
   <div class='ocr_carea' id='block_1_12' title="bbox 70 3292 1076 3440">
    <p class='ocr_par' dir='ltr' id='par_1_13' title="bbox 70 3292 1076 3440">
     <span class='ocr_line' id='line_1_65' title="bbox 111 3292 1076 3338; baseline 0.004 -15"><span class='ocrx_word' id='word_1_502' title='bbox 111 3302 124 3318; x_wconf 78' lang='lat'><strong>¹·</strong></span> <span class='ocrx_word' id='word_1_503' title='bbox 149 3294 224 3324; x_wconf 62' lang='lat' dir='ltr'><strong>Haec</strong></span> <span class='ocrx_word' id='word_1_504' title='bbox 240 3292 281 3325; x_wconf 76' lang='lat' dir='ltr'><strong>de</strong></span> <span class='ocrx_word' id='word_1_505' title='bbox 305 3295 438 3327; x_wconf 80' lang='lat' dir='ltr'>zizaniis</span> <span class='ocrx_word' id='word_1_506' title='bbox 454 3293 544 3328; x_wconf 75' lang='lat' dir='ltr'><strong>dicta</strong></span> <span class='ocrx_word' id='word_1_507' title='bbox 559 3306 634 3327; x_wconf 89' lang='lat' dir='ltr'><strong>cum</strong></span> <span class='ocrx_word' id='word_1_508' title='bbox 654 3295 834 3338; x_wconf 83' lang='lat' dir='ltr'><strong>Evangelio</strong></span> <span class='ocrx_word' id='word_1_509' title='bbox 856 3305 923 3328; x_wconf 89' lang='lat' dir='ltr'><strong>non</strong></span> <span class='ocrx_word' id='word_1_510' title='bbox 939 3293 1076 3328; x_wconf 88' lang='lat' dir='ltr'><strong>omnino</strong></span> 
     </span>
     <span class='ocr_line' id='line_1_66' title="bbox 70 3344 436 3377; baseline 0.003 -1"><span class='ocrx_word' id='word_1_511' title='bbox 70 3355 251 3376; x_wconf 82' lang='lat' dir='ltr'><strong>consonare</strong></span> <span class='ocrx_word' id='word_1_512' title='bbox 272 3344 436 3377; x_wconf 74' lang='lat' dir='ltr'><strong>videntur.</strong></span> 
     </span>
     <span class='ocr_line' id='line_1_67' title="bbox 114 3395 924 3440; baseline 0.007 -15"><span class='ocrx_word' id='word_1_513' title='bbox 114 3397 128 3419; x_wconf 76' lang='lat' dir='ltr'>b</span> <span class='ocrx_word' id='word_1_514' title='bbox 154 3395 165 3435; x_wconf 89' lang='lat'><strong>[</strong></span> <span class='ocrx_word' id='word_1_515' title='bbox 183 3395 219 3426; x_wconf 83' lang='lat' dir='ltr'><strong>A.</strong></span> <span class='ocrx_word' id='word_1_516' title='bbox 240 3403 271 3428; x_wconf 77' lang='lat' dir='ltr'><strong>ct</strong></span> <span class='ocrx_word' id='word_1_517' title='bbox 288 3407 390 3439; x_wconf 71' lang='lat' dir='ltr'><strong>marg.</strong></span> <span class='ocrx_word' id='word_1_518' title='bbox 410 3397 485 3429; x_wconf 79' lang='lat' dir='ltr'><strong>Sav.</strong></span> <span class='ocrx_word' id='word_1_519' title='bbox 503 3403 551 3431; x_wconf 64' lang='grc' dir='ltr'><strong>τὸν</strong></span> <span class='ocrx_word' id='word_1_520' title='bbox 569 3402 720 3440; x_wconf 63' lang='grc' dir='ltr'>μέλλον-τα</span> <span class='ocrx_word' id='word_1_521' title='bbox 745 3399 924 3439; x_wconf 50' lang='lat' dir='ltr'><strong>rimemur]</strong></span> 
     </span>
    </p>
   </div>
   <div class='ocr_carea' id='block_1_13' title="bbox 1117 1052 2159 2303">
    <p class='ocr_par' dir='ltr' id='par_1_14' title="bbox 1117 1052 2159 2303">
     <span class='ocr_line' id='line_1_68' title="bbox 1168 1052 2157 1105; baseline 0.005 -17"><span class='ocrx_word' id='word_1_522' title='bbox 1168 1065 1253 1088; x_wconf 90' lang='lat' dir='ltr'><strong>nens</strong></span> <span class='ocrx_word' id='word_1_523' title='bbox 1273 1066 1342 1089; x_wconf 92' lang='lat' dir='ltr'><strong>non</strong></span> <span class='ocrx_word' id='word_1_524' title='bbox 1361 1061 1475 1104; x_wconf 87' lang='lat' dir='ltr'><strong>potest</strong></span> <span class='ocrx_word' id='word_1_525' title='bbox 1493 1052 1604 1089; x_wconf 86' lang='lat' dir='ltr'><strong>bonos</strong></span> <span class='ocrx_word' id='word_1_526' title='bbox 1634 1053 1724 1090; x_wconf 85' lang='lat' dir='ltr'><strong>ferre</strong></span> <span class='ocrx_word' id='word_1_527' title='bbox 1748 1053 1898 1090; x_wconf 83' lang='lat' dir='ltr'><strong>fructus.</strong></span> <span class='ocrx_word' id='word_1_528' title='bbox 1918 1054 2157 1105; x_wconf 89' lang='lat' dir='ltr'><strong>Quandoqui-</strong></span> 
     </span>
     <span class='ocr_line' id='line_1_69' title="bbox 1173 1113 2158 1167; baseline 0.004 -16"><span class='ocrx_word' id='word_1_529' title='bbox 1173 1113 1256 1152; x_wconf 87' lang='lat' dir='ltr'><strong>dem</strong></span> <span class='ocrx_word' id='word_1_530' title='bbox 1291 1114 1369 1151; x_wconf 89' lang='lat' dir='ltr'><strong>fieri</strong></span> <span class='ocrx_word' id='word_1_531' title='bbox 1399 1128 1523 1167; x_wconf 88' lang='lat' dir='ltr'><strong>posse,</strong></span> <span class='ocrx_word' id='word_1_532' title='bbox 1557 1123 1595 1152; x_wconf 89' lang='lat' dir='ltr'><strong>ut</strong></span> <span class='ocrx_word' id='word_1_533' title='bbox 1619 1115 1698 1165; x_wconf 89' lang='lat' dir='ltr'><strong>quis</strong></span> <span class='ocrx_word' id='word_1_534' title='bbox 1730 1124 1907 1163; x_wconf 88' lang='lat' dir='ltr'><strong>mutetur,</strong></span> <span class='ocrx_word' id='word_1_535' title='bbox 1936 1125 1970 1153; x_wconf 89' lang='lat' dir='ltr'><strong>et</strong></span> <span class='ocrx_word' id='word_1_536' title='bbox 2010 1117 2095 1154; x_wconf 89' lang='lat' dir='ltr'><strong>hinc</strong></span> <span class='ocrx_word' id='word_1_537' title='bbox 2124 1127 2158 1155; x_wconf 91' lang='lat' dir='ltr'><strong>et</strong></span> 
     </span>
     <span class='ocr_line' id='line_1_70' title="bbox 1165 1174 2158 1225; baseline 0.002 -13"><span class='ocrx_word' id='word_1_538' title='bbox 1165 1188 1210 1212; x_wconf 77' lang='lat' dir='ltr'><strong>ex</strong></span> <span class='ocrx_word' id='word_1_539' title='bbox 1236 1174 1305 1210; x_wconf 85' lang='lat' dir='ltr'><strong>alia</strong></span> <span class='ocrx_word' id='word_1_540' title='bbox 1332 1174 1502 1225; x_wconf 89' lang='lat' dir='ltr'><strong>parabola</strong></span> <span class='ocrx_word' id='word_1_541' title='bbox 1527 1174 1701 1221; x_wconf 85' lang='lat' dir='ltr'>ostendit,</span> <span class='ocrx_word' id='word_1_542' title='bbox 1736 1189 1817 1212; x_wconf 90' lang='lat' dir='ltr'><strong>cum</strong></span> <span class='ocrx_word' id='word_1_543' title='bbox 1855 1175 1995 1213; x_wconf 86' lang='lat' dir='ltr'>inducit</span> <span class='ocrx_word' id='word_1_544' title='bbox 2025 1176 2158 1214; x_wconf 88' lang='lat' dir='ltr'><strong>zizania</strong></span> 
     </span>
     <span class='ocr_line' id='line_1_71' title="bbox 1169 1234 2159 1289; baseline 0.004 -18"><span class='ocrx_word' id='word_1_545' title='bbox 1169 1234 1329 1271; x_wconf 87' lang='lat' dir='ltr'><strong>triticum</strong></span> <span class='ocrx_word' id='word_1_546' title='bbox 1372 1249 1445 1272; x_wconf 91' lang='lat' dir='ltr'><strong>esse</strong></span> <span class='ocrx_word' id='word_1_547' title='bbox 1486 1235 1577 1272; x_wconf 89' lang='lat' dir='ltr'><strong>facta</strong></span> <span class='ocrx_word' id='word_1_548' title='bbox 1611 1251 1619 1271; x_wconf 83' lang='lat' dir='ltr'><strong><em>z</em></strong></span> <span class='ocrx_word' id='word_1_549' title='bbox 1660 1234 1810 1286; x_wconf 88' lang='lat' dir='ltr'><strong>ideoque</strong></span> <span class='ocrx_word' id='word_1_550' title='bbox 1859 1236 1926 1275; x_wconf 86' lang='lat' dir='ltr'><strong>illa</strong></span> <span class='ocrx_word' id='word_1_551' title='bbox 1963 1237 2159 1289; x_wconf 82' lang='lat' dir='ltr'><strong>exstirpare</strong></span> 
     </span>
     <span class='ocr_line' id='line_1_72' title="bbox 1165 1295 2158 1350; baseline 0.003 -17"><span class='ocrx_word' id='word_1_552' title='bbox 1165 1304 1286 1334; x_wconf 77' lang='lat' dir='ltr'><strong>vetat:</strong></span> <span class='ocrx_word' id='word_1_553' title='bbox 1316 1298 1375 1333; x_wconf 78' lang='lat' dir='ltr'><strong>Ne</strong></span> <span class='ocrx_word' id='word_1_554' title='bbox 1391 1297 1527 1349; x_wconf 83' lang='lat' dir='ltr'><strong>forte,</strong></span> <span class='ocrx_word' id='word_1_555' title='bbox 1550 1295 1667 1346; x_wconf 88' lang='lat' dir='ltr'><strong>inquit</strong></span> <span class='ocrx_word' id='word_1_556' title='bbox 1681 1326 1693 1343; x_wconf 83' lang='lat'><strong>,</strong></span> <span class='ocrx_word' id='word_1_557' title='bbox 1721 1311 1808 1334; x_wconf 81' lang='lat' dir='ltr'><strong>cum</strong></span> <span class='ocrx_word' id='word_1_558' title='bbox 1833 1299 1913 1335; x_wconf 78' lang='lat' dir='ltr'><em>illis</em></span> <span class='ocrx_word' id='word_1_559' title='bbox 1941 1301 2158 1350; x_wconf 57' lang='lat' dir='ltr'><strong>exstirpetis</strong></span> 
     </span>
     <span class='ocr_line' id='line_1_73' title="bbox 1171 1356 2156 1408; baseline 0.002 -15"><span class='ocrx_word' id='word_1_560' title='bbox 1171 1365 1206 1393; x_wconf 80' lang='lat' dir='ltr'><strong>et</strong></span> <span class='ocrx_word' id='word_1_561' title='bbox 1228 1359 1412 1406; x_wconf 66' lang='lat' dir='ltr'><strong>triticum,</strong></span> <span class='ocrx_word' id='word_1_562' title='bbox 1427 1356 1463 1393; x_wconf 86' lang='lat' dir='ltr'><strong>id</strong></span> <span class='ocrx_word' id='word_1_563' title='bbox 1487 1365 1549 1405; x_wconf 90' lang='lat' dir='ltr'><strong>est,</strong></span> <span class='ocrx_word' id='word_1_564' title='bbox 1563 1356 1722 1393; x_wconf 79' lang='lat' dir='ltr'><strong>triticum</strong></span> <span class='ocrx_word' id='word_1_565' title='bbox 1741 1357 1835 1408; x_wconf 90' lang='lat' dir='ltr'><strong>quod</strong></span> <span class='ocrx_word' id='word_1_566' title='bbox 1855 1372 1900 1395; x_wconf 77' lang='lat' dir='ltr'><strong>ex</strong></span> <span class='ocrx_word' id='word_1_567' title='bbox 1917 1358 1990 1395; x_wconf 88' lang='lat' dir='ltr'><strong>illis</strong></span> <span class='ocrx_word' id='word_1_568' title='bbox 2010 1358 2156 1396; x_wconf 89' lang='lat' dir='ltr'><strong>elicien-</strong></span> 
     </span>
     <span class='ocr_line' id='line_1_74' title="bbox 1164 1409 2158 1467; baseline 0.004 -14"><span class='ocrx_word' id='word_1_569' title='bbox 1164 1415 1250 1453; x_wconf 92' lang='lat' dir='ltr'><strong>dum</strong></span> <span class='ocrx_word' id='word_1_570' title='bbox 1269 1425 1330 1454; x_wconf 87' lang='lat' dir='ltr'><strong>est.</strong></span> <span class='ocrx_word' id='word_1_571' title='bbox 1343 1417 1492 1454; x_wconf 79' lang='lat' dir='ltr'><strong>Sensum</strong></span> <span class='ocrx_word' id='word_1_572' title='bbox 1517 1430 1600 1467; x_wconf 85' lang='lat' dir='ltr'><strong>ergo</strong></span> <span class='ocrx_word' id='word_1_573' title='bbox 1625 1418 1741 1455; x_wconf 87' lang='lat' dir='ltr'><strong>carnis</strong></span> <span class='ocrx_word' id='word_1_574' title='bbox 1760 1417 1934 1455; x_wconf 87' lang='lat' dir='ltr'><strong>malitiam</strong></span> <span class='ocrx_word' id='word_1_575' title='bbox 1957 1409 2065 1467; x_wconf 83' lang='lat' dir='ltr'><strong>dicit,</strong></span> <span class='ocrx_word' id='word_1_576' title='bbox 2080 1433 2158 1457; x_wconf 86' lang='lat' dir='ltr'><strong>sen-</strong></span> 
     </span>
     <span class='ocr_line' id='line_1_75' title="bbox 1164 1477 2158 1530; baseline 0.003 -17"><span class='ocrx_word' id='word_1_577' title='bbox 1164 1490 1243 1513; x_wconf 82' lang='lat' dir='ltr'><strong>sum</strong></span> <span class='ocrx_word' id='word_1_578' title='bbox 1267 1491 1353 1515; x_wconf 79' lang='lat' dir='ltr'><strong>vero</strong></span> <span class='ocrx_word' id='word_1_579' title='bbox 1379 1477 1525 1528; x_wconf 88' lang='lat' dir='ltr'><strong>spiritus</strong></span> <span class='ocrx_word' id='word_1_580' title='bbox 1550 1478 1701 1528; x_wconf 79' lang='lat' dir='ltr'><strong>gratiam</strong></span> <span class='ocrx_word' id='word_1_581' title='bbox 1723 1477 1842 1515; x_wconf 85' lang='lat' dir='ltr'><strong>datam</strong></span> <span class='ocrx_word' id='word_1_582' title='bbox 1865 1487 1899 1515; x_wconf 90' lang='lat' dir='ltr'><strong>et</strong></span> <span class='ocrx_word' id='word_1_583' title='bbox 1920 1479 2158 1530; x_wconf 83' lang='lat' dir='ltr'><strong>operationem</strong></span> 
     </span>
     <span class='ocr_line' id='line_1_76' title="bbox 1162 1536 2157 1589; baseline 0.004 -16"><span class='ocrx_word' id='word_1_584' title='bbox 1162 1536 1254 1573; x_wconf 85' lang='lat' dir='ltr'><strong>hona</strong></span> <span class='ocrx_word' id='word_1_585' title='bbox 1270 1537 1457 1575; x_wconf 77' lang='lat' dir='ltr'><strong>voluntate</strong></span> <span class='ocrx_word' id='word_1_586' title='bbox 1474 1546 1722 1589; x_wconf 80' lang='lat' dir='ltr'><strong>temperatam3</strong></span> <span class='ocrx_word' id='word_1_587' title='bbox 1738 1552 1916 1588; x_wconf 78' lang='lat' dir='ltr'><strong>nusquam</strong></span> <span class='ocrx_word' id='word_1_588' title='bbox 1931 1539 1991 1576; x_wconf 85' lang='lat' dir='ltr'><strong>hic</strong></span> <span class='ocrx_word' id='word_1_589' title='bbox 2011 1539 2056 1577; x_wconf 91' lang='lat' dir='ltr'><strong>de</strong></span> <span class='ocrx_word' id='word_1_590' title='bbox 2071 1539 2157 1577; x_wconf 87' lang='lat' dir='ltr'><strong>suh-</strong></span> 
     </span>
     <span class='ocr_line' id='line_1_77' title="bbox 1139 1592 2152 1650; baseline 0.002 -16"><span class='ocrx_word' id='word_1_591' title='bbox 1139 1592 1147 1594; x_wconf 32' lang='lat'><em>*</em></span> <span class='ocrx_word' id='word_1_592' title='bbox 1163 1596 1290 1634; x_wconf 86' lang='lat' dir='ltr'><strong>stantia</strong></span> <span class='ocrx_word' id='word_1_593' title='bbox 1303 1606 1333 1634; x_wconf 87' lang='lat' dir='ltr'><strong>et</strong></span> <span class='ocrx_word' id='word_1_594' title='bbox 1345 1606 1471 1634; x_wconf 81' lang='lat' dir='ltr'><strong>natura</strong></span> <span class='ocrx_word' id='word_1_595' title='bbox 1487 1597 1647 1647; x_wconf 89' lang='lat' dir='ltr'><strong>loquens,</strong></span> <span class='ocrx_word' id='word_1_596' title='bbox 1659 1597 1722 1635; x_wconf 87' lang='lat' dir='ltr'><strong>sed</strong></span> <span class='ocrx_word' id='word_1_597' title='bbox 1736 1597 1781 1635; x_wconf 92' lang='lat' dir='ltr'><strong>de</strong></span> <span class='ocrx_word' id='word_1_598' title='bbox 1790 1599 1922 1636; x_wconf 75' lang='lat' dir='ltr'><strong>virtute</strong></span> <span class='ocrx_word' id='word_1_599' title='bbox 1940 1608 1973 1636; x_wconf 91' lang='lat' dir='ltr'><strong>et</strong></span> <span class='ocrx_word' id='word_1_600' title='bbox 1983 1600 2152 1650; x_wconf 75' lang='lat' dir='ltr'><strong>nequitia.</strong></span> 
     </span>
     <span class='ocr_line' id='line_1_78' title="bbox 1117 1657 2155 1709; baseline 0.003 -15"><span class='ocrx_word' id='word_1_601' title='bbox 1117 1672 1138 1700; x_wconf 82' lang='lat' dir='ltr'>B</span> <span class='ocrx_word' id='word_1_602' title='bbox 1163 1657 1269 1702; x_wconf 82' lang='lat' dir='ltr'><strong>Quod</strong></span> <span class='ocrx_word' id='word_1_603' title='bbox 1286 1657 1379 1694; x_wconf 87' lang='lat' dir='ltr'><strong>enim</strong></span> <span class='ocrx_word' id='word_1_604' title='bbox 1392 1671 1462 1702; x_wconf 86' lang='lat' dir='ltr'><strong>non</strong></span> <span class='ocrx_word' id='word_1_605' title='bbox 1483 1658 1634 1709; x_wconf 87' lang='lat' dir='ltr'><strong>potuisti</strong></span> <span class='ocrx_word' id='word_1_606' title='bbox 1656 1657 1692 1694; x_wconf 91' lang='lat' dir='ltr'><strong>in</strong></span> <span class='ocrx_word' id='word_1_607' title='bbox 1719 1658 1808 1708; x_wconf 86' lang='lat' dir='ltr'><strong>lege,</strong></span> <span class='ocrx_word' id='word_1_608' title='bbox 1827 1660 1955 1709; x_wconf 85' lang='lat' dir='ltr'><strong>inquit,</strong></span> <span class='ocrx_word' id='word_1_609' title='bbox 1970 1660 2038 1696; x_wconf 87' lang='lat' dir='ltr'><strong>hoc</strong></span> <span class='ocrx_word' id='word_1_610' title='bbox 2061 1674 2155 1698; x_wconf 91' lang='lat' dir='ltr'><strong>nunc</strong></span> 
     </span>
     <span class='ocr_line' id='line_1_79' title="bbox 1162 1718 2152 1770; baseline 0.003 -15"><span class='ocrx_word' id='word_1_611' title='bbox 1162 1718 1308 1769; x_wconf 88' lang='lat' dir='ltr'><strong>poteris,</strong></span> <span class='ocrx_word' id='word_1_612' title='bbox 1337 1727 1430 1755; x_wconf 88' lang='lat' dir='ltr'><strong>recta</strong></span> <span class='ocrx_word' id='word_1_613' title='bbox 1457 1732 1584 1770; x_wconf 84' lang='lat' dir='ltr'><strong>nempe</strong></span> <span class='ocrx_word' id='word_1_614' title='bbox 1604 1718 1780 1768; x_wconf 72' lang='lat' dir='ltr'><strong>incedere,</strong></span> <span class='ocrx_word' id='word_1_615' title='bbox 1800 1727 1833 1756; x_wconf 89' lang='lat' dir='ltr'><strong>et</strong></span> <span class='ocrx_word' id='word_1_616' title='bbox 1853 1719 1927 1757; x_wconf 88' lang='lat' dir='ltr'><strong>sine</strong></span> <span class='ocrx_word' id='word_1_617' title='bbox 1946 1720 2152 1768; x_wconf 86' lang='lat' dir='ltr'><strong>offensione,</strong></span> 
     </span>
     <span class='ocr_line' id='line_1_80' title="bbox 1163 1778 2152 1829; baseline 0.004 -15"><span class='ocrx_word' id='word_1_618' title='bbox 1163 1778 1190 1814; x_wconf 89' lang='lat' dir='ltr'><strong>si</strong></span> <span class='ocrx_word' id='word_1_619' title='bbox 1206 1778 1361 1829; x_wconf 87' lang='lat' dir='ltr'><strong>Spiritus</strong></span> <span class='ocrx_word' id='word_1_620' title='bbox 1377 1792 1479 1829; x_wconf 89' lang='lat' dir='ltr'><strong>opem</strong></span> <span class='ocrx_word' id='word_1_621' title='bbox 1497 1778 1668 1816; x_wconf 85' lang='lat' dir='ltr'><strong>obtineas.</strong></span> <span class='ocrx_word' id='word_1_622' title='bbox 1698 1780 1776 1815; x_wconf 89' lang='lat' dir='ltr'><strong>Non</strong></span> <span class='ocrx_word' id='word_1_623' title='bbox 1796 1779 1888 1816; x_wconf 87' lang='lat' dir='ltr'><strong>enim</strong></span> <span class='ocrx_word' id='word_1_624' title='bbox 1905 1780 1990 1817; x_wconf 84' lang='lat' dir='ltr'><strong>satis</strong></span> <span class='ocrx_word' id='word_1_625' title='bbox 2006 1789 2070 1829; x_wconf 89' lang='lat' dir='ltr'><strong>est,</strong></span> <span class='ocrx_word' id='word_1_626' title='bbox 2082 1794 2152 1819; x_wconf 92' lang='lat' dir='ltr'><strong>non</strong></span> 
     </span>
     <span class='ocr_line' id='line_1_81' title="bbox 1162 1838 2153 1892; baseline 0.004 -17"><span class='ocrx_word' id='word_1_627' title='bbox 1162 1838 1356 1876; x_wconf 85' lang='lat' dir='ltr'><strong>secundum</strong></span> <span class='ocrx_word' id='word_1_628' title='bbox 1371 1853 1511 1876; x_wconf 86' lang='lat' dir='ltr'><strong>carnem</strong></span> <span class='ocrx_word' id='word_1_629' title='bbox 1525 1839 1722 1887; x_wconf 87' lang='lat' dir='ltr'><strong>ambulare,</strong></span> <span class='ocrx_word' id='word_1_630' title='bbox 1732 1839 1793 1877; x_wconf 86' lang='lat' dir='ltr'><strong>sed</strong></span> <span class='ocrx_word' id='word_1_631' title='bbox 1807 1849 1946 1892; x_wconf 86' lang='lat' dir='ltr'><strong>oportet</strong></span> <span class='ocrx_word' id='word_1_632' title='bbox 1958 1842 2153 1880; x_wconf 90' lang='lat' dir='ltr'><strong>secundum</strong></span> 
     </span>
     <span class='ocr_line' id='line_1_82' title="bbox 1162 1898 2152 1950; baseline 0.004 -15"><span class='ocrx_word' id='word_1_633' title='bbox 1162 1898 1327 1950; x_wconf 87' lang='lat' dir='ltr'><strong>spiritum</strong></span> <span class='ocrx_word' id='word_1_634' title='bbox 1342 1898 1516 1947; x_wconf 80' lang='lat' dir='ltr'><strong>incedere,</strong></span> <span class='ocrx_word' id='word_1_635' title='bbox 1537 1899 1712 1949; x_wconf 83' lang='lat' dir='ltr'><strong>siquidem</strong></span> <span class='ocrx_word' id='word_1_636' title='bbox 1729 1913 1798 1937; x_wconf 90' lang='lat' dir='ltr'><strong>non</strong></span> <span class='ocrx_word' id='word_1_637' title='bbox 1817 1900 1901 1937; x_wconf 89' lang='lat' dir='ltr'><strong>satis</strong></span> <span class='ocrx_word' id='word_1_638' title='bbox 1919 1901 2022 1938; x_wconf 84' lang='lat' dir='ltr'><strong>nobis</strong></span> <span class='ocrx_word' id='word_1_639' title='bbox 2041 1911 2092 1938; x_wconf 87' lang='lat' dir='ltr'><strong>est</strong></span> <span class='ocrx_word' id='word_1_640' title='bbox 2104 1902 2152 1940; x_wconf 89' lang='lat' dir='ltr'><strong>ad</strong></span> 
     </span>
     <span class='ocr_line' id='line_1_83' title="bbox 1160 1961 2154 2009; baseline 0.005 -12"><span class='ocrx_word' id='word_1_641' title='bbox 1160 1961 1322 2009; x_wconf 87' lang='lat' dir='ltr'><strong>salutem,</strong></span> <span class='ocrx_word' id='word_1_642' title='bbox 1334 1961 1510 1999; x_wconf 84' lang='lat' dir='ltr'><strong>declinare</strong></span> <span class='ocrx_word' id='word_1_643' title='bbox 1525 1976 1543 1999; x_wconf 83' lang='lat' dir='ltr'><strong>a</strong></span> <span class='ocrx_word' id='word_1_644' title='bbox 1561 1962 1668 2009; x_wconf 87' lang='lat' dir='ltr'><strong>malo,</strong></span> <span class='ocrx_word' id='word_1_645' title='bbox 1685 1962 1745 1999; x_wconf 86' lang='lat' dir='ltr'><strong>sed</strong></span> <span class='ocrx_word' id='word_1_646' title='bbox 1767 1963 1901 1999; x_wconf 84' lang='lat' dir='ltr'><strong>bonum</strong></span> <span class='ocrx_word' id='word_1_647' title='bbox 1918 1963 2024 2001; x_wconf 88' lang='lat' dir='ltr'><strong>etiam</strong></span> <span class='ocrx_word' id='word_1_648' title='bbox 2039 1965 2154 2002; x_wconf 84' lang='lat' dir='ltr'><strong>facere</strong></span> 
     </span>
     <span class='ocr_line' id='line_1_84' title="bbox 1132 2019 2153 2072; baseline 0.004 -15"><span class='ocrx_word' id='word_1_649' title='bbox 1132 2019 1137 2024; x_wconf 81' lang='grc'><em>“</em></span> <span class='ocrx_word' id='word_1_650' title='bbox 1162 2029 1312 2072; x_wconf 88' lang='lat' dir='ltr'><strong>oportet.</strong></span> <span class='ocrx_word' id='word_1_651' title='bbox 1329 2021 1404 2058; x_wconf 90' lang='lat' dir='ltr'><strong>Hoc</strong></span> <span class='ocrx_word' id='word_1_652' title='bbox 1418 2030 1535 2058; x_wconf 90' lang='lat' dir='ltr'><strong>autem</strong></span> <span class='ocrx_word' id='word_1_653' title='bbox 1560 2021 1640 2070; x_wconf 84' lang='lat' dir='ltr'><strong>erit,</strong></span> <span class='ocrx_word' id='word_1_654' title='bbox 1657 2021 1685 2058; x_wconf 92' lang='lat' dir='ltr'><strong>si</strong></span> <span class='ocrx_word' id='word_1_655' title='bbox 1701 2021 1844 2072; x_wconf 86' lang='lat' dir='ltr'><strong>spiritui</strong></span> <span class='ocrx_word' id='word_1_656' title='bbox 1861 2023 2017 2060; x_wconf 84' lang='lat' dir='ltr'><strong>animam</strong></span> <span class='ocrx_word' id='word_1_657' title='bbox 2042 2023 2153 2061; x_wconf 85' lang='lat' dir='ltr'><strong>dede-</strong></span> 
     </span>
     <span class='ocr_line' id='line_1_85' title="bbox 1163 2080 2151 2128; baseline 0.004 -11"><span class='ocrx_word' id='word_1_658' title='bbox 1163 2080 1284 2128; x_wconf 85' lang='lat' dir='ltr'><strong>rimus,</strong></span> <span class='ocrx_word' id='word_1_659' title='bbox 1299 2090 1332 2118; x_wconf 88' lang='lat' dir='ltr'><strong>et</strong></span> <span class='ocrx_word' id='word_1_660' title='bbox 1351 2081 1380 2118; x_wconf 90' lang='lat' dir='ltr'><strong>si</strong></span> <span class='ocrx_word' id='word_1_661' title='bbox 1401 2082 1498 2118; x_wconf 84' lang='lat' dir='ltr'><strong>carni</strong></span> <span class='ocrx_word' id='word_1_662' title='bbox 1517 2081 1728 2118; x_wconf 77' lang='lat' dir='ltr'><strong>suadeamus</strong></span> <span class='ocrx_word' id='word_1_663' title='bbox 1744 2090 1782 2118; x_wconf 85' lang='lat' dir='ltr'><strong>ut</strong></span> <span class='ocrx_word' id='word_1_664' title='bbox 1797 2095 1901 2118; x_wconf 90' lang='lat' dir='ltr'><strong>suum</strong></span> <span class='ocrx_word' id='word_1_665' title='bbox 1923 2093 2036 2120; x_wconf 78' lang='lat' dir='ltr'><strong>servet</strong></span> <span class='ocrx_word' id='word_1_666' title='bbox 2051 2084 2151 2121; x_wconf 86' lang='lat' dir='ltr'><strong>ordi-</strong></span> 
     </span>
     <span class='ocr_line' id='line_1_86' title="bbox 1160 2132 2151 2193; baseline 0.004 -14"><span class='ocrx_word' id='word_1_667' title='bbox 1160 2142 1322 2180; x_wconf 88' lang='lat' dir='ltr'><strong>nem.Sic</strong></span> <span class='ocrx_word' id='word_1_668' title='bbox 1344 2143 1439 2180; x_wconf 82' lang='lat' dir='ltr'><strong>enim</strong></span> <span class='ocrx_word' id='word_1_669' title='bbox 1453 2143 1553 2180; x_wconf 89' lang='lat' dir='ltr'><strong>illam</strong></span> <span class='ocrx_word' id='word_1_670' title='bbox 1571 2142 1797 2193; x_wconf 85' lang='lat' dir='ltr'><strong>spiritualem</strong></span> <span class='ocrx_word' id='word_1_671' title='bbox 1817 2132 2011 2193; x_wconf 73' lang='lat' dir='ltr'><strong>faciemus3</strong></span> <span class='ocrx_word' id='word_1_672' title='bbox 2031 2154 2151 2183; x_wconf 81' lang='lat' dir='ltr'><strong>contra</strong></span> 
     </span>
     <span class='ocr_line' id='line_1_87' title="bbox 1161 2203 2149 2256; baseline 0.003 -16"><span class='ocrx_word' id='word_1_673' title='bbox 1161 2217 1245 2241; x_wconf 79' lang='lat' dir='ltr'><strong>vero</strong></span> <span class='ocrx_word' id='word_1_674' title='bbox 1258 2234 1267 2251; x_wconf 93' lang='lat'><strong>,</strong></span> <span class='ocrx_word' id='word_1_675' title='bbox 1288 2204 1316 2241; x_wconf 90' lang='lat' dir='ltr'><strong>si</strong></span> <span class='ocrx_word' id='word_1_676' title='bbox 1332 2203 1452 2256; x_wconf 85' lang='lat' dir='ltr'><strong>ignavi</strong></span> <span class='ocrx_word' id='word_1_677' title='bbox 1468 2203 1594 2254; x_wconf 81' lang='lat' dir='ltr'><strong>simus,</strong></span> <span class='ocrx_word' id='word_1_678' title='bbox 1616 2203 1723 2241; x_wconf 87' lang='lat' dir='ltr'><strong>etiam</strong></span> <span class='ocrx_word' id='word_1_679' title='bbox 1736 2203 1891 2242; x_wconf 81' lang='lat' dir='ltr'><strong>animam</strong></span> <span class='ocrx_word' id='word_1_680' title='bbox 1907 2205 2082 2243; x_wconf 83' lang='lat' dir='ltr'><strong>carnalem</strong></span> <span class='ocrx_word' id='word_1_681' title='bbox 2094 2206 2149 2243; x_wconf 86' lang='lat' dir='ltr'><strong>fa-</strong></span> 
     </span>
     <span class='ocr_line' id='line_1_88' title="bbox 1161 2278 1305 2303; baseline 0.007 -2"><span class='ocrx_word' id='word_1_682' title='bbox 1161 2278 1305 2303; x_wconf 77' lang='lat' dir='ltr'><strong>olemus,</strong></span> 
     </span>
    </p>
   </div>
   <div class='ocr_carea' id='block_1_14' title="bbox 1160 2429 2153 3210">
    <p class='ocr_par' dir='ltr' id='par_1_15' title="bbox 1160 2429 2153 3210">
     <span class='ocr_line' id='line_1_89' title="bbox 1216 2429 2152 2476; baseline 0.002 -9"><span class='ocrx_word' id='word_1_683' title='bbox 1216 2431 1252 2467; x_wconf 78' lang='lat'><strong>7.</strong></span> <span class='ocrx_word' id='word_1_684' title='bbox 1281 2429 1377 2476; x_wconf 84' lang='lat' dir='ltr'><strong>Quia</strong></span> <span class='ocrx_word' id='word_1_685' title='bbox 1390 2444 1476 2468; x_wconf 75' lang='lat' dir='ltr'><strong>vero</strong></span> <span class='ocrx_word' id='word_1_686' title='bbox 1495 2444 1564 2468; x_wconf 91' lang='lat' dir='ltr'><strong>non</strong></span> <span class='ocrx_word' id='word_1_687' title='bbox 1581 2430 1770 2469; x_wconf 87' lang='lat' dir='ltr'><strong>n&#39;ecessitas</strong></span> <span class='ocrx_word' id='word_1_688' title='bbox 1789 2439 1923 2469; x_wconf 81' lang='lat' dir='ltr'><strong>naturae</strong></span> <span class='ocrx_word' id='word_1_689' title='bbox 1943 2430 2076 2469; x_wconf 87' lang='lat' dir='ltr'><strong>donum</strong></span> <span class='ocrx_word' id='word_1_690' title='bbox 2091 2432 2152 2469; x_wconf 92' lang='lat' dir='ltr'><strong>in-</strong></span> 
     </span>
     <span class='ocr_line' id='line_1_90' title="bbox 1161 2490 2151 2542; baseline 0.003 -15"><span class='ocrx_word' id='word_1_691' title='bbox 1161 2490 1258 2540; x_wconf 90' lang='lat' dir='ltr'><strong>tulit,</strong></span> <span class='ocrx_word' id='word_1_692' title='bbox 1281 2490 1341 2528; x_wconf 88' lang='lat' dir='ltr'><strong>sed</strong></span> <span class='ocrx_word' id='word_1_693' title='bbox 1361 2491 1508 2529; x_wconf 85' lang='lat' dir='ltr'><strong>libertas</strong></span> <span class='ocrx_word' id='word_1_694' title='bbox 1527 2491 1699 2542; x_wconf 83' lang='lat' dir='ltr'><strong>propositi</strong></span> <span class='ocrx_word' id='word_1_695' title='bbox 1728 2492 1856 2542; x_wconf 87' lang='lat' dir='ltr'><strong>largita</strong></span> <span class='ocrx_word' id='word_1_696' title='bbox 1876 2501 1945 2541; x_wconf 76' lang='lat' dir='ltr'><strong>est3</strong></span> <span class='ocrx_word' id='word_1_697' title='bbox 1968 2492 2003 2529; x_wconf 90' lang='lat' dir='ltr'><strong>in</strong></span> <span class='ocrx_word' id='word_1_698' title='bbox 2037 2502 2070 2530; x_wconf 88' lang='lat' dir='ltr'><strong>te</strong></span> <span class='ocrx_word' id='word_1_699' title='bbox 2090 2493 2151 2530; x_wconf 89' lang='lat' dir='ltr'><strong>de-</strong></span> 
     </span>
     <span class='ocr_line' id='line_1_91' title="bbox 1162 2552 2152 2600; baseline 0.003 -12"><span class='ocrx_word' id='word_1_700' title='bbox 1162 2565 1261 2589; x_wconf 88' lang='lat' dir='ltr'><strong>mum</strong></span> <span class='ocrx_word' id='word_1_701' title='bbox 1278 2552 1387 2589; x_wconf 88' lang='lat' dir='ltr'><strong>situm</strong></span> <span class='ocrx_word' id='word_1_702' title='bbox 1406 2561 1468 2600; x_wconf 90' lang='lat' dir='ltr'><strong>est,</strong></span> <span class='ocrx_word' id='word_1_703' title='bbox 1489 2561 1526 2589; x_wconf 89' lang='lat' dir='ltr'><strong>ut</strong></span> <span class='ocrx_word' id='word_1_704' title='bbox 1546 2553 1613 2589; x_wconf 86' lang='lat' dir='ltr'><strong>hoc</strong></span> <span class='ocrx_word' id='word_1_705' title='bbox 1632 2552 1688 2590; x_wconf 77' lang='lat' dir='ltr'><strong>vel</strong></span> <span class='ocrx_word' id='word_1_706' title='bbox 1711 2552 1802 2589; x_wconf 86' lang='lat' dir='ltr'><strong>illud</strong></span> <span class='ocrx_word' id='word_1_707' title='bbox 1819 2553 1998 2590; x_wconf 84' lang='lat' dir='ltr'><strong>efficiariS.</strong></span> <span class='ocrx_word' id='word_1_708' title='bbox 2021 2554 2152 2591; x_wconf 83' lang='lat' dir='ltr'><strong>Omnia</strong></span> 
     </span>
     <span class='ocr_line' id='line_1_92' title="bbox 1162 2611 2153 2663; baseline 0.002 -16"><span class='ocrx_word' id='word_1_709' title='bbox 1162 2611 1270 2660; x_wconf 89' lang='lat' dir='ltr'><strong>enim,</strong></span> <span class='ocrx_word' id='word_1_710' title='bbox 1308 2626 1384 2661; x_wconf 83' lang='lat' dir='ltr'><strong>quae</strong></span> <span class='ocrx_word' id='word_1_711' title='bbox 1419 2612 1465 2648; x_wconf 80' lang='lat' dir='ltr'><strong>ab</strong></span> <span class='ocrx_word' id='word_1_712' title='bbox 1494 2611 1556 2648; x_wconf 89' lang='lat' dir='ltr'><strong>illo</strong></span> <span class='ocrx_word' id='word_1_713' title='bbox 1594 2620 1707 2658; x_wconf 82' lang='lat' dir='ltr'><strong>erant,</strong></span> <span class='ocrx_word' id='word_1_714' title='bbox 1737 2612 1891 2662; x_wconf 86' lang='lat' dir='ltr'><strong>perfecta</strong></span> <span class='ocrx_word' id='word_1_715' title='bbox 1911 2621 1993 2648; x_wconf 90' lang='lat' dir='ltr'><strong>sunt</strong></span> <span class='ocrx_word' id='word_1_716' title='bbox 2016 2627 2153 2663; x_wconf 88' lang='lat' dir='ltr'><strong>:neque</strong></span> 
     </span>
     <span class='ocr_line' id='line_1_93' title="bbox 1162 2673 2152 2725; baseline 0.002 -15"><span class='ocrx_word' id='word_1_717' title='bbox 1162 2673 1254 2711; x_wconf 91' lang='lat' dir='ltr'><strong>enim</strong></span> <span class='ocrx_word' id='word_1_718' title='bbox 1271 2683 1452 2725; x_wconf 84' lang='lat' dir='ltr'><strong>peccatum</strong></span> <span class='ocrx_word' id='word_1_719' title='bbox 1460 2683 1595 2725; x_wconf 84' lang='lat' dir='ltr'><strong>pugnat</strong></span> <span class='ocrx_word' id='word_1_720' title='bbox 1610 2682 1730 2711; x_wconf 86' lang='lat' dir='ltr'><strong>contra</strong></span> <span class='ocrx_word' id='word_1_721' title='bbox 1746 2674 1861 2724; x_wconf 85' lang='lat' dir='ltr'><strong>legem</strong></span> <span class='ocrx_word' id='word_1_722' title='bbox 1877 2674 2003 2711; x_wconf 88' lang='lat' dir='ltr'><strong>mentis</strong></span> <span class='ocrx_word' id='word_1_723' title='bbox 2012 2684 2152 2724; x_wconf 60' lang='lat' dir='ltr'><strong>nostrae,</strong></span> 
     </span>
     <span class='ocr_line' id='line_1_94' title="bbox 1162 2735 2149 2786; baseline 0.002 -14"><span class='ocrx_word' id='word_1_724' title='bbox 1162 2750 1273 2786; x_wconf 92' lang='lat' dir='ltr'><strong>neque</strong></span> <span class='ocrx_word' id='word_1_725' title='bbox 1288 2736 1466 2786; x_wconf 76' lang='lat' dir='ltr'><strong>captivam</strong></span> <span class='ocrx_word' id='word_1_726' title='bbox 1485 2736 1584 2772; x_wconf 86' lang='lat' dir='ltr'><strong>illam</strong></span> <span class='ocrx_word' id='word_1_727' title='bbox 1617 2744 1657 2771; x_wconf 89' lang='lat' dir='ltr'><strong>ut</strong></span> <span class='ocrx_word' id='word_1_728' title='bbox 1678 2744 1759 2772; x_wconf 92' lang='lat' dir='ltr'><strong>ante</strong></span> <span class='ocrx_word' id='word_1_729' title='bbox 1790 2735 1919 2783; x_wconf 73' lang='lat' dir='ltr'><strong>efficit,</strong></span> <span class='ocrx_word' id='word_1_730' title='bbox 1937 2736 1997 2773; x_wconf 85' lang='lat' dir='ltr'><strong>sed</strong></span> <span class='ocrx_word' id='word_1_731' title='bbox 2014 2737 2149 2786; x_wconf 85' lang='lat' dir='ltr'><strong>omnia,</strong></span> 
     </span>
     <span class='ocr_line' id='line_1_95' title="bbox 1162 2795 2151 2847; baseline 0.002 -15"><span class='ocrx_word' id='word_1_732' title='bbox 1162 2810 1239 2846; x_wconf 85' lang='lat' dir='ltr'><strong>quae</strong></span> <span class='ocrx_word' id='word_1_733' title='bbox 1260 2810 1364 2847; x_wconf 86' lang='lat' dir='ltr'><strong>penes</strong></span> <span class='ocrx_word' id='word_1_734' title='bbox 1379 2795 1497 2847; x_wconf 85' lang='lat' dir='ltr'><strong>ipsum</strong></span> <span class='ocrx_word' id='word_1_735' title='bbox 1516 2804 1627 2845; x_wconf 89' lang='lat' dir='ltr'><strong>crant,</strong></span> <span class='ocrx_word' id='word_1_736' title='bbox 1644 2809 1824 2832; x_wconf 78' lang='lat' dir='ltr'><strong>cessavere</strong></span> <span class='ocrx_word' id='word_1_737' title='bbox 1844 2795 2028 2846; x_wconf 88' lang='lat' dir='ltr'><strong>solutaque</strong></span> <span class='ocrx_word' id='word_1_738' title='bbox 2056 2806 2151 2845; x_wconf 87' lang='lat' dir='ltr'><strong>sunt,</strong></span> 
     </span>
     <span class='ocr_line' id='line_1_96' title="bbox 1160 2856 2151 2908; baseline 0.002 -15"><span class='ocrx_word' id='word_1_739' title='bbox 1160 2856 1410 2908; x_wconf 81' lang='lat' dir='ltr'><strong>passionesque</strong></span> <span class='ocrx_word' id='word_1_740' title='bbox 1428 2870 1593 2908; x_wconf 78' lang='lat' dir='ltr'><strong>repressae</strong></span> <span class='ocrx_word' id='word_1_741' title='bbox 1615 2864 1698 2893; x_wconf 90' lang='lat' dir='ltr'><strong>sunt</strong></span> <span class='ocrx_word' id='word_1_742' title='bbox 1718 2864 1913 2894; x_wconf 86' lang='lat' dir='ltr'><strong>metuentes</strong></span> <span class='ocrx_word' id='word_1_743' title='bbox 1931 2871 1972 2894; x_wconf 91' lang='lat' dir='ltr'><strong>ac</strong></span> <span class='ocrx_word' id='word_1_744' title='bbox 1998 2867 2151 2895; x_wconf 88' lang='lat' dir='ltr'><strong>tremen-</strong></span> 
     </span>
     <span class='ocr_line' id='line_1_97' title="bbox 1163 2916 2149 2969; baseline 0.001 -15"><span class='ocrx_word' id='word_1_745' title='bbox 1163 2926 1211 2954; x_wconf 90' lang='lat' dir='ltr'><strong>tes</strong></span> <span class='ocrx_word' id='word_1_746' title='bbox 1231 2916 1386 2969; x_wconf 85' lang='lat' dir='ltr'><strong>Spiritus</strong></span> <span class='ocrx_word' id='word_1_747' title='bbox 1405 2917 1569 2968; x_wconf 81' lang='lat' dir='ltr'><strong>gratiam.</strong></span> <span class='ocrx_word' id='word_1_748' title='bbox 1586 2916 1624 2954; x_wconf 84' lang='lat' dir='ltr'><strong>Si</strong></span> <span class='ocrx_word' id='word_1_749' title='bbox 1636 2930 1720 2953; x_wconf 73' lang='lat' dir='ltr'><strong>vero</strong></span> <span class='ocrx_word' id='word_1_750' title='bbox 1736 2925 1775 2953; x_wconf 90' lang='lat' dir='ltr'><strong>tu</strong></span> <span class='ocrx_word' id='word_1_751' title='bbox 1792 2917 1912 2954; x_wconf 88' lang='lat' dir='ltr'><strong>lumen</strong></span> <span class='ocrx_word' id='word_1_752' title='bbox 1928 2917 2149 2969; x_wconf 78' lang='lat' dir='ltr'><strong>exstinguas,</strong></span> 
     </span>
     <span class='ocr_line' id='line_1_98' title="bbox 1163 2977 2152 3029; baseline 0.001 -15"><span class='ocrx_word' id='word_1_753' title='bbox 1163 2986 1195 3015; x_wconf 91' lang='lat' dir='ltr'><strong>et</strong></span> <span class='ocrx_word' id='word_1_754' title='bbox 1214 2977 1375 3028; x_wconf 86' lang='lat' dir='ltr'><strong>aurigam</strong></span> <span class='ocrx_word' id='word_1_755' title='bbox 1391 2977 1550 3029; x_wconf 84' lang='lat' dir='ltr'><strong>dejicias,</strong></span> <span class='ocrx_word' id='word_1_756' title='bbox 1565 2977 1904 3028; x_wconf 80' lang='lat' dir='ltr'><strong>gubernatoremque</strong></span> <span class='ocrx_word' id='word_1_757' title='bbox 1921 2978 2090 3029; x_wconf 78' lang='lat' dir='ltr'><strong>expellas,</strong></span> <span class='ocrx_word' id='word_1_758' title='bbox 2108 2978 2152 3015; x_wconf 91' lang='lat' dir='ltr'><strong>ti-</strong></span> 
     </span>
     <span class='ocr_line' id='line_1_99' title="bbox 1161 3036 2153 3089; baseline 0 -14"><span class='ocrx_word' id='word_1_759' title='bbox 1161 3037 1199 3075; x_wconf 90' lang='lat' dir='ltr'><strong>bi</strong></span> <span class='ocrx_word' id='word_1_760' title='bbox 1229 3047 1348 3089; x_wconf 87' lang='lat' dir='ltr'><strong>postea</strong></span> <span class='ocrx_word' id='word_1_761' title='bbox 1369 3046 1613 3088; x_wconf 86' lang='lat' dir='ltr'><strong>tempestatem</strong></span> <span class='ocrx_word' id='word_1_762' title='bbox 1643 3037 1789 3087; x_wconf 86' lang='lat' dir='ltr'><strong>imputa.</strong></span> <span class='ocrx_word' id='word_1_763' title='bbox 1809 3036 1915 3084; x_wconf 87' lang='lat' dir='ltr'><strong>Quod</strong></span> <span class='ocrx_word' id='word_1_764' title='bbox 1937 3037 2032 3074; x_wconf 89' lang='lat' dir='ltr'><strong>enim</strong></span> <span class='ocrx_word' id='word_1_765' title='bbox 2060 3052 2153 3076; x_wconf 90' lang='lat' dir='ltr'><strong>nunc</strong></span> 
     </span>
     <span class='ocr_line' id='line_1_100' title="bbox 1160 3096 2151 3149; baseline -0.001 -14"><span class='ocrx_word' id='word_1_766' title='bbox 1160 3097 1300 3135; x_wconf 83' lang='lat' dir='ltr'><strong>facilior</strong></span> <span class='ocrx_word' id='word_1_767' title='bbox 1318 3098 1433 3135; x_wconf 88' lang='lat' dir='ltr'><strong>virtus</strong></span> <span class='ocrx_word' id='word_1_768' title='bbox 1446 3098 1537 3134; x_wconf 83' lang='lat' dir='ltr'><strong>faeta</strong></span> <span class='ocrx_word' id='word_1_769' title='bbox 1560 3096 1619 3146; x_wconf 89' lang='lat' dir='ltr'><strong>sit,</strong></span> <span class='ocrx_word' id='word_1_770' title='bbox 1639 3096 1790 3146; x_wconf 88' lang='lat' dir='ltr'><strong>ideoque</strong></span> <span class='ocrx_word' id='word_1_771' title='bbox 1817 3096 1972 3133; x_wconf 91' lang='lat' dir='ltr'><strong>multum</strong></span> <span class='ocrx_word' id='word_1_772' title='bbox 2004 3097 2050 3134; x_wconf 89' lang='lat' dir='ltr'><strong>sit</strong></span> <span class='ocrx_word' id='word_1_773' title='bbox 2069 3098 2151 3149; x_wconf 82' lang='lat' dir='ltr'><strong>phi-</strong></span> 
     </span>
     <span class='ocr_line' id='line_1_101' title="bbox 1160 3155 2152 3210; baseline 0 -15"><span class='ocrx_word' id='word_1_774' title='bbox 1160 3157 1329 3210; x_wconf 85' lang='lat' dir='ltr'><strong>losophiae</strong></span> <span class='ocrx_word' id='word_1_775' title='bbox 1345 3166 1607 3209; x_wconf 84' lang='lat' dir='ltr'><strong>argumentum,</strong></span> <span class='ocrx_word' id='word_1_776' title='bbox 1619 3155 1715 3195; x_wconf 89' lang='lat' dir='ltr'><strong>disce</strong></span> <span class='ocrx_word' id='word_1_777' title='bbox 1730 3155 1918 3207; x_wconf 89' lang='lat' dir='ltr'><strong>quomodo,</strong></span> <span class='ocrx_word' id='word_1_778' title='bbox 1934 3171 2025 3208; x_wconf 88' lang='lat' dir='ltr'><strong>quan</strong></span> <span class='ocrx_word' id='word_1_779' title='bbox 2032 3157 2078 3196; x_wconf 88' lang='lat' dir='ltr'><strong>do</strong></span> <span class='ocrx_word' id='word_1_780' title='bbox 2092 3157 2152 3195; x_wconf 79' lang='lat' dir='ltr'><strong>lex</strong></span> 
     </span>
    </p>
   </div>
   <div class='ocr_carea' id='block_1_15' title="bbox 1112 2992 1137 3020">
    <p class='ocr_par' dir='ltr' id='par_1_16' title="bbox 1112 2992 1137 3020">
     <span class='ocr_line' id='line_1_102' title="bbox 1112 2992 1137 3020; baseline 0 0"><span class='ocrx_word' id='word_1_781' title='bbox 1112 2992 1137 3020; x_wconf 93' lang='lat' dir='ltr'><strong>D</strong></span> 
     </span>
    </p>
   </div>
   <div class='ocr_carea' id='block_1_16' title="bbox 1189 3289 1487 3384">
    <p class='ocr_par' dir='ltr' id='par_1_17' title="bbox 1189 3289 1487 3384">
     <span class='ocr_line' id='line_1_103' title="bbox 1189 3289 1470 3325; baseline 0.004 -3"><span class='ocrx_word' id='word_1_782' title='bbox 1189 3301 1202 3316; x_wconf 82' lang='lat' dir='ltr'>c</span> <span class='ocrx_word' id='word_1_783' title='bbox 1224 3289 1285 3322; x_wconf 77' lang='lat' dir='ltr'><strong>Alii</strong></span> <span class='ocrx_word' id='word_1_784' title='bbox 1308 3296 1470 3325; x_wconf 78' lang='grc' dir='ltr'>ἐπιπατεῖν-</span> 
     </span>
     <span class='ocr_line' id='line_1_104' title="bbox 1189 3342 1487 3384; baseline -0.003 -9"><span class='ocrx_word' id='word_1_785' title='bbox 1189 3344 1203 3367; x_wconf 74' lang='lat' dir='ltr'><strong>d</strong></span> <span class='ocrx_word' id='word_1_786' title='bbox 1229 3344 1239 3384; x_wconf 89' lang='lat'>[</span> <span class='ocrx_word' id='word_1_787' title='bbox 1256 3342 1294 3373; x_wconf 75' lang='lat' dir='ltr'><strong>A·</strong></span> <span class='ocrx_word' id='word_1_788' title='bbox 1314 3342 1487 3384; x_wconf 46' lang='lat' dir='ltr'><strong>mianum]</strong></span> 
     </span>
    </p>
   </div>
   <div class='ocr_carea' id='block_1_17' title="bbox 2171 1338 2353 1417">
    <p class='ocr_par' dir='ltr' id='par_1_18' title="bbox 2171 1338 2353 1417">
     <span class='ocr_line' id='line_1_105' title="bbox 2171 1338 2353 1368; baseline 0 -3"><span class='ocrx_word' id='word_1_789' title='bbox 2171 1338 2284 1366; x_wconf 79' lang='lat' dir='ltr'><strong>Matth.</strong></span> <span class='ocrx_word' id='word_1_790' title='bbox 2307 1339 2353 1368; x_wconf 74' lang='lat'><strong>13,</strong></span> 
     </span>
     <span class='ocr_line' id='line_1_106' title="bbox 2173 1387 2221 1417; baseline 0 -11"><span class='ocrx_word' id='word_1_791' title='bbox 2173 1387 2221 1417; x_wconf 85' lang='lat'><strong>29·</strong></span> 
     </span>
    </p>
   </div>
  </div>
 </body>
</html>
