2466 3805
82 1715 158 1743 Car.
184 1725 224 1744 [x.

76 2326 259 2358 Joan.16.2.

294 226 380 285 164

283 328 459 378 prohibet
472 341 531 365 me
546 329 759 378 baptizari?
775 325 904 365 Viden'
930 325 1005 375 ejus
1023 322 1263 360 desiderium?

285 390 363 426 Non
389 388 490 436 dicit,
514 388 656 439 Baptiza
684 401 740 424 me
746 401 757 435 ;
776 399 888 435 neque
905 392 1006 433 tacet,
1026 383 1087 421 sed
1105 383 1265 421 medium

286 449 467 500 quidpiam
491 449 580 484 inter
597 445 811 486 desiderium
831 453 865 482 ct
892 444 1124 482 reverentiam
1149 443 1265 494 loqui-

287 517 355 545 tur.
377 509 479 557 Quid
490 507 664 556 prohibet
682 519 741 542 me
763 506 952 555 baptizari
964 508 980 540 Ρ
994 503 1103 554 Vide,
1118 517 1265 554 quomo-

286 569 332 607 do
346 569 506 606 absoluta
525 567 691 617 dogmata
706 566 849 615 habuit3
864 579 946 602 nam
962 565 1132 617 propheta
1147 565 1265 603 omnia

288 629 498 676 continebat,
515 627 802 676 incarnationem,
816 627 1026 678 passionem,
1040 627 1266 666 resurrectio-

287 702 382 738 nem,
403 688 667 737 assumtionem,
688 688 850 724 futurum
875 686 1078 738 judicium:
1093 700 1171 737 quae
1196 687 1266 739 ipsi

288 762 457 800 magnum
480 747 638 786 indidere
667 747 895 786 desiderium.
925 747 1134 785 Erubescite
1164 757 1266 798 quot-

287 818 373 859 quot
391 809 551 846 nondum
581 809 773 847 illuminati
799 808 891 846 estis.
915 809 968 846 Et
978 810 1110 860 jussit,
1133 808 1264 859 inquit,

288 877 392 906 stare
414 882 580 907 currum.
613 869 729 907 Simul
759 867 852 906 dixit
881 878 915 906 et
941 869 1149 920 imperavit,
1171 878 1267 907 ante-

289 928 551 979 quamaudiret.
563 930 658 967 Cum
671 938 797 966 autem
813 930 1075 966 ascendissent
1089 930 1136 967 de
1145 943 1262 981 aqua,

286 990 446 1041 Spiritus
474 991 634 1027 Domini
667 992 797 1040 rapuit
829 990 1067 1040 Philippum.
1095 990 1268 1027 Bene:ut

286 1049 528 1087 ostenderetur
544 1049 706 1087 divinam
720 1049 828 1086 fuisse
845 1063 921 1086 rem
946 1058 1072 1096 actam,
1092 1058 1125 1086 et
1140 1063 1183 1086 ne
1198 1064 1267 1101 pu-

285 1118 375 1147 taret
389 1110 569 1147 hominem
585 1123 657 1146 esse
672 1109 866 1159 vulgarem.
882 1111 936 1146 Et
950 1111 1045 1155 ibat,
1061 1109 1186 1159 inquit,
1199 1125 1269 1161 per

287 1172 396 1207 viam
411 1183 521 1207 suam
537 1170 720 1220 gaudens.
736 1169 811 1205 Hoc
829 1168 930 1213 dicit,
947 1168 1131 1206 ostendens
1148 1169 1266 1220 ipsum

285 1244 377 1281 aegre
407 1230 565 1268 laturum
597 1229 726 1277 fuisse,
750 1229 779 1266 si
807 1228 1053 1267 scivisset25ic
1079 1243 1124 1266 ex
1152 1230 1266 1268 multo

285 1290 430 1341 gaudio,
444 1290 508 1328 etsi
523 1289 662 1341 Spiritu
680 1289 861 1340 dignatus,
878 1289 1064 1341 praesentia
1078 1304 1148 1327 non
1164 1290 1266 1329 vide-

283 1352 357 1389 bat.
383 1354 437 1389 Et
458 1355 635 1389 inventus
655 1360 723 1398 est,
742 1351 873 1401 inquit,
892 1353 934 1388 in
949 1351 1092 1389 Azoto.
1108 1352 1267 1390 Multum

284 1412 368 1449 hinc
386 1412 576 1464 Philippus
597 1411 754 1448 lucratus
776 1420 837 1449 est.
857 1412 950 1448 Nam
978 1412 1074 1461 quod
1106 1412 1268 1450 audierat

284 1473 329 1511 de
350 1473 546 1525 prophetis,
563 1472 607 1510 de
621 1472 777 1521 Abacuc,
799 1471 843 1508 de
861 1471 1046 1509 Ezechiele
1061 1481 1094 1509 et
1112 1473 1206 1524 aliis,
1229 1474 1266 1511 in

283 1548 318 1571 se
334 1535 465 1571 factum
482 1533 591 1582 vidjt,
608 1532 671 1582 qui
689 1532 725 1569 in
745 1540 921 1569 momento
937 1532 1087 1569 multam
1106 1547 1266 1571 emensus

282 1595 377 1633 viam
399 1594 610 1644 ostenditur,
632 1592 808 1643 siquidem
823 1592 860 1629 in
879 1594 987 1629 Azoto
1013 1592 1178 1631 inventus
1198 1603 1262 1644 est,

281 1665 315 1694 et
339 1656 414 1693 illic
433 1655 577 1693 demum
602 1662 692 1702 stat,
721 1652 785 1690 ubi
804 1652 1044 1704 evangelizare
1065 1654 1261 1705 oportebat.

284 1721 321 1756 1.
348 1719 486 1756 Saulus
515 1726 644 1755 autem
672 1717 799 1753 adhuc
829 1719 981 1767 spirans
1011 1719 1204 1755 minarum
1229 1727 1267 1756 et

283 1780 397 1816 coedis
417 1781 458 1815 in
478 1777 684 1828 discipulos
706 1777 881 1821 Domini,
905 1778 1064 1813 accessit
1086 1778 1140 1813 ad
1155 1780 1263 1828 prin-

281 1840 402 1890 cipem
419 1838 674 1881 sacerdotum,
698 1839 734 1873 2.
757 1844 794 1872 et
818 1838 928 1886 petiit
954 1837 1002 1872 ab
1023 1849 1066 1872 eo
1081 1838 1263 1887 epistolas

280 1903 321 1937 in
338 1901 576 1937 Damascum
593 1899 647 1935 ad
660 1910 880 1948 synagogas
897 1912 907 1932 .·
926 1904 967 1934 ut
985 1899 1019 1934 si
1039 1911 1134 1949 quos
1153 1901 1260 1936 inve-

280 1964 397 1999 nisset
426 1963 538 2013 lzujus
570 1962 647 1997 viae
677 1961 783 1996 viros
813 1972 860 1995 ac
887 1959 1077 2004 mulieres,
1107 1961 1261 1998 vinctos

274 2022 497 2072 perduceret
517 2022 558 2056 in
578 2019 807 2057 Jerusalem.
840 2019 1051 2069 Opportune
1081 2019 1185 2056 Pauli
1207 2034 1255 2058 ze-

276 2082 352 2119 lum
382 2081 442 2118 hie
471 2080 629 2127 inducit,
652 2088 691 2115 ut
721 2079 825 2115 illum
857 2078 973 2115 medio
1002 2079 1075 2116 zelo
1106 2088 1259 2118 tractum

276 2142 447 2180 ostendat.
469 2140 640 2178 Nondum
665 2139 760 2177 enim
787 2139 933 2176 satiatus
964 2152 1046 2176 nece
1071 2139 1257 2191 Stephani,

275 2216 385 2252 neque
405 2200 673 2253 persequutione
691 2213 731 2237 ac
753 2198 969 2250 dispersione
999 2198 1180 2250 Ecclesiae,
1201 2215 1259 2238 ac-

275 2262 367 2300 cedit
385 2262 431 2299 ad
450 2261 647 2313 principem
667 2259 902 2297 sacerdotum.
934 2258 1003 2295 Hic
1035 2258 1204 2310 impletur
1221 2261 1260 2299 id

275 2323 372 2374 quod
401 2323 564 2361 Christus
595 2319 782 2372 discipulis
801 2319 895 2357 dixit
913 2334 920 2354 :
941 2321 1053 2356 Venit
1082 2321 1193 2370 hora,
1216 2330 1258 2358 uc

277 2389 400 2424 omnis
428 2388 496 2437 qui
523 2383 705 2434 interficit
739 2394 824 2427 vos,
856 2383 1064 2418 arbitretur
1089 2394 1130 2418 se
1149 2384 1258 2419 obse-

275 2450 407 2499 quium
439 2454 622 2497 proestare
650 2444 748 2480 Deo.
787 2441 855 2479 Hic
877 2440 989 2491 igitur
1011 2440 1061 2477 sic
1081 2440 1231 2479 faciebat
1243 2457 1255 2491 3

274 2522 342 2545 non
359 2517 398 2545 ut
415 2509 434 2546 J
440 2506 545 2554 udaei,
562 2504 666 2542 absit.
687 2502 796 2550 Quod
811 2502 904 2539 enim
918 2516 963 2539 ex
974 2502 1046 2538 zelo
1061 2501 1100 2538 id
1115 2502 1254 2553 faceret,

272 2569 355 2606 hinc
372 2568 491 2620 palam
510 2574 576 2615 est,
598 2562 692 2615 quod
711 2562 756 2599 ad
775 2571 910 2600 exteras
930 2562 1091 2599 civitates
1121 2563 1254 2614 migra-

270 2639 333 2667 ret.
354 2628 431 2666 Illis
448 2641 531 2665 vero
561 2638 673 2675 neque
687 2637 740 2673 ea,
759 2637 836 2672 quae
855 2622 1087 2674 Jerosolymis
1102 2622 1250 2673 fiebant,

269 2705 360 2728 curae
379 2698 476 2727 erant
489 2718 498 2736 ,
517 2686 578 2725 sed
597 2699 707 2723 unum
734 2684 957 2721 sectabantur
974 2683 1158 2721 honorem.
1181 2685 1252 2722 Cur

267 2759 384 2788 autem
404 2751 621 2787 Damascum
636 2744 747 2782 adiit?
769 2746 901 2795 Magna
922 2743 1046 2781 civitas
1061 2753 1134 2781 erat
1150 2753 1182 2782 et
1198 2760 1252 2783 re-

267 2811 491 2862 giaztimebat
500 2822 542 2845 ne
552 2808 615 2845 illa
627 2819 766 2856 quoque
778 2813 1094 2856 praeoccuparetur.
1107 2804 1154 2842 Et
1168 2806 1250 2844 vide

265 2873 423 2911 studium
443 2872 518 2923 ejus
537 2868 782 2917 ardoremque,
802 2879 842 2903 ac
858 2879 965 2915 quam
984 2865 1179 2904 secundum
1195 2867 1246 2905 le-

264 2949 343 2986 gem
359 2943 450 2985 agat.
470 2933 549 2970 Non
563 2930 639 2968 adit
653 2928 870 2981 praefectum,
895 2926 955 2963 sed
976 2926 1173 2978 principem
1192 2943 1245 2966 sa-

263 2994 455 3032 cerdotum.
476 2993 580 3029 Petit
595 2992 644 3027 ab
664 2992 744 3039 ipso
759 2986 955 3038 epistolas,
974 2994 1015 3022 ut
1030 2989 1063 3023 si
1077 3001 1172 3038 quos
1187 2991 1245 3025 in-

264 3058 405 3092 veniret
427 3055 540 3104 hujus
554 3053 642 3087 via-2³.
662 3048 770 3087 Viam
785 3055 888 3084 vocat
902 3046 1092 3095 credentes,
1114 3048 1175 3097 qui
1194 3048 1243 3086 sic

260 3117 304 3152 ab
327 3114 491 3152 omnibus
508 3121 589 3149 tunc
608 3108 825 3147 vocabantur
837 3136 846 3153 ,
869 3107 956 3144 forte
975 3106 1057 3156 quia
1080 3107 1176 3145 viam
1194 3110 1241 3147 ad

259 3176 382 3212 caelum
399 3172 596 3211 tendentem
610 3168 846 3207 sectabantur.
865 3167 938 3204 Cur
950 3175 1156 3218 potestatem
1169 3182 1237 3207 non

258 3236 382 3287 accipit
391 3235 471 3272 illos
484 3232 617 3270 ibidem
627 3229 811 3282 puniendi,
823 3228 882 3266 sed
892 3230 913 3267 J
916 3228 1151 3280 erosolyuiam
1167 3230 1235 3268 du-

297 3386 308 3399 3

332 3402 337 3408 .
346 3389 409 3408 ww

722 242 761 273 S.
798 241 976 272 JOANNIS
1013 238 1253 269 CHRYSOST.
1292 240 1496 270 ARCIHEP.
1535 241 1885 273 CONSTANTINOP.

429 3379 598 3411 αἰνίττεται,
615 3376 659 3405 ὅτι
676 3375 817 3412 ἐλυπήθη,
832 3370 877 3401 sic
895 3380 988 3400 unus.

1335 323 1444 376 εΟρξίς
1461 327 1562 363 αὐτοῦ
1581 325 1645 372 τὴν
1662 328 1869 377 ἐπιθυμίαν,
1886 330 1939 366 Οὐ
1958 328 2076 378 λέγει,
2099 328 2268 379 βοίπτισόν
2286 343 2350 377 με,

1335 383 1412 421 οὔτε
1434 393 1568 436 simu-3·
1591 386 1680 424 ἀλλὰ
1710 387 1811 436 μέσον
1846 405 1880 426 τι
1906 389 1965 426 καὶ
1995 392 2058 435 τῆς
2090 388 2274 440 ἐπιθυμίας
2293 387 2352 425 καὶ

1335 447 1397 489 τῆς
1416 446 1597 489 εὐλαὸείας
1617 446 1819 498 φθέγγεται,
1836 449 1945 499 λέγων
1964 465 1971 472 ·
1998 449 2045 487 Τί
2063 449 2190 487 κωλύει
2214 465 2257 499 με
2284 451 2352 498 βα-

1336 508 1544 555 πτισθῆναι,
1559 506 1657 558 <Ὀρα
1668 538 1677 554 ,
1695 509 1768 551 πῶς
1778 508 1822 545 τὰ
1833 508 1990 558 δόγματα
2004 509 2248 562 ἀπηρτισμένα
2261 502 2334 560 εἶχε
2344 523 2352 531 ·

1339 565 1398 602 καὶ
1420 565 1487 618 γὰρ
1509 569 1526 604 ὃ
1546 567 1726 618 προφήτης
1750 567 1865 605 πάντα
1884 575 2060 620 περιεῖχε,
2083 569 2145 616 τὴν
2166 570 2354 622 σάρκωσιν,

1337 625 1377 663 τὸ
1403 626 1511 670 πάθος
1524 656 1533 673 ,
1552 626 1615 673 τὴν
1636 628 1838 676 ἀνάστασιν,
1862 628 1925 673 τὴν
1946 629 2131 680 ἀνάληψιν,
2157 630 2218 676 τὴν
2239 629 2352 682 κρίσιν

1338 685 1401 732 τὴν
1423 687 1614 737 μέλλουσαν
1626 703 1634 711 ·
1656 688 1677 725 ἃ
1695 688 1734 736 δὴ
1756 689 1815 726 καὶ
1833 688 1964 734 πολλὴν
1981 689 2044 736 τὴν
2061 689 2245 739 ἐπιθυμίαν
2259 691 2353 740 αὐτῷ

1340 747 1494 797 μάλιστα
1534 749 1750 795 ἐνεποίησαν.
1792 749 2012 801 Αἷσχύνθητε
2049 749 2123 788 ὅσοι
2167 749 2355 801 ἀφώτιστοι

1338 809 1541 860 τυγΑάνε-εε.
1573 810 1643 847 Καὶ
1676 809 1855 857 ἐκέλευσε,
1890 811 1992 862 φησὶ,
2019 814 2144 856 στῆναι
2176 810 2216 848 τὸ
2241 810 2352 861 ἅρμα.

1337 866 1355 882 v
1472 864 1489 883 ’ἴ
1611 870 1617 883 ι
1650 873 1659 885 ³
1697 871 1705 883 ι
1753 870 1768 885 r
1888 870 1897 884 x
1944 870 1960 885 -Ἀ
1993 872 2002 884 ο
2058 869 2067 883 r
2143 869 2153 881 t
2226 869 2253 883 ω
2287 871 2296 883 7
2328 868 2337 881 J

1305 883 1311 892 '
1347 871 1432 918 Αμα
1460 885 1534 907 Ξῑπὶ
1564 886 1623 908 και
1644 886 1809 917 ansvaga,
1840 887 1921 923 πρὶν
1941 887 1963 915 η
1984 885 2127 922 ακουσῃ.
2153 870 2203 912 Ως
2222 884 2258 906 ΟΞ
2278 885 2355 906 ανε-

1339 928 1448 975 6ησαν
1476 931 1545 969 ἀπὸ
1565 935 1624 969 τοῦ
1654 931 1796 979 ὕδατος,
1816 933 1965 982 Πνεῦμα
1984 930 2112 982 Κυρίου
2138 929 2277 981 ἥρπασε
2297 929 2354 967 τὸν

1338 991 1531 1032 Φίλιππον.
1552 995 1678 1036 Καλῶς
1693 1023 1702 1040 ,
1720 993 1775 1030 ἵνα
1795 997 1881 1030 θεῖον
1900 993 2018 1044 δειχθῇ
2037 992 2076 1029 τὸ
2087 991 2277 1042 γινόμενον,
2296 989 2356 1027 καὶ

1337 1050 1393 1089 ἵνα
1415 1051 1462 1102 μὴ
1477 1053 1602 1103 νομίσῃ
1617 1081 1626 1098 ,
1645 1053 1698 1091 ὅτι
1716 1053 1894 1104 ἅνθρωπός
1910 1057 2002 1092 ἐστιν
2025 1055 2155 1096 ἁπλῶς.
2180 1050 2250 1089 Καὶ
2269 1053 2355 1088 ἐπο-

1341 1111 1470 1163 ρεύετο,
1488 1113 1593 1164 φησὶ,
1623 1114 1686 1160 τὴν
1705 1114 1781 1151 ὁδὸν
1800 1117 1902 1152 αὐτοῦ
1931 1114 2075 1166 χαίρων.
2101 1118 2115 1133 ³
2128 1115 2243 1150 Τοῦτο
2258 1106 2354 1161 εἷπε,

1339 1171 1489 1217 δεικνὺς,
1519 1173 1571 1210 ὅτι
1608 1174 1762 1220 ἐλυπήθη
1796 1174 1848 1221 ἂν,
1878 1176 1907 1211 εἷ
1928 1175 2035 1224 ἔγνω·
2067 1173 2174 1216 οὕτως
2202 1171 2269 1210 ὑπὸ
2292 1176 2355 1219 τῆς

1337 1233 1469 1277 πολλῆς
1494 1241 1624 1284 χαρᾶς,
1642 1234 1756 1271 καίτοι
1783 1234 1986 1284 Πνεύματος
2010 1234 2252 1278 καταξιωθεὶς,
2278 1232 2356 1271 οὐδὲ

1337 1291 1430 1343 ἑώρα
1450 1292 1495 1331 τὰ
1522 1293 1692 1346 παρόντα,
1712 1294 1782 1332 Καὶ
1807 1295 1926 1345 εὑρέθη
1943 1324 1952 1341 ,
1985 1294 2104 1346 φησὶν,
2126 1296 2172 1337 εἷς
2193 1293 2354 1337 Ἄζωτον.

1337 1352 1441 1404 Μέγα
1463 1356 1613 1392 ἐντεῦθεν
1631 1355 1690 1392 καὶ
1706 1358 1723 1392 ὃ
1745 1354 1923 1397 Φίλιππος
1942 1354 2133 1405 ἐκέρδανεν.
2154 1354 2270 1407 εὈτιτερ
2289 1354 2356 1407 γὰρ

1336 1413 1464 1459 ἤκουσε
1490 1415 1568 1465 περὶ
1589 1417 1657 1453 τῶν
1682 1418 1883 1467 προφητῶν,
1912 1415 1992 1467 περὶ
2016 1414 2242 1465 Ἀμὸακοὺμ,
2275 1415 2355 1467 περὶ

1337 1472 1505 1521 Ἰεζεκιὴλ
1528 1475 1586 1512 καὶ
1606 1478 1674 1512 τῶν
1696 1476 1823 1522 ἄλλων,
1841 1470 1927 1513 εἶδεν
1952 1477 2006 1513 ἐπ’
2028 1478 2130 1513 αὐτοῦ
2159 1475 2354 1526 γενόμενον,

1335 1533 1370 1578 ὃς
1386 1536 1420 1572 ἐν
1435 1537 1557 1587 ἀκαρεῖ
1576 1536 1749 1574 δείκνυται
1769 1536 1901 1583 πολλὴν
1921 1538 1996 1575 ὁδὸν
2018 1536 2193 1583 ἀπελθὼν,
2213 1537 2246 1574 εἴ
2265 1553 2300 1588 γε
2320 1540 2354 1576 ἐν

1334 1594 1471 1648 Ἀζώτῳ
1494 1597 1614 1648 &apio-r„
1628 1625 1637 1642 ‚
1656 1598 1715 1635 καὶ
1741 1600 1810 1635 ἐκεῖ
1825 1597 1944 1635 λοιπὸν
1963 1596 2126 1644 ἵσταται,
2147 1597 2228 1635 ἔνθα
2253 1598 2353 1636 αὐτὸν

1333 1656 1393 1693 καὶ
1410 1657 1700 1708 εὐαγγελίσασθαι
1714 1658 1793 1695 ἔδει.
1814 1659 1947 1700 Σαῦλος
1963 1656 1997 1695 δὲ
2016 1657 2066 1694 ἔτι
2082 1657 2239 1707 ἐμπνέων
2257 1660 2357 1696 ἀπει-

1333 1717 1396 1761 λῆς
1411 1718 1470 1754 καὶ
1491 1717 1592 1769 φόνου
1613 1721 1662 1761 εἷς
1680 1719 1758 1762 τοὺς
1779 1718 1937 1769 μαθητὰς
1955 1722 2014 1755 τοῦ
2030 1717 2159 1768 Κυρίου
2172 1748 2181 1765 ,
2204 1719 2355 1769 προσελ-

1335 1776 1401 1814 θὼν
1418 1780 1466 1829 τῷ
1495 1779 1667 1832 ἀρχιερεῖ,
1695 1779 1852 1831 ᾐτήσατο
1877 1782 1960 1831 παρ’
1981 1780 2083 1816 αὐτοῦ
2103 1778 2288 1822 ἐπιστολὰς
2308 1780 2356 1822 εἷς

1333 1839 1524 1887 Δαμασκὸν
1543 1840 1628 1891 πρὸς
1646 1839 1708 1883 τὰς
1728 1839 1929 1891 συναγωγὰς
1942 1871 1951 1888 ,
1966 1841 2058 1882 ὅπως
2071 1870 2081 1887 ,
2102 1840 2142 1876 ἄν
2161 1855 2257 1882 τινας
2274 1838 2353 1891 εὕρῃ

1332 1902 1394 1944 τῆς
1420 1900 1497 1936 ὁδοῦ
1517 1899 1616 1943 ὄντας
1640 1901 1764 1953 ἄνδρας
1783 1916 1819 1937 τε
1849 1901 1908 1938 καί
1932 1907 2118 1952 γυναῖκας,
2153 1899 2352 1950 δεδεμένους

1332 1958 1444 2011 ἀγάγῃ
1462 1962 1509 2003 εἷς
1523 1960 1766 2012 Ἰερουσαλήμ.
1785 1961 1967 2013 Εὗκαίρως
1979 1960 2195 2013 παρενέὲαλε
2208 1960 2252 1998 τὰ
2270 1960 2351 2012 περὶ

1330 2023 1388 2056 τοῦ
1407 2021 1508 2067 ζήλου
1523 2026 1582 2059 τοῦ
1596 2021 1751 2068 Παύλου,
1771 2022 1826 2059 ἵνα
1843 2021 1951 2073 δείξῃ,
1969 2021 2016 2059 ”τι
2030 2024 2063 2059 ἐν
2080 2021 2176 2073 μέσῳ
2191 2023 2241 2072 τῷ
2258 2021 2351 2074 ζήλῳ

1329 2080 1478 2119 ἕλκεται.
1492 2082 1640 2120 Οὐδέπω
1651 2083 1719 2135 γὰρ
1730 2083 1902 2134 κορεσθεὶς
1911 2085 1959 2134 τῷ
1972 2082 2062 2134 φόνῳ
2073 2081 2261 2134 Στεφάνου,
2272 2080 2350 2119 οὐδὲ

1330 2143 1541 2190 ἐμπλησθεὶς
1566 2146 1615 2194 τῷ
1644 2144 1787 2195 διωγμῷ
1810 2146 1870 2189 τ’ἧς
1890 2142 2104 2189 Ἐκκλησίας
2129 2141 2187 2180 καὶ
2206 2145 2249 2193 τῇ
2272 2142 2350 2179 δια-

1329 2208 1459 2252 σπορᾷ,
1479 2202 1636 2253 πρόσεισι
1659 2206 1708 2254 τῷ
1729 2206 1895 2256 ἀρχιερεῖ.
1915 2203 2088 2241 Ἐνταῦθα
2103 2205 2295 2254 πληροῦται
2309 2203 2350 2240 τὸ

1328 2260 1425 2311 παρὰ
1443 2266 1502 2298 τοῦ
1524 2264 1673 2312 Χριστοῦ
1696 2263 1782 2315 πρὸς
1801 2263 1877 2306 τοὺς
1900 2264 2057 2313 μαθητὰς
2077 2263 2270 2314 εἰρημένον,
2293 2262 2347 2301 ὅτι

1328 2319 1497 2372 Ἔρχεται
1519 2321 1612 2372 ὥρα,
1634 2322 1690 2359 ἵνα
1718 2330 1786 2366 πᾶς
1806 2326 1822 2360 ὁ
1844 2323 2048 2365 ἀποκτείνας
2067 2326 2156 2372 ὑμᾶς
2182 2323 2260 2374 δόξῃ
2284 2325 2348 2360 λα-

1327 2381 1442 2433 τρείαν
1476 2382 1680 2435 προσφέρειν
1713 2386 1760 2435 τῷ
1792 2386 1883 2434 Θεῷ.
1904 2379 2040 2426 ιὈῧτος
2060 2383 2121 2433 μὲν
2154 2377 2210 2426 οὖν
2240 2382 2346 2426 οὕτως

1327 2442 1458 2490 ἐποίει,
1475 2445 1538 2495 οὐχ
1561 2446 1607 2486 ὡς
1626 2443 1808 2481 Ἰουδαῖοι·
1832 2443 1879 2493 μὴ
1900 2443 2044 2494 γένοιτο.
2065 2444 2151 2481 “On
2166 2442 2234 2495 γὰρ
2249 2443 2343 2494 ζήλῳ

1324 2503 1454 2551 ἐποίει,
1477 2505 1578 2549 δῆλον
1599 2507 1637 2542 ἐκ
1657 2509 1716 2541 τοῦ
1743 2504 1802 2542 καὶ
1825 2506 1871 2547 εἷς
1889 2504 1950 2548 τὰς
1971 2504 2034 2548 ἔξω
2054 2504 2172 2546 πόλεις
2192 2503 2341 2541 ἀπιέναι.

1324 2563 1475 2601 >Εκεῖνοι
1494 2564 1529 2602 δὲ
1544 2565 1619 2602 οὔτε
1640 2565 1703 2602 κᾶν
1719 2567 1786 2602 τῶν
1802 2567 1835 2602 ἐν
1858 2564 2111 2616 Ἱεροσολύμοις
2126 2563 2342 2615 ἐφρόντισαν,

1325 2626 1400 2662 ἀλλ’
1414 2625 1484 2668 ἑνὸς
1499 2625 1651 2676 ἐγένοντο
1666 2625 1768 2676 μόνου
1785 2630 1844 2663 τοῦ
1858 2628 1961 2673 τιμῆς
1977 2624 2173 2664 ἀπολαύειν.
2184 2624 2252 2662 Διὰ
2260 2625 2294 2662 τί
2306 2624 2341 2663 δὲ

1323 2687 1368 2728 εἰς
1388 2686 1577 2736 Δαμασκὸν
1596 2685 1797 2738 ἐπορεύετο,
1822 2687 1969 2737 Μεγάλῃ
1990 2691 2011 2732 ἦ
2035 2687 2133 2729 πόλις
2159 2680 2213 2733 ἦν,
2241 2689 2341 2736 βασι-

1320 2747 1400 2793 λικὴ
1412 2742 1452 2793 ἦν
1468 2763 1475 2770 ·
1497 2748 1667 2800 ε’φοὸεῖτο,
1688 2747 1734 2797 μὴ
1753 2747 1811 2785 καὶ
1831 2747 1944 2793 ἐκείνη
1965 2749 2253 2801 προκαταληφθῇ.
2269 2746 2340 2785 Καὶ

1321 2808 1384 2858 ὅρα
1406 2808 1462 2845 τὸν
1492 2808 1596 2846 πόθον
1627 2808 1687 2846 καὶ
1718 2808 1780 2854 τὴν
1812 2808 2052 2859 σφοδρότητα,
2086 2812 2160 2850 πῶς
2188 2810 2340 2858 νομικῶς

1320 2869 1498 2920 ἔπραττεν.
1528 2871 1580 2907 Οὐ
1611 2868 1844 2921 προσέρχεται
1864 2868 2018 2919 ἄρχοντι,
2047 2867 2137 2905 ἀλλὰ
2160 2871 2210 2920 τῷ
2233 2871 2337 2920 ἀρχι-

1320 2935 1400 2980 ερεῖ.
1431 2931 1529 2967 Atre}
1560 2929 1745 2971 ἐπιστολὰς
1775 2931 1858 2979 παρ’
1889 2930 2015 2975 αὐτοῦ,
2033 2928 2146 2975 ὅπως,
2180 2929 2220 2965 ἅν
2242 2945 2336 2973 τινας

1318 2990 1400 3041 εὕρῃ
1421 2994 1482 3036 τῆς
1498 2992 1574 3027 ὃδοῧ
1595 2990 1708 3032 ὄντας.
1733 2988 1835 3025 Ὁδὸν
1867 2987 1944 3031 τοὺς
1963 2988 2188 3031 πιστεύοντας
2217 2991 2334 3034 καλεῖ,

1315 3050 1347 3088 οἳ
1366 3050 1462 3102 παρὰ
1481 3057 1587 3088 πᾶσιν
1608 3049 1714 3091 οὕτως
1739 3048 1956 3098 ὠνομάζοντο
1980 3048 2056 3086 τότε
2073 3077 2082 3094 ,
2103 3050 2185 3092 ἴσως
2212 3049 2267 3087 διὰ
2295 3051 2336 3088 τὸ

1314 3111 1376 3157 τὴν
1397 3112 1473 3149 ὁδὸν
1497 3111 1631 3161 τέμνειν
1648 3109 1708 3156 τὴν
1737 3112 1783 3151 εἷς
1805 3109 1944 3160 οὐρανὸν
1966 3109 2145 3162 φέρουσαν.
2163 3110 2231 3148 Διὰ
2244 3110 2278 3148 τί
2297 3111 2332 3148 δὲ

1313 3172 1361 3222 μὴ
1383 3172 1505 3210 {knew
1533 3171 1684 3215 ἐξουσίαν
1704 3172 1775 3207 ἐκεῖ
1797 3170 2062 3220 τιμωρήσασθαι
2092 3170 2233 3217 αὐτοὺς,
2252 3172 2328 3208 ἀλλ’

1311 3235 1357 3275 εἷς
1375 3231 1599 3283 Ἱεροσόλυμα
1619 3231 1716 3281 ἄγει,
1740 3229 1849 3267 υΩστε
1870 3229 1958 3279 μετὰ
1974 3229 2130 3274 πλείονος
2150 3234 2212 3277 τῆς
2231 3230 2329 3275 ἐξου-

1368 3373 1383 3396 b
1400 3371 1492 3402 Unus
1509 3371 1591 3407 οὗτος
1607 3373 1635 3403 δὲ
1647 3373 1737 3408 οὕτως
1753 3375 1852 3404 ἐποίει.
