2466 3805
313 260 403 306 206
779 274 815 302 s.

312 356 350 394 Si
384 357 450 393 hoc
478 356 543 393 tibi
574 353 792 407 persuadeas,
812 363 935 400 nempe
963 346 1188 399 providentia
1217 344 1284 381 Dei
1309 347 1331 376 B

313 417 429 454 omnia
447 413 700 461 administrari,
715 411 776 461 qui
794 410 862 446 alia
878 407 1050 459 permittit
1066 420 1133 456 qua
1151 404 1285 442 ratione

313 478 387 528 ipse
399 476 507 523 novit,
521 475 590 511 alia
603 482 719 510 autem
736 478 910 521 operatur,
925 468 970 504 ab
984 466 1080 504 omni
1096 465 1286 516 quaestione

312 537 479 573 liberatus
503 548 552 583 es,
574 542 606 570 et
624 531 807 569 solutionis
826 530 966 566 lucrum
992 526 1192 579 percepisti.
1214 525 1287 564 Sed

312 596 359 633 ad
384 595 600 646 propositum
623 601 852 630 revertamur.
875 589 1102 639 Quiaigitur
1119 587 1216 626 vides
1235 595 1287 625 tot

312 656 348 693 in
375 655 558 706 suppliciis
582 668 667 701 esse,
690 654 875 702 Deumque
893 651 970 688 haec
997 650 1114 688 omnia
1141 648 1288 701 permit-

309 724 402 753 tere:
425 714 624 752 valetudine
647 714 801 766 corporis
822 722 919 751 utere
937 711 982 749 ad
1001 711 1125 749 animae
1149 710 1288 749 valetu-

309 777 439 814 dinem.
463 776 533 814 Sed
553 776 648 814 dices
669 792 675 812 :
697 775 794 822 Quid
819 774 909 812 mihi
930 787 1018 825 opus
1038 782 1088 810 est
1107 771 1291 809 laboribus

310 846 343 874 et
364 837 517 886 miseria,
533 851 613 874 cum
627 836 717 874 mihi
735 836 837 874 liceat
855 834 973 872 omnia
992 833 1065 871 sine
1078 833 1199 871 labore
1221 833 1292 870 sol·

311 899 417 936 vere?
440 898 515 935 Hoc
544 907 634 935 certe
660 911 730 935 non
762 896 987 934 manifestum
1018 903 1079 932 est.
1111 893 1293 944 Contingit

311 959 405 996 enim
416 968 455 996 ut
468 973 537 996 non
547 958 652 996 modo
663 972 731 995 non
744 957 817 995 sine
831 958 950 994 labore
967 955 1094 1003 solvas,
1111 954 1171 992 sed
1187 955 1293 992 etiam

312 1029 351 1058 ut
369 1020 532 1057 omnibus
548 1029 693 1057 onustus
711 1019 1054 1057 decedas.Caeterum
1073 1016 1212 1054 etiamsi
1226 1016 1294 1054 hoc

313 1082 539 1119 manifestum
562 1091 662 1129 esset,
681 1095 750 1119 non
779 1080 943 1118 ferendus
967 1088 1083 1116 tamen
1101 1078 1161 1115 hic
1180 1091 1292 1115 sermo

313 1151 414 1180 esset.
437 1143 478 1179 In
499 1142 688 1179 certamina
716 1141 826 1179 traxit
850 1157 857 1177 :
879 1154 976 1177 arma
996 1138 1109 1191 posita
1130 1147 1210 1175 sunt
1229 1152 1294 1175 au-

314 1217 384 1240 rea.
404 1204 494 1240 Cum
522 1211 696 1254 oporteret
714 1202 775 1239 illa
803 1215 939 1239 sumere
955 1209 988 1238 et
1006 1208 1166 1248 tractare,
1182 1208 1221 1236 tu
1239 1199 1294 1237 vis

315 1263 489 1313 inglorius
506 1263 652 1312 servari,
666 1262 825 1312 nihilque
843 1261 928 1299 boni
948 1261 1096 1313 operari.
1109 1261 1177 1297 Dic
1192 1260 1294 1310 mihi,

315 1323 345 1361 si
368 1324 503 1361 bellum
522 1323 680 1373 instaret,
705 1337 836 1374 rexque
861 1322 1007 1369 adesset,
1025 1331 1058 1359 et
1085 1321 1173 1359 alios
1193 1321 1295 1360 Vide-

316 1399 371 1422 res
388 1384 424 1421 in
442 1384 576 1422 medias
593 1385 787 1436 phalangas
804 1398 840 1422 se
855 1383 1056 1431 immittere,
1073 1382 1245 1420 caedentes
1263 1391 1296 1420 et

315 1445 518 1482 innumeros
539 1445 745 1483 vulneribus
766 1444 974 1493 afficientes,
995 1443 1153 1493 aliosque
1168 1444 1205 1481 in
1226 1443 1297 1480 sin-

316 1505 437 1556 gulare
451 1515 620 1543 certamen
635 1504 896 1554 descendentes,
908 1505 996 1541 alios
1014 1505 1191 1554 saltantes,
1209 1504 1297 1542 alios

317 1580 424 1616 equos
456 1566 625 1617 agitantes
662 1581 681 1603 a
714 1580 795 1617 rege
818 1565 979 1614 laudari,
1009 1565 1045 1602 in
1068 1564 1299 1602 admiratione

316 1627 455 1676 haberi,
481 1627 664 1678 plausibus
694 1627 824 1678 excipi,
851 1626 1029 1675 coronari,
1052 1626 1138 1663 alios
1165 1635 1297 1673 contra,

318 1687 380 1737 qui
399 1696 558 1738 optarent
579 1687 670 1724 nihil
691 1687 775 1724 mali
803 1686 888 1738 pati,
910 1695 943 1723 et
968 1686 1112 1723 ultimos
1139 1695 1295 1723 tenerent

317 1747 458 1784 ordines
476 1763 483 1783 :
501 1747 694 1797 deindeque
713 1747 826 1784 soluto
845 1746 954 1793 bello,
973 1746 1060 1783 alios
1073 1746 1209 1795 vocari,
1224 1761 1298 1783 ma-

316 1809 394 1860 gnis
415 1808 620 1846 muneribus
643 1807 770 1858 excipi,
790 1816 822 1844 et
839 1806 1031 1856 celebrari,
1054 1806 1200 1843 illorum
1215 1821 1298 1845 vero

316 1884 360 1907 ne
378 1883 503 1907 nomen
520 1869 663 1918 quidem
685 1868 846 1920 proferri,
866 1867 927 1905 sed
947 1881 1055 1904 unam
1074 1867 1224 1904 salutem
1243 1881 1299 1904 ac-

317 1929 429 1981 cipere
452 1930 626 1967 bonorum
660 1927 858 1966 mercedem
874 1944 880 1964 :
896 1943 941 1965 ex
965 1937 1127 1965 utrorum
1154 1942 1300 1966 numero

316 2004 389 2027 esse
403 1990 540 2028 velles?
556 1989 706 2027 Etiamsi
726 1989 886 2041 lapideus
902 2003 1006 2040 esses,
1029 1989 1167 2026 etiamsi
1185 1989 1300 2027 insen-

317 2051 483 2088 sibilibus
516 2060 548 2088 et
578 2050 781 2088 inanimatis
809 2050 990 2101 ignaviol‘3
1022 2064 1138 2087 annon
1170 2050 1300 2089 millies

317 2123 456 2165 optares
471 2128 516 2151 ex
529 2113 674 2150 illorum
688 2127 833 2150 numero
846 2114 941 2150 esses.)
958 2113 1079 2150 Etiam
1089 2128 1150 2151 oro
1159 2123 1191 2151 et
1202 2114 1302 2152 obse-

320 2188 390 2212 cro.
406 2174 557 2211 Etiamsi
573 2174 666 2210 enim
681 2183 897 2225 pugnantem
911 2173 1032 2211 cadere
1045 2184 1231 2225 oporteret,
1244 2189 1303 2212 an-

320 2249 390 2273 non
410 2235 502 2272 illud
518 2245 657 2272 strenue
677 2245 749 2272 erat
767 2235 997 2286 eligendum?
1014 2236 1094 2272 Non
1110 2235 1210 2273 vides
1227 2250 1299 2286 eos,

321 2297 437 2348 quiin
456 2297 511 2334 his
528 2297 634 2334 bellis
656 2296 801 2346 cadunt,
825 2311 931 2347 quam
955 2297 1024 2334 sint
1051 2298 1138 2335 clari
1169 2307 1201 2335 et
1227 2299 1302 2349 glo-

322 2357 434 2395 riosi?
450 2357 558 2407 Atqui
577 2366 655 2409 post
674 2367 824 2395 mortem
845 2371 913 2394 non
935 2367 1083 2409 possunt
1100 2373 1120 2396 a
1140 2373 1221 2410 rege
1239 2359 1303 2396 ho-

322 2421 456 2459 norari.
477 2422 517 2458 In
542 2421 603 2458 illo
624 2430 741 2458 autem
759 2421 853 2458 bello
872 2420 963 2457 nihil
978 2421 1060 2471 tale,
1080 2421 1140 2459 sed
1162 2422 1304 2460 omnino

323 2483 533 2533 conspicuus
562 2481 647 2530 eris,
674 2480 704 2518 si
736 2480 913 2518 cicatrices
940 2480 1070 2519 habeas
1092 2497 1099 2517 ε
1125 2496 1210 2531 quas
1237 2482 1306 2521 uti-

324 2557 406 2580 nam
430 2557 492 2580 nos
518 2556 637 2580 omnes
669 2542 836 2579 exhibere
862 2542 1055 2593 possimus,
1080 2544 1185 2581 etiam
1206 2553 1306 2581 extra

323 2603 622 2656 persequutiones,
646 2603 683 2640 in
712 2603 852 2640 Christo
885 2605 968 2642 Jesu
995 2604 1148 2642 Domino
1177 2614 1307 2653 nostro,

326 2664 469 2714 quicum
484 2665 581 2702 Patri
601 2674 632 2702 et
649 2664 798 2716 Spiritui
817 2673 936 2702 sancto
964 2665 1089 2716 gloria,
1104 2666 1306 2717 imperium,

328 2724 454 2774 honor,
473 2739 567 2763 nunc
592 2734 624 2763 et
643 2739 790 2778 semper,
811 2734 843 2763 et
866 2725 901 2763 in
924 2726 1052 2765 saecula
1081 2726 1304 2765 saeculorum,

329 2788 452 2823 Amen.

1321 2938 1366 2963 192

1332 2977 1358 3004 A

379 3156 394 3171 ¹*
416 3157 544 3197 [ἄλλους
564 3159 727 3194 πηδῶντας.
741 3157 819 3188 Haee
841 3154 971 3187 addunt
985 3156 1025 3188 D.
1043 3162 1075 3188 et
1091 3167 1193 3200 marg.
1212 3156 1332 3200 Savil.]

382 3208 397 3231 b
414 3207 475 3239 Alii
492 3213 705 3251 καλουμένους,
723 3215 904 3253 τιμωμένου,-
921 3216 985 3246 ταῖς
1001 3214 1163 3252 μεγίσταις.

853 269 1028 302 ,ΙΟᾹΝΝΙΞ
1064 264 1309 296 cthsoST.
1346 262 1549 292 ARCHIEP.
1583 262 1932 292 CONSTANTINOP-

1355 349 1461 381 ποιεῖ·
1481 342 1535 380 ὅτι
1561 343 1772 380 καταλαὸεῖν
1791 344 1904 380 αὐτῶν
1923 343 1979 380 τὸν
2007 342 2106 394 λόγον
2129 344 2191 381 οὐκ
2215 343 2276 381 ἔνι.
2296 341 2373 380 Μία

1354 404 1451 446 λύσις
1471 402 1558 449 αὕτη
1574 434 1583 451 ,
1609 403 1668 441 καὶ
1687 403 1815 449 ταύτης
1834 403 1984 453 ἀμείνων
2010 402 2111 454 ἑτέρα
2136 405 2196 441 οὐκ
2217 405 2302 442 ἔστι.
2325 404 2377 441 Τί·-

1354 464 1445 516 γὰρ,
1467 463 1541 501 εἶπέ
1567 480 1647 514 μοι,
1673 467 1735 510 τ’ἧς
1760 463 1892 506 λύσεως
1924 463 2041 515 ἔργον,
2069 463 2215 507 Πάντως
2247 464 2374 515 μηκέτι

1356 528 1469 571 ζητεῖν
1489 525 1527 562 τὸ
1539 524 1653 563 λυθέν.
1671 523 1745 562 Κᾶν
1759 528 1858 563 τοῦτο
1870 524 1992 575 πείσῃς
2008 524 2144 572 σαυτὸν,
2161 524 2213 562 ὅτι
2231 525 2375 576 προνοίᾳ

1356 588 1448 624 Θεοῦ
1464 585 1508 623 τὰ
1523 585 1636 623 πάντα
1657 586 1848 631 διοικεῖται,
1866 585 1909 623 τὰ
1930 585 1990 636 μὲν
2007 591 2261 638 συγχωροῦντος
2280 588 2321 623 δι’
2339 585 2376 623 ὃν

1358 642 1427 686 οἶδε
1442 647 1556 698 λόγον,
1576 646 1621 685 τὰ
1636 646 1671 684 δὲ
1688 648 1925 698 ἐνεργοῦντος,
1948 647 2154 697 ἀπηλλάγης
2172 652 2230 685 τοῦ
2249 649 2376 694 ζητεῖν,

1359 708 1419 747 καὶ
1437 710 1500 754 τῆς
1516 707 1644 751 λύσεως
1663 708 1703 746 τὸ
1720 707 1839 761 κέρδος
1855 707 1986 751 ἔλαὸες.
2005 709 2095 745 Ἀλλ’
2118 707 2312 758 ἐπανίωμεν
2329 710 2378 751 εἷς

1360 769 1400 808 τὸ
1414 769 1651 821 προκείμενον.
1676 769 1778 807 Ἐπεὶ
1802 763 1858 807 οῦν
1878 772 1959 820 ὁρᾷς
1977 768 2156 812 τοσούτους
2174 771 2207 807 ἐν
2233 768 2377 806 κολάσε-

1362 847 1418 878 σι,
1447 835 1557 868 ταῦτα
1577 830 1612 868 δὲ
1640 833 1658 868 ὃ
1686 830 1775 874 Θεὸς
1805 835 1978 882 συγχωρεῖ
2008 829 2143 875 πάντα,
2169 832 2300 883 χρῆσαι
2332 830 2376 879 τῇ

1362 891 1460 945 ὑγεία
1484 897 1542 930 τοῦ
1575 891 1733 942 σώματος
1763 894 1810 935 εἷς
1836 891 1899 939 τὴν
1921 891 2039 942 ὑγείαν
2056 894 2118 937 τῆς
2137 892 2266 942 ψυχῆς.
2288 890 2379 928 Ἀλλ’

1363 956 1471 1005 ἐρεῖς,
1503 953 1536 991 τί
1573 968 1632 1003 μοι
1659 953 1761 1005 χρεία
1787 953 1901 991 πόνων
1929 952 1988 990 καὶ
2016 951 2275 1005 ταλαιπωρίας,
2308 951 2380 996 ἐξὸν

1365 1015 1511 1061 ἀπονητὶ
1547 1015 1662 1052 πάντα
1697 1014 1960 1062 ἀπολύσασθαι,
1997 1014 2164 1052 Μάλιστα
2205 1013 2267 1064 μὲν
2305 1012 2383 1052 οὐδὲ

1365 1078 1467 1123 δῆλον
1485 1076 1584 1115 τοῦτο’
1601 1079 1686 1115 ἐστι.
1702 1076 1895 1126 Συμδαίνει
1907 1077 1974 1130 γὰρ
1990 1079 2027 1114 οὐ
2043 1075 2144 1126 μόνον
2166 1075 2313 1122 ἀπονητὶ
2334 1075 2382 1126 μὴ

1365 1137 1625 1185 ἀπολύσασθαι,
1641 1137 1731 1175 ἀλλὰ
1745 1137 1804 1175 καὶ
1822 1139 1981 1175 ἀπελθεῖν
2000 1137 2115 1176 πάντα
2131 1137 2266 1190 ἔχοντα.
2283 1136 2384 1183 Πλὴν

1365 1214 1378 1222 ,-

1365 1200 1393 1236 εἷ
1421 1198 1480 1235 καὶ
1499 1201 1599 1236 τοῦτο
1629 1199 1742 1246 δῆλον,
1763 1198 1840 1236 οὐδὲ
1867 1193 1963 1242 οὗτος
1996 1199 2134 1242 ἀνεκτὸς
2150 1201 2167 1236 ὃ
2186 1198 2297 1249 λόγος.
2323 1198 2386 1240 Εἷς

1365 1261 1499 1310 ἀγῶνας
1525 1258 1699 1297 εἵλκυσεν·
1730 1258 1823 1297 ὅπλα
1855 1266 1965 1297 κεῖται
1992 1266 2118 1311 χρυσᾶ.
2148 1260 2233 1297 Δέον
2265 1260 2386 1297 meatu

1366 1320 1454 1359 αὐτὰ
1476 1319 1535 1358 καὶ
1556 1319 1882 1373 μεταχειρίσασθαι,
1905 1319 1945 1357 σὺ
1977 1320 2011 1358 δὲ
2030 1320 2145 1371 βούλει
2165 1319 2293 1364 ἀδόξως
2314 1336 2386 1358 σω-

1365 1384 1486 1428 θῆναι,
1506 1381 1565 1419 καὶ
1601 1381 1707 1432 μηδὲν
1739 1382 1866 1432 ἀγαθὸν
1889 1381 2113 1432 ἐργάσασθαι.
2138 1381 2230 1420 Εἰπέ
2250 1397 2332 1431 μοι,
2356 1383 2386 1419 εἷ

1366 1442 1516 1492 πόλεμος
1536 1442 1774 1490 συνειστήκει,
1793 1443 1852 1481 καὶ
1868 1446 1884 1480 ὃ
1905 1442 2067 1494 βασιλεὺς
2083 1445 2213 1496 παρ’ἧν,
2234 1442 2387 1487 καὶτοὺς

1370 1504 1431 1554 μὲν
1447 1498 1532 1547 εἶδες
1551 1506 1598 1548 εἷς
1623 1504 1730 1554 μέσας
1751 1503 1812 1547 τὰς
1834 1504 2015 1556 φάλαγγας
2035 1507 2103 1542 τῶν
2124 1503 2300 1554 πολεμίων
2323 1507 2386 1555 ἐμ-

1367 1564 1552 1612 πεσόντας,
1572 1565 1632 1602 καὶ
1647 1565 1947 1612 κατακόπτοντας,
1973 1565 2033 1602 καὶ
2050 1564 2266 1616 τραυματίας
2283 1566 2387 1617 ἐργα-

1369 1624 1529 1675 ζομένους
1561 1625 1702 1676 μυρίους
1715 1656 1724 1674 ,
1745 1625 1878 1677 ἑτέρους
1909 1630 2192 1678 μονομαχοῦντας
2207 1656 2216 1673 ,
2236 1625 2389 1669 *ἄλλους

1369 1687 1552 1732 πηδῶντας
1565 1715 1577 1735 ,
1606 1686 1729 1729 ἄλλους
1745 1688 1796 1737 ἐφ’
1816 1685 1932 1723 ἵππων
1954 1686 2187 1737 ὀρχουμένους
2207 1686 2266 1724 καὶ
2291 1689 2390 1725 ἐπαι-

1368 1746 1552 1797 νουμένους
1574 1747 1639 1784 ὑπὸ
1654 1751 1714 1784 τοῦ
1729 1745 1918 1797 βασιλέως,
1940 1747 2236 1798 θαυμαζομένους,
2251 1761 2391 1800 κροτου-

1371 1810 1514 1858 μένους,
1542 1806 1834 1859 στεφανουμένους
1849 1823 1856 1830 ·
1875 1808 2010 1860 ἑτέρους
2029 1806 2065 1845 δὲ
2085 1807 2190 1845 πάλιν
2211 1807 2390 1860 ἀγαπητὸν

1368 1868 1577 1920 ἡγουμένους
1591 1899 1601 1917 ,
1620 1869 1650 1905 εἷ
1667 1867 1774 1919 μηδὲν
1790 1868 1931 1907 πάθοιεν
1947 1869 2067 1915 κακὸν,
2083 1869 2142 1906 καὶ
2156 1868 2219 1914 τὴν
2238 1869 2389 1920 ἐσχάτην

1369 1929 1463 1974 τάξιν
1486 1930 1720 1982 φυλάττοντας
1752 1929 1811 1967 καὶ
1839 1928 2070 1979 καθημένους·
2104 1922 2178 1967 εἶτα
2210 1930 2299 1979 μετὰ
2327 1931 2391 1976 τὴν

1369 1995 1428 2029 τοῦ
1445 1991 1598 2041 πολέμου
1617 1991 1729 2038 λύσιν,
1742 1989 1819 2034 τοὺς
1839 1989 1901 2040 μὲν
1919 1988 1936 2010 ¹³
1948 1990 2179 2040 καλουμένους
2194 2020 2202 2036 ,
2220 1989 2392 2040 δεξιουμέ-

1369 2068 1446 2095 νους
1459 2058 1535 2095 ταῖς
1556 2052 1723 2103 μεγάλαις
1746 2053 1888 2105 δωρεαῖς
1901 2082 1910 2100 ,
1930 2051 2288 2104 ἀνακηρυττομένους·
2308 2052 2393 2090 ἐκεί-

1370 2129 1436 2151 νων
1460 2113 1494 2150 ’δὲ
1522 2112 1596 2152 οὐδὲ
1616 2113 1767 2164 τοῦνομα
1799 2115 1900 2160 δῆλον
1933 2112 2128 2165 γενόμενον,
2162 2113 2252 2151 ἀλλὰ
2285 2113 2392 2166 μέχρι

1371 2177 1433 2220 τῆς
1452 2174 1626 2225 σωτηρίας
1652 2176 1767 2217 αὐτοῖς
1793 2174 1857 2220 τὴν
1880 2177 1949 2212 τῶν
1975 2177 2113 2226 ἀγαθῶν
2137 2174 2308 2213 ἀντίδοσιν
2329 2169 2391 2212 οῦ-

1373 2249 1453 2272 σαν·
1475 2234 1576 2271 τίνων
1598 2233 1636 2271 ἂν
1657 2234 1829 2281 ἠθέλησας
1851 2235 2028 2285 γενέσθαι;
2052 2237 2096 2273 Εἰ
2111 2235 2178 2288 γὰρ
2194 2235 2322 2278 λίθινος
2339 2230 2393 2287 ᾗς,

1372 2296 1425 2331 cei
1445 2293 1511 2345 γὰρ
1531 2294 1748 2339 ἀναισθήτων
1769 2294 1828 2331 καὶ
1850 2294 1992 2346 ἀψύχων
2020 2295 2246 2348 νωθέστερος,
2268 2299 2328 2335 οὐκ
2355 2296 2396 2334 ἂν

1376 2354 1596 2404 ἐπεθύμησας
1615 2354 1752 2392 ἐκείνων
1772 2355 1931 2405 γενέσθαι
1948 2355 2129 2408 μυριάκις,
2150 2357 2220 2394 Ναὶ
2236 2386 2245 2403 ,
2272 2358 2395 2408 δέομαι

1377 2414 1435 2452 καὶ
1453 2415 1636 2453 ἀντιὲολῶ.
1669 2417 1713 2453 Εἰ
1732 2415 1799 2468 γὰρ
1823 2421 1940 2453 πεσεῖν
1973 2417 2192 2465 πολεμοῦντα
2223 2417 2309 2462 ἔδει,
2333 2420 2395 2456 οὐκ

1378 2478 1482 2527 ἕχρῆν
1514 2475 1700 2527 προθύμως
1728 2481 1826 2514 τοῦτο
1857 2476 2013 2524 ἑλέσθαι;
2044 2479 2124 2529 Οὐχ
2147 2481 2227 2529 ὁρᾷς
2256 2478 2332 2522 τοὺς
2362 2482 2396 2517 ἐν

1377 2542 1448 2580 τοῖς
1468 2536 1632 2587 πολέμοις
1649 2536 1780 2580 τούτοις
1800 2536 1990 2580 πίπτοντας
2002 2567 2011 2584 ,
2027 2541 2101 2580 πῶς
2128 2540 2195 2576 εἶσι
2214 2540 2395 2592 λαμπροὶ,

1378 2599 1452 2640 πῶς
1485 2597 1631 2645 ἔνδοξοι,
1661 2597 1775 2635 καίτοι
1820 2598 1964 2636 θάνατον
2010 2598 2286 2648 ἀποθνήσκουσι,
2320 2601 2397 2651 μεθ’

1379 2658 1414 2696 ὃν
1445 2660 1505 2696 οὐκ
1540 2658 1612 2695 ἔστι
1652 2662 1842 2709 τιμηθῆναι
1870 2658 1967 2711 παρὰ
2004 2664 2064 2697 τοῦ
2104 2660 2286 2711 βασιλέως.
2312 2662 2399 2700 Ἐπὶ

1380 2719 1415 2758 δὲ
1447 2718 1575 2758 ἐκείνου
1602 2724 1661 2758 τοῦ
1695 2720 1848 2770 πολέμου
1884 2719 1980 2758 οὐδὲν
2007 2724 2172 2767 τοιοῦτον,
2191 2721 2280 2759 ἀλλὰ
2306 2723 2396 2761 ποίν-

1380 2796 1447 2824 τως
1474 2781 1684 2832 παραστήσῃ
1713 2781 1791 2825 τοὺς
1823 2780 1999 2831 μώλωπας
2031 2781 2140 2832 ἔχων·
2178 2781 2234 2825 οὓς
2267 2782 2400 2833 γένοιτο

1379 2842 1512 2885 πάντας
1542 2844 1635 2892 ἡμᾶς
1672 2841 1838 2885 ἐπιδεῖξαι
1875 2843 1935 2880 καὶ
1975 2843 2082 2894 χωρὶς
2128 2843 2288 2894 διωγμῶν
2307 2873 2317 2891 ,
2364 2847 2400 2883 ἐν

1380 2903 1523 2956 Χριστῷ
1543 2902 1658 2949 Ἰησοῦ
1678 2906 1726 2954 τῷ
1747 2903 1866 2955 Κυρίῳ
1886 2905 1999 2952 ἡμῶν,
2030 2906 2104 2954 μεθ’
2135 2897 2172 2941 οῧ
2202 2907 2252 2956 τῷ
2283 2907 2401 2958 Πατρὶ

1383 2963 1456 3014 ἅμα
1481 2966 1530 3015 τῷ
1562 2963 1649 3015 ἁγίῳ
1674 2963 1857 3013 Πνεύματι
1891 2963 1992 3008 δόξα,
2022 2964 2170 3015 κράτος,
2203 2965 2311 3015 τιμὴ,
2344 2971 2403 3005 νῦν

1383 3023 1442 3061 καὶ
1464 3023 1537 3070 ἀεὶ,
1559 3023 1619 3061 καὶ
1638 3024 1685 3067 εἷς
1706 3023 1784 3066 τοὺς
1801 3026 1928 3067 αἰῶνας
1947 3027 2014 3061 τῶν
2038 3024 2181 3066 αἰώνων.
2199 3026 2322 3078 Ἀμήν.

1441 3158 1479 3199 c[
1496 3157 1550 3190 Sic
1568 3167 1681 3189 omnes
1697 3154 1807 3189 codd.
1826 3156 2010 3199 Legebatur
2027 3163 2051 3192 εἰ
2066 3159 2142 3200 καὶ.]
