2502 3810
715 270 758 298 IN
794 270 937 300 EPIST.
975 269 1035 298 AD
1069 267 1179 298 ROM.

1218 266 1374 296 nomn„
1409 267 1488 298 xv.
2063 244 2155 292 (355

79 348 314 387 καταπίπτειν
337 353 393 387 νῦν
412 349 473 399 μὲν
492 350 558 388 ὑπὸ
576 352 678 400 λιμοῦ
694 380 703 397 ,
719 355 777 389 νῦν
795 352 830 389 δὲ
844 352 910 391 ὑπὸ
928 351 1102 404 γυμνότη-
1125 353 1149 383 Β
1175 359 1250 388 stus
1278 363 1348 387 non
1375 349 1482 388 habet
1512 363 1582 400 quo
1611 349 1825 400 diversetur,
1861 347 1924 387 sed
1951 345 2159 399 peregrinus

76 425 133 452 τος
163 409 222 447 καὶ
253 412 387 461 κρυμοῦ
405 438 415 456 ,
447 410 553 447 παντὶ
583 410 825 464 διωρθώσαντο
853 413 982 465 τρόπῳ.
1011 410 1103 450 Ἀλλ’

77 469 170 520 ὅμως
185 469 244 507 καὶ
255 468 428 507 τοσούτων
446 474 531 519 ἡμῖν
547 472 787 523 προκειμένων
804 473 967 520 ἐπαίνων,
985 472 1107 523 μέλλο-

85 544 146 580 μεν
169 528 219 566 ἔτι
235 559 244 578 ,
272 529 331 567 καὶ
349 529 568 581 ἀναδυόμεθα
582 532 667 583 πρὸς
680 531 742 578 τὴν
757 532 867 579 καλὴν
882 532 1011 579 ταύτην
1029 534 1107 570 ἐπι-

83 589 235 640 μέλειαν.
264 589 335 627 Καὶ
355 593 371 627 ὁ
400 590 461 640 μὲν
477 591 627 643 Χριστὸς
645 595 711 630 ποῦ
727 595 921 631 καταλῦσαι
936 594 997 630 οὐκ
1016 591 1104 643 ἔχει,

83 649 174 688 ἀλλὰ
193 650 416 702 περιέρχεται
436 651 526 695 ξένος
541 652 600 690 καὶ
613 652 740 703 γυμνὸς
758 653 817 690 καὶ
836 655 981 691 πεινῶν·
1002 651 1044 690 σὺ
1069 651 1105 690 δὲ

82 710 273 763 προάστεια
300 711 359 748 καὶ
385 712 512 762 λουτρὰ
542 713 602 750 καὶ
639 713 850 765 περιπάτους
876 713 936 751 καὶ
965 712 1106 764 μυρίους

84 771 351 815 κατασκευάζεις
370 772 543 822 θαλάμους
563 775 639 823 εἷκῇ
665 774 725 811 καὶ
745 773 953 823 μάτην,“κα“ι
971 776 1020 825 τῷ
1043 772 1104 823 μὲν

84 832 226 882 Χριστῷ
255 831 331 870 οὐδὲ
364 838 489 885 μικροῦ
517 832 712 883 μεταδίδως
736 833 885 885 ὀρόφου,
923 832 1042 886 κόραξι
1070 832 1106 870 δὲ

83 892 142 930 καὶ
158 892 260 943 γυψὶν
282 897 423 946 ὑπερῷα
440 893 683 939 καλλωπίζεις.
713 893 761 932 Τί
774 894 904 939 ταύτης
918 900 1032 946 χεῖρον
1049 893 1106 944 γε’-

83 956 166 990 νοιτ’
188 953 227 991 ἂν
256 957 317 1000 τῆς
346 954 616 1006 παραπληξίας;
645 955 680 993 τί
698 955 944 1007 χαλεπώτερον
960 957 1022 1000 τῆς
1040 969 1107 1003 μα-

83 1013 176 1060 νίας,
206 1013 265 1050 καὶ
284 1013 351 1065 γὰρ
374 1014 525 1063 Εμανίας
550 1019 660 1052 ταῦτα
681 1014 852 1066 ἐσχάτης,
885 1015 1016 1063 μᾶλλον
1046 1012 1102 1059 δὲ,

83 1073 167 1124 ὅπερ
191 1072 230 1109 ἂν
260 1072 351 1110 εἴποι
377 1089 450 1120 τις,
478 1074 572 1111 οὐδὲν
601 1074 694 1118 ἄξιον
715 1075 795 1125 ἐρεῖ.
816 1073 907 1111 Ἀλλ’
927 1071 1044 1122 ὅμως,
1064 1072 1103 1109 ἂν

83 1132 268 1183 ἐθέλωμεν,
292 1132 433 1170 δυνατὸν
458 1133 572 1171 καίτοι
601 1135 761 1185 χαλεπὴν
793 1128 898 1172 οῦσαν
921 1133 984 1179 τὴν
1004 1132 1103 1171 νόσον

84 1192 388 1245 ἀποκρούσασθαι,
414 1193 472 1230 καὶ
495 1196 532 1231 οὐ
552 1195 694 1232 δυνατὸν
715 1194 830 1244 μόνον,
851 1193 940 1231 ἀλλὰ
961 1193 1021 1231 καὶ
1042 1192 1105 1245 ῥά-

84 1255 167 1301 διον,
194 1253 254 1291 καὶ
279 1252 357 1291 οὐδὲ
388 1254 503 1306 ῥᾴδιον
533 1255 667 1301 ἁπλῶς,
697 1254 786 1293 ἀλλὰ
807 1254 865 1292 καὶ
884 1255 1003 1306 πολλῷ
1024 1257 1103 1306 ῥᾷον

84 1313 213 1360 ταύτης
244 1316 491 1366 ἀπαλλαγῆναι
513 1317 574 1360 τῆς
593 1315 708 1365 λύμης
721 1345 731 1363 ,
762 1314 784 1361 ἢ
806 1318 874 1353 τῶν
895 1317 1104 1364 σωματικῶν

84 1378 229 1423 παθῶν,
261 1375 332 1428 ὅσῳ
363 1374 422 1413 καὶ
445 1374 569 1425 μείζων
598 1379 616 1414 ὃ
642 1376 768 1428 ἰατρός.
802 1374 1104 1426 Ἐπισπασώμεθα

84 1435 197 1474 τοίνυν
215 1436 330 1483 αὐτὸν,
348 1436 407 1474 καὶ
424 1436 724 1488 παρακαλέσωμεν
746 1436 1021 1487 συνεφάψασθαι,
1044 1437 1103 1474 καὶ

85 1496 128 1534 τὰ
150 1496 353 1549 παρ’ἡμῶν
375 1497 700 1548 συνεισενέγκωμεν,
721 1496 923 1549 προαίρεσιν
939 1496 1031 1547 λέγω
1046 1496 1104 1534 καὶ

85 1557 294 1609 προθυμίαν.
328 1557 479 1600 Οὐδενὸς
504 1557 572 1608 γὰρ
603 1557 718 1610 ἑτέρου
748 1556 928 1603 δεήσεται,
960 1557 1037 1595 ἀλλ’
1063 1556 1102 1594 ἂν

85 1618 214 1657 τούτων
238 1618 449 1664 ἐπιλάθηται
471 1618 585 1668 μόνον,
603 1617 647 1655 τὰ
662 1620 745 1670 παρ’
763 1620 884 1655 ἑαυτοῦ
898 1618 1012 1655 πάντα
1030 1620 1104 1656 εἷσ-

1176 410 1354 460 circumit,
1376 410 1508 457 nudus,
1531 411 1687 449 esuriens
1704 426 1712 447 :
1731 419 1769 448 tu
1799 418 1916 448 autem
1936 407 2156 456 suburbana,

1176 472 1313 521 balnea,
1333 472 1550 521 ambulacra,
1578 481 1611 510 et
1630 472 1730 510 mille
1758 485 1864 523 paras
1889 470 2065 508 thalamos
2083 468 2158 504 fru—

1177 541 1249 569 stra
1268 541 1301 570 et
1323 532 1557 580 incassum‚et
1579 532 1720 570 Christo
1737 545 1781 569 ne
1808 530 1994 569 minimam
2015 527 2160 579 quidem

1178 592 1261 630 tecti
1277 601 1415 644 partem
1434 591 1580 642 dedisti,
1609 593 1725 631 corvis
1752 601 1868 629 autem
1899 600 1932 629 et
1956 589 2161 629 vulturibus

1180 655 1358 692 coenacula
1390 669 1551 692 exornas.
1587 655 1685 701 Quid
1702 655 1770 692 hac
1797 653 1949 691 amentia
1972 650 2162 690 deterius?

1178 715 1266 764 quid
1285 715 1351 752 hac
1367 714 1502 752 insania
1522 714 1695 765 gravius?
1715 716 1807 753 Nam
1823 713 1966 750 insaniae
1987 712 2063 750 haec
2081 720 2164 749 sunt

1178 784 1344 812 extremae
1359 790 1370 824 ;
1407 774 1480 811 imo
1513 773 1689 824 quidquid
1708 774 1823 811 dicere
1850 773 1977 824 possis,
2007 786 2077 810 non
2100 772 2164 809 illa

1183 835 1334 886 dignum
1369 835 1477 872 dices.
1507 837 1673 873 Attamen
1706 834 1735 871 si
1765 834 1930 883 velimus,
1963 842 2077 885 potest
2104 833 2165 871 hic

1179 895 1341 943 morbus,
1363 894 1427 931 etsi
1450 894 1583 944 gravis,
1602 893 1748 945 depelli,
1768 902 1832 930 nec
1855 893 1959 930 modo
1978 893 2162 944 possibile,

1178 953 1240 990 sed
1259 953 1365 990 etiam
1392 953 1496 990 facile
1525 962 1589 1000 est,
1615 966 1678 990 nec
1708 952 1813 990 modo
1836 953 1951 1001 facile,
1975 953 2034 990 sed
2061 954 2166 1003 longe

1178 1012 1316 1049 facilius
1348 1021 1400 1049 est
1419 1013 1464 1049 ab
1479 1012 1548 1050 hac
1563 1012 1622 1049 lue
1640 1012 1797 1060 liberari,
1817 1025 1924 1062 quam
1949 1025 1969 1048 a
1990 1012 2167 1063 corporeis

1178 1071 1337 1121 morbis;
1357 1081 1491 1123 quanto
1510 1072 1643 1110 scilicet
1668 1072 1780 1123 major
1812 1081 1863 1109 est
1898 1070 2070 1108 medicus.
2103 1074 2166 1109 At-

1178 1133 1361 1171 trahamus
1375 1147 1459 1184 ergo
1475 1133 1593 1183 illum,
1615 1142 1648 1170 et
1660 1146 1846 1185 precemur
1861 1141 1900 1170 ut
1910 1146 2055 1169 manum
2068 1132 2167 1184 operi

1177 1190 1380 1241 admoveat,
1417 1201 1450 1229 et
1479 1201 1598 1229 nostra
1628 1192 1674 1229 ad
1696 1190 1734 1228 id
1774 1191 2005 1238 conferamus,
2041 1205 2168 1242 nempe

1176 1255 1398 1294 voluntatem
1416 1264 1450 1293 et
1471 1254 1640 1293 studium.
1664 1255 1774 1292 Nullo
1796 1255 1866 1292 alio
1886 1269 1976 1306 opus
1995 1254 2141 1291 habebit
2153 1269 2164 1302 ;

1176 1317 1239 1355 sed
1253 1317 1282 1355 si
1301 1317 1376 1356 haec
1391 1327 1530 1356 tantum
1545 1332 1564 1355 a
1580 1317 1683 1356 nohis
1697 1318 1883 1369 acceperit,
1899 1332 1961 1355 sua
1976 1317 2092 1355 omnia
2107 1317 2167 1356 ille

1177 1381 1341 1420 conferet.
1370 1382 1497 1419 Nostra
1519 1381 1637 1432 itaque
1666 1382 1868 1430 afferamus,
1888 1391 1927 1419 ut
1947 1391 1980 1419 et
1995 1381 2055 1419 hic
2077 1394 2165 1432 pura

1177 1442 1336 1479 fruamur
1371 1442 1530 1491 sanitate,
1560 1451 1593 1480 et
1618 1443 1737 1480 futura
1771 1456 2024 1493 consequamur
2045 1442 2161 1487 bona,

1178 1502 1290 1552 gratia
1309 1511 1342 1540 et
1357 1502 1574 1553 benignitate
1603 1503 1748 1540 Domini
1777 1503 1888 1541 nostri
1913 1505 1996 1542 Jesu
2017 1502 2164 1551 Christi,

1177 1562 1324 1613 quicum
1357 1563 1453 1600 Patri
1486 1562 1599 1613 gloria
1640 1577 1781 1613 unaque
1832 1563 1984 1615 Spiritui
2017 1571 2138 1600 sancto
2151 1592 2164 1611 ‚

1180 1638 1274 1663 nunc
1292 1634 1326 1663 et
1344 1638 1494 1677 semper,
1511 1633 1544 1662 et
1573 1624 1610 1663 in
1639 1625 1769 1663 saecula
1787 1625 2010 1663 saeculorum.
2034 1625 2160 1662 Amen.

86 1678 188 1717 οίσει.
211 1678 475 1729 Εἷσενέγκωμεν
496 1678 607 1716 τοίνυν
627 1678 671 1716 τὰ
687 1678 770 1731 παρ’
791 1680 935 1723 ἑαυτῶν,
964 1678 1019 1715 ἵνα
1049 1679 1108 1717 καὶ
1131 1685 1156 1714 D

86 1742 233 1777 ἐνταῦθα
253 1742 408 1790 καθαρᾶς
424 1738 678 1790 ἀπολαύσωμεν
695 1738 812 1790 ὑγείας
826 1768 835 1785 ,
863 1738 922 1775 καὶ
941 1741 1009 1776 τῶν
1028 1741 1111 1789 μελ-

88 1799 219 1838 λόντων
240 1799 461 1850 ἐπιτύχωμεν
483 1800 634 1849 ἀγαθῶν,
654 1798 772 1851 χάριτι
792 1798 850 1836 καὶ
872 1799 1113 1850 φιλανθρωπίᾳ

87 1865 146 1899 τοῦ
175 1859 305 1912 Κυρίου
326 1862 426 1909 ἡμῶν
453 1858 569 1905 Ἰησοῦ
596 1861 775 1911 Χριστοῦ,
801 1861 875 1910 μεθ’
897 1853 934 1897 οὗ
956 1863 1006 1913 τῷ
1032 1862 1114 1897 Πα-

86 1920 142 1972 τρὶ
170 1920 252 1964 δόξα
279 1920 354 1970 ἅμα
381 1923 430 1972 τῷ
451 1920 538 1972 ἁγίῳ
558 1919 740 1970 Πνεύματι
756 1950 766 1967 ,
797 1924 854 1958 νῦν
874 1921 933 1958 καὶ
953 1920 1006 1958 ἀεὶ
1021 1950 1033 1972 ,
1055 1921 1114 1958 καὶ

88 1983 135 2024 εἰς
154 1980 231 2024 τοὺς
253 1983 381 2025 αἰῶνας
398 1982 466 2018 τῶν
488 1980 633 2018 αἰώνων.
669 1980 790 2032 Ἀμήν.

132 2104 145 2118 a
169 2094 230 2135 [A.
246 2100 279 2125 et
301 2105 407 2136 marg.
425 2092 529 2126 Savil.
547 2099 683 2136 μανία...
700 2099 825 2138 ἐσχάτη.
843 2095 970 2126 Contra
993 2094 1094 2126 iidem

87 2145 173 2178 infra
196 2158 238 2195 Ρ..
258 2147 334 2188 595,
362 2146 400 2186 Ε,
422 2144 477 2178 ubi
494 2145 583 2178 Edd.
597 2151 671 2190 ὅπερ
694 2151 825 2190 ἐνόμιζες
842 2150 979 2190 αἰσχύνην
1003 2149 1096 2188 εἶναι,

464 2365 644 2403 ΟΜΙΛΙΑ
675 2364 727 2403 ιε’.

139 2483 294 2535 Οἴδαμεν
316 2484 350 2523 δὲ
361 2514 375 2533 ,
395 2483 447 2522 ὅτι
464 2491 534 2529 τοῖς
562 2487 726 2537 ἀγαπῶσι
752 2487 811 2525 τὸν
833 2488 922 2528 Θεὸν
942 2489 1058 2528 πάντα

392 2551 548 2597 συνεργεῖ
566 2544 582 2566 ¹³
594 2548 641 2590 εἷς
661 2547 803 2598 ἀγαθόν.

140 2728 314 2766 Ἐνταῦθα
342 2744 401 2778 μοι
422 2729 514 2767 δοκεῖ
535 2729 620 2780 πρὸς
648 2728 726 2773 τοὺς
745 2731 779 2769 ἓν
811 2730 977 2775 κινδύνοις
1009 2731 1110 2775 ὄντας

86 2788 178 2827 ἅπαν
196 2793 296 2827 τοῦτο
309 2789 528 2836 κεκινηκέναι
546 2789 584 2826 τὸ
596 2789 724 2842 χωρίον
734 2805 742 2813 ·
756 2792 886 2841 μᾶλλον
904 2791 938 2829 δὲ
959 2793 996 2829 οὗ
1011 2797 1110 2830 τοῦτο

86 2849 201 2899 μόνον,
219 2848 308 2888 ἀλλὰ
326 2849 386 2887 καὶ
406 2848 450 2886 τὰ
469 2852 585 2902 μικρῷ
604 2850 672 2901 πρὸ
696 2849 825 2888 τούτων
843 2851 1021 2903 εἰρημένα.
1040 2852 1109 2890 Καὶ

84 2909 151 2961 γὰρ
170 2910 228 2958 τὸ,
245 2912 323 2948 Οὐκ
342 2910 419 2953 ἄξια
445 2909 491 2948 τὰ
509 2910 704 2961 παθήματα
724 2915 783 2949 τοῦ
809 2915 868 2949 νῦν
887 2916 1009 2966 καιροῦ
1025 2913 1110 2965 πρὸς

83 2969 146 3018 τὴν
179 2970 373 3021 μέλλουσαν
403 2969 503 3014 δόξαν
536 2972 846 3023 ἀποκαλυφθῆναι,
867 2973 926 3010 καὶ
957 2973 1019 3020 τὸ,
1046 2972 1108 3019 τὴν

85 3031 200 3068 κτίσιν
217 3031 356 3069 ἅπασαν
374 3030 563 3078 στενάζειν,
579 3031 638 3068 καὶ
654 3031 692 3069 τὸ
708 3031 834 3082 λέγειν,
849 3032 901 3070 ὅτι
921 3035 976 3084 Τῇ
996 3033 1109 3071 ἐλπίδι

84 3089 275 3141 ἐσώθημεν,
292 3090 351 3129 καὶ
381 3091 440 3139 τὸ,
461 3092 515 3128 Δι’
538 3093 713 3142 ὑπομονῆς
738 3090 1002 3145 ἀπεκδεχόμεθα
1016 3123 1025 3140 ,
1049 3093 1108 3131 καὶ

82 3151 122 3188 τὸ
134 3180 144 3197 ,
163 3152 212 3188 Τί
225 3150 495 3202 προσευξώμεθα
511 3154 589 3189 καθ’
611 3152 628 3190 ὃ
645 3153 717 3200 δεῖ,
734 3155 795 3191 οὐκ
815 3154 957 3204 οἴδαμεν
972 3169 979 3177 ·
999 3154 1109 3191 ἅπαν-

83 3228 127 3249 τα
143 3217 252 3250 ταῦτα
268 3211 353 3264 πρὸς
372 3212 519 3255 ἐκείνους
542 3212 690 3264 εἴρηται.
706 3213 873 3252 Παιδεύει
899 3213 967 3267 γὰρ
988 3213 1109 3258 αὐτοὺς

87 3272 134 3322 μὴ
151 3272 239 3324 ἅπερ
256 3272 295 3309 ἂν
316 3272 412 3310 αὐτοὶ
431 3273 618 3323 νομίσωσιν
639 3268 725 3312 εἶναι
743 3275 979 3327 συμφέροντα,
999 3279 1108 3313 ταῦτα

133 3384 148 3406 b
173 3384 234 3424 [εἰς
252 3388 285 3417 τὸ
304 3388 412 3425 ἀγαθὸν
430 3383 482 3424 Α.]

1160 2092 1309 2137 praebent
1332 2095 1496 2138 alazia-am]

1512 2363 1723 2402 HOMILIA
1751 2361 1837 2402 XV.

1180 2485 1272 2523 Cu».
1304 2486 1406 2524 VIII.
1423 2498 1459 2523 v.
1481 2484 1547 2523 QS.
1568 2484 1717 2522 Scimus
1737 2492 1882 2531 autem,
1901 2486 2086 2535 quoniam
2105 2485 2163 2521 di-

1233 2547 1439 2598 ligentibus
1458 2547 1586 2584 Deum
1606 2548 1738 2584 omnia
1757 2554 2014 2597 cooperantur
2031 2549 2074 2583 in
2100 2548 2163 2584 ho-

1235 2620 1340 2644 num.

1233 2729 1272 2765 ’1.
1302 2726 1371 2766 Hic
1395 2725 1486 2764 mihi
1511 2725 1657 2764 videtur
1683 2734 1799 2763 totum
1825 2725 1922 2763 hunc
1947 2726 2066 2764 locum
2087 2740 2164 2764 mo-

1178 2788 1270 2827 visse
1288 2787 1335 2825 ad
1354 2801 1426 2837 eos,
1447 2787 1509 2837 qui
1531 2787 1567 2824 in
1588 2786 1754 2838 periculis
1772 2796 1960 2825 versantur
1972 2803 1983 2836 3
2004 2787 2075 2824 imo
2095 2801 2164 2824 non

1178 2849 1274 2887 hunc
1305 2849 1435 2896 solum,
1461 2847 1519 2885 sed
1548 2848 1656 2885 etiam
1682 2862 1740 2892 ea,
1767 2862 1845 2898 quae
1871 2848 1976 2900 paulo
2002 2849 2165 2900 superius

1179 2910 1274 2948 dicta
1302 2917 1395 2947 sunt.
1425 2908 1567 2946 Etenim
1588 2908 1704 2957 illud,
1726 2910 1817 2946 Non
1844 2918 1935 2947 sunt
1964 2911 2165 2961 condignae

1177 2972 1376 3021 passiones
1391 2970 1504 3021 hujus
1523 2971 1700 3019 temporis
1719 2969 1964 3021 adfuturam
1979 2970 2161 3021 gloriam,

1180 3043 1265 3081 quoe
1298 3030 1559 3074 revelabitur5
1588 3038 1620 3066 et
1648 3027 1759 3075 illud,
1795 3038 1991 3067 creaturam
2023 3044 2164 3068 omnem

1179 3091 1426 3142 ingemiscere3
1444 3090 1597 3140 itemque
1608 3089 1743 3128 dictum
1755 3089 1858 3139 illud,
1872 3091 1943 3142 Spe
1953 3092 2165 3144 salvifacti

1179 3166 1324 3201 sum1155
1342 3161 1375 3189 et
1396 3151 1513 3200 illud,
1533 3153 1612 3188 Per
1627 3153 1858 3202 patientiam
1875 3161 2139 3204 exspectamus
2145 3170 2160 3199 ,-

1180 3222 1213 3250 et
1232 3213 1339 3263 illud,
1367 3213 1471 3263 Quid
1489 3215 1638 3250 oraturi
1656 3226 1799 3259 sumus,
1829 3221 1870 3251 ut
1896 3223 2056 3264 oportet,
2083 3229 2161 3253 non

1183 3277 1356 3312 novimus
1381 3289 1391 3308 .-
1421 3273 1496 3311 haec
1533 3272 1662 3322 omnia,
1694 3273 1857 3324 inquam,
1885 3274 1930 3313 ad
1957 3274 2038 3314 illos
2065 3275 2160 3314 dicta
