2502 3810
2166 214 2189 224 n

911 240 967 269 DE
1003 237 1172 269 SALUTE
1206 237 1376 266 Ammon.
2099 227 2190 274 013

136 353 2198 382 W

419 466 471 503 Πε
479 464 510 516 pt
530 448 704 517 σωτηρίας
721 466 847 516 ψυχῆς.

179 588 386 639 Ἀγαπητοὶ,
408 588 482 626 ὅσοι
509 587 553 625 τὰ
572 589 631 625 τοῦ
655 585 728 637 βίου
751 585 884 636 μάταια
908 584 968 622 καὶ
993 581 1144 622 ἀπολλύ-

131 656 219 691 μενα
256 641 450 692 πράγματα
482 639 709 685 κατελίπετε,
741 637 978 689 ἀγωνίσασθε,
1009 635 1066 673 ἵνα
1095 634 1144 685 μὴ

127 693 233 730 πάλιν
255 695 307 730 ἐπ’
333 692 419 730 αὐτὰ
440 693 497 730 τὸν
524 691 688 745 ὑμέτερον
719 693 795 729 νοῦν
828 688 1072 741 ἐπιστρέψητε.
1100 687 1145 725 ςΟ

127 746 194 796 γὰρ
213 747 359 788 πλοῦτος
375 744 610 798 παρέρχεται,
629 745 688 782 καὶ
702 747 723 790 ἣ
745 741 825 786 δόξα
844 741 1062 788 ἀπόλλυται,
1087 739 1147 778 καὶ

129 798 168 836 τὸ
194 798 322 841 κάλλος
347 797 572 848 μαραίνεται,
591 797 650 834 καὶ
670 796 785 835 πάντα
817 794 1071 838 ἀλλάσσονται,
1087 791 1148 830 καὶ

128 853 175 894 ὡς
201 850 330 892 καπνὸς
351 849 583 896 ἀπόλλυνται,
603 849 662 887 καὶ
681 851 726 891 ὡς
754 847 835 885 σκιὰ
853 846 1067 899 παράγουσι,
1088 844 1148 882 καὶ

129 906 175 945 ὡς
193 902 349 940 ἐνύπνιον
370 902 641 954 ἐξαφανίζονται.
659 900 727 939 Διὰ
754 903 856 938 τοῦτο
875 899 988 951 ἔλεγεν
1007 901 1024 935 ὁ
1042 899 1149 936 2020-

131 954 218 1005 μὼν,
236 954 439 1001 Ματαιότης
456 953 713 1005 ματαιοτήτων,
733 952 778 991 τὰ
797 951 912 990 πάντα
933 950 1124 1001 ματαιότης
1140 965 1148 973 ·

129 1008 188 1045 καὶ
204 1011 221 1045 ὁ
241 1007 351 1045 Δαυὶό
368 1007 481 1058 λέγει,
497 1007 557 1044 Ἐν
573 1006 679 1044 εἰκόνι
699 1004 941 1057 διαπορεύεται
959 1004 1148 1054 ἅνθρωπος.

130 1060 230 1106 Πλὴν
255 1059 369 1109 μάτην
397 1059 630 1110 ταράσσονται
646 1058 774 1100 πάντες
790 1060 820 1096 οἱ
845 1056 888 1094 τὰ
905 1059 964 1094 τοῦ
980 1054 1151 1107 παρόντος

133 1112 206 1162 βίου
227 1111 419 1162 πράγματα
440 1114 653 1161 ἀγωνιῶντες
670 1126 677 1133 ·
697 1111 802 1153 ὄντως
823 1109 936 1159 μάτην
957 1108 1150 1159 ταράσσον-

130 1180 206 1208 ται,
228 1164 341 1213 μάτην
361 1163 584 1215 θορυῧοῧνται
596 1194 604 1210 ,
619 1163 731 1214 μάτην
747 1161 971 1214 χειμάζονται
983 1190 992 1208 ,
1010 1163 1150 1198 ἐπισυν-

132 1216 271 1267 άγοντες
297 1215 355 1253 καὶ
388 1215 650 1268 θησαυρίζοντες
672 1215 716 1253 τὰ
740 1217 813 1265 μετ’
837 1213 950 1266 ὀλίγον
980 1214 1150 1250 καταλει-

130 1269 285 1318 πόμενα·
301 1268 390 1319 ἅπερ
409 1268 527 1306 λαὲεῖν
547 1270 620 1318 μεθ’
640 1271 772 1306 ἑαυτῶν
792 1269 829 1305 οὖ
850 1266 1046 1316 δυνάμεθα,
1061 1265 1150 1303 ἀλλὰ

132 1322 246 1358 πάντα
265 1320 534 1367 καταλιπόντες,
554 1321 678 1370 γυμνοὶ
705 1322 752 1363 ὡς
775 1319 1006 1370 ἐγεννήθημεν
1028 1333 1152 1369 πορευ·

133 1374 264 1424 σόμεθα
282 1374 366 1426 πρὸς
383 1374 440 1410 τὸν
462 1373 604 1425 φοὸερὸν
625 1371 804 1418 δικαστήν.
824 1371 896 1409 Κᾶν
916 1372 1049 1414 πάντας
1073 1369 1152 1413 τοὺς

133 1424 340 1478 θησαυροὺς,
358 1426 569 1475 συνάξωμεν,
595 1425 739 1477 γυμνοὶ,
767 1424 958 1471 σκοτεινοὶ,
989 1424 1151 1471 ἐλεεινοὶ,

134 1478 353 1529 σκυθρωποὶ,
381 1477 712 1529 τετραχηλισμένοι,
744 1476 1052 1526 τεταπεινωμένοι,
1075 1491 1154 1512 συν-

132 1530 374 1583 τετριμμένοι,
391 1530 553 1582 ἔμφοὲοι,
571 1529 749 1580 ἔντρομοι,
766 1534 949 1580 κατηφεῖς,
972 1528 1129 1580 ὀδυνηροὶ
1141 1557 1151 1574 ,

134 1585 180 1627 εἷς
200 1587 263 1632 γῆν
282 1584 320 1620 τὸ
339 1583 525 1634 πρόσωπον
545 1582 683 1633 ἔχοντες
695 1612 704 1629 ,
720 1582 778 1618 καὶ
805 1584 906 1618 τοῦτο
927 1582 1001 1630 μετ’
1027 1580 1152 1631 αἰσχύ-

131 1652 192 1682 νης
211 1635 511 1687 συγκαλύπτοντες
525 1650 533 1657 ·
551 1635 640 1671 οὕτω
658 1632 898 1684 πορευσόμεθα
912 1661 921 1679 ,
942 1631 1047 1674 οὕτως
1064 1635 1152 1669 ἀνα-

133 1689 356 1738 στησόμεθα,
374 1687 463 1725 οὕτω
485 1686 785 1739 παραστησόμεθα
808 1687 855 1727 εἷς
874 1687 983 1723 ἐκεῖνο
1006 1685 1045 1722 τὸ
1069 1700 1152 1737 φρι-

132 1742 212 1778 κτὸν
242 1741 301 1778 καὶ
329 1740 451 1791 πικρὸν
479 1739 539 1776 καὶ
565 1738 888 1803 ἀπροσωπόληπτον
918 1737 1153 1788 δικαστήριον,

134 1793 219 1831 ὅπου
236 1793 374 1844 ἄγγελοι
389 1792 587 1844 τρέμουσιν,
604 1793 687 1828 ὅπου
704 1790 816 1844 θρόνοι
829 1789 968 1843 φοίεροὶ
982 1789 1153 1838 τίθενται,

133 1845 218 1883 ὅπου
254 1848 289 1882 αἱ
324 1844 439 1896 βίὸλοι
467 1847 534 1881 τῶν
574 1843 732 1895 πράξεων
772 1843 988 1889 ἀνοίγονται,
1017 1842 1102 1881 ὅπου
1136 1846 1153 1881 ὃ

134 1897 291 1948 ποταμὸς
308 1903 368 1935 τοῦ
399 1897 506 1950 πυρὸς
533 1902 592 1935 τοῦ
624 1896 792 1934 ἀσὸέστου
806 1924 815 1940 ,
836 1891 920 1933 ὅπου
942 1899 959 1933 ὃ
980 1895 1154 1946 ἀνήμερος

137 1950 287 1996 σκώληξ,
296 1950 381 1987 ὅπου
396 1950 435 1987 τὸ
450 1949 642 2000 ἀφώτιστον
653 1950 790 1994 σκότος,
807 1948 892 1987 ὅπου
908 1951 924 1986 ὁ
941 1947 1154 2001 ἀθέρμαντος

135 2003 321 2055 τάρταρος,
341 2002 426 2040 ὅπου
447 2006 463 2040 ὁ
481 2002 631 2052 βρυγμὸς
644 2005 711 2039 τῶν
729 2001 888 2048 ὀδόντων,
904 2002 988 2038 ὅπου
1009 2001 1048 2039 τὸ
1065 2004 1152 2039 ἀκα-

135 2056 335 2093 τάπαυστον
355 2055 514 2104 δάκρυον,
525 2053 617 2092 ,ὅπου
634 2057 651 2092 ὃ
666 2053 828 2105 ἀσίγητος
843 2053 1035 2104 στεναγμὸς
1047 2084 1056 2101 ,
1068 2053 1153 2091 ὅπου

136 2107 175 2146 τὸ
195 2106 468 2173 ἀπαραμύθητον
488 2106 627 2153 πένθος,
646 2106 732 2144 ὅπου
750 2109 811 2143 οὐκ
827 2107 899 2144 ἔστι
915 2106 1042 2157 γέλως,
1065 2107 1155 2144 ἀλλὰ

1108 2158 1116 2170 Ι

137 2164 257 2211 θρῆνος
273 2176 279 2182 ·
301 2175 386 2197 οπου
404 2161 465 2197 οὐκ
491 2159 566 2197 ἔστι
582 2159 786 2211 χαρμοσύνη
800 2189 809 2207 ,
827 2158 918 2197 ἀλλὰ
943 2174 1115 2210 στεναγμο

1505 459 1567 496 De
1584 457 1718 497 Salute
1737 457 1890 495 animae.

1272 579 1469 628 Carissimi,
1504 587 1677 630 quotquot
1705 592 1762 616 res
1789 578 1898 629 hujus
1929 575 2014 615 vitae
2037 587 2148 615 vanas
2165 583 2200 613 et

1218 633 1336 671 fluxas
1371 631 1577 682 reliquistis,
1600 640 1796 669 concertate
1814 644 1857 668 ne
1879 643 2022 667 rursum
2052 628 2089 665 in
2119 627 2200 665 illas

1222 686 1381 723 animum
1414 694 1572 723 vestrum
1604 682 1828 721 convertatis.
1870 681 2016 719 Divitiae
2048 693 2200 730 namque

1224 746 1407 775 transeunt
1437 746 1471 774 et
1497 735 1609 788 gloria
1631 736 1736 787 perit,
1750 733 1980 787 pulchritudo
2001 732 2198 782 marcessit,

1224 790 1412 840 omniaque
1445 797 1628 826 mutantur
1647 797 1680 825 et
1710 787 1802 825 sicut
1828 787 1947 823 fumus
1965 785 2198 836 dissipantur,

1223 852 1328 893 atque
1347 851 1387 879 ut
1402 841 1528 878 umbra
1563 849 1790 892 praetereunt,
1807 848 1841 876 et
1861 847 1901 875 ut
1919 837 2096 876 somnium
2125 836 2200 874 dis-

1223 904 1395 948 sipantur.
1415 893 1498 932 Ideo
1514 893 1655 931 dicebat
1678 892 1858 939 Salomon,
1888 892 1926 928 V
1921 893 2051 928 anitas
2082 891 2201 927 vani·
2214 896 2314 926 Eccli.
2329 905 2355 926 1.
2368 905 2398 926 2.

1224 957 1361 994 tatum,
1376 949 1508 984 omnia
1523 948 1684 983 vanitas
1701 961 1711 980 :
1729 943 1919 994 Davidque
1938 943 1987 980 ait
2007 958 2015 978 ε
2035 945 2085 979 In
2103 945 2200 979 ima·
2214 952 2303 981 Psnl.
2326 952 2378 984 38.

1221 1003 1310 1052 gine
1327 1001 1536 1052 pertransit
1557 999 1681 1036 homo.
1708 997 1782 1036 Sed
1793 995 2202 1047 frustracontuibantur
2215 1003 2245 1032 7·

1223 1067 1355 1100 omnes,
1375 1051 1436 1102 qui
1462 1065 1526 1103 pro
1540 1050 1646 1088 rebus
1667 1050 1774 1101 hujus
1786 1049 1870 1087 vitae
1891 1056 2091 1086 concertant
2113 1061 2121 1082 ε
2143 1060 2204 1085 ve-

1223 1119 1261 1143 re
1290 1106 1421 1142 frustra
1451 1103 1722 1151 conturbantur,
1752 1102 1883 1139 frustra
1922 1100 2201 1149 tumultuantur,

1225 1158 1356 1195 frustra
1385 1156 1581 1207 agitantur,
1601 1163 1836 1193 concertantes
1863 1162 1896 1190 et
1914 1151 2116 1202 colligentes
2147 1165 2201 1197 ea,

1225 1224 1303 1260 quae
1322 1209 1429 1262 paulo
1448 1217 1528 1261 post
1538 1207 1697 1245 relicturi
1716 1215 1798 1244 sunt
1818 1221 1826 1242 :
1843 1219 1920 1255 quae
1945 1204 2131 1242 nobiscum
2149 1217 2204 1240 as-

1225 1276 1363 1300 sumere
1385 1276 1454 1299 non
1472 1275 1662 1313 possumus
1669 1275 1679 1307 3
1696 1259 1760 1297 sed
1779 1258 1945 1296 omnibus
1963 1255 2110 1302 relictis,
2131 1269 2203 1293 nu-

1226 1314 1264 1352 di
1295 1324 1334 1352 ut
1365 1314 1440 1352 nati
1473 1328 1611 1362 sumus,
1635 1311 1680 1350 ad
1702 1310 1925 1349 tremendum
1957 1309 2120 1349 Judicem
2136 1308 2204 1345 mi-

1226 1367 1422 1418 grabimus.
1445 1365 1594 1404 Etiamsi
1607 1379 1727 1403 omnes
1744 1364 1926 1402 thesauros
1941 1361 2204 1410 eorl-aserimus,

1227 1419 1328 1467 nudi,
1348 1418 1534 1466 tenebrosi,
1554 1417 1786 1465 miserabiles,
1802 1416 1930 1463 tristes,
1956 1413 2116 1464 demissi,
2135 1413 2206 1450 hu-

1226 1472 1370 1522 miliati,
1401 1471 1557 1520 contriti,
1590 1469 1720 1518 timidi,
1749 1477 1949 1514 trementeS,
1985 1466 2115 1516 moesti,
2139 1465 2206 1503 do-

1225 1525 1345 1574 lentes,
1366 1538 1478 1576 prono
1497 1523 1541 1561 ad
1560 1532 1690 1560 terram
1711 1522 1829 1566 vultu,
1850 1521 2038 1572 ipsumque
2052 1533 2125 1571 prae
2139 1533 2205 1570 pu-

1225 1576 1312 1614 dore
1344 1577 1545 1628 obtegentes
1566 1591 1573 1611 :
1591 1576 1640 1613 sic
1675 1574 1921 1626 migrabimus,
1957 1571 2008 1609 sic
2045 1584 2204 1622 resurge-

1226 1643 1319 1677 mus,
1350 1629 1400 1667 sic
1438 1628 1657 1666 adstabimus
1676 1636 1755 1664 ante
1774 1625 1932 1664 tribunal
1950 1623 2044 1662 illud
2056 1624 2203 1661 horren-

1225 1681 1326 1729 dum,
1354 1681 1535 1730 acerbum,
1557 1680 1621 1717 ubi
1651 1680 1751 1716 nulla
1772 1691 2003 1730 personarum
2028 1675 2202 1728 acceptio,

1226 1734 1289 1772 ubi
1321 1734 1437 1785 angeli
1459 1742 1627 1779 tremunt,
1649 1732 1712 1769 ubi
1733 1731 1851 1769 throni
1864 1729 2039 1768 terribiles
2058 1742 2203 1781 ponun-

1226 1795 1296 1835 tur,
1330 1787 1392 1824 ubi
1421 1786 1506 1824 libri
1537 1795 1695 1823 actorum
1723 1784 1942 1836 aperiuntur⁷
1976 1782 2040 1819 ubi
2071 1780 2205 1819 fluvius

1226 1839 1320 1890 ignis
1334 1837 1720 1889 inexstinguibiliS,ubi
1733 1836 1898 1874 immanis
1912 1835 1971 1872 ille
1984 1834 2129 1883 vermis,
2139 1833 2206 1871 ubi

1227 1892 1379 1929 tenebrae
1396 1892 1469 1930 sine
1498 1892 1589 1936 luce,
1615 1888 1679 1926 ubi
1701 1889 1854 1940 frigidus
1872 1888 1932 1926 ille
1951 1896 2118 1935 tartarus,
2142 1886 2207 1923 ubi

1228 1944 1361 1982 stridor
1371 1944 1546 1991 dentium,
1565 1943 1628 1980 ubi
1642 1942 1810 1994 lacrymae
1825 1939 2117 1987 interminabiles,
2142 1938 2207 1976 ubi

1228 1998 1380 2048 gemitus
1402 1997 1464 2048 qui
1486 1995 1675 2048 comprimi
1694 1994 1831 2044 nequit,
1867 1993 1929 2030 uhi
1949 1993 2067 2030 luctus
2086 1992 2207 2029 incon-

1227 2050 1407 2098 solabilis;
1429 2049 1493 2086 ubi
1523 2062 1591 2086 non
1621 2056 1672 2085 est
1697 2047 1803 2095 risus,
1835 2046 1896 2084 sed
1924 2045 2108 2097 planctus,
2144 2043 2208 2089 ubi

1227 2116 1296 2140 n‘on
1308 2112 1358 2140 est
1377 2101 1570 2153 gaudium,
1591 2100 1654 2138 sed
1670 2100 1839 2150 gemitus;
1857 2098 1923 2135 ubi
1943 2111 2011 2135 non
2030 2105 2082 2134 est
2102 2096 2208 2135 volu-

1119 2174 1152 2201 ς·
1165 2176 1214 2200 320
1230 2164 1318 2206 ptas,
1339 2155 1400 2192 sed
1409 2154 1607 2206 judicium,
1624 2153 1684 2190 ubi
1705 2166 1774 2189 non
1802 2160 1852 2188 est
1870 2165 1954 2195 vox,
1981 2149 2044 2187 sed
2065 2158 2207 2186 tremor.

136 2212 220 2251 ὅπου
243 2214 306 2250 οὐκ
335 2212 408 2250 ἔστι
437 2211 547 2264 τρυφὴ
561 2243 569 2259 ,
589 2212 679 2250 ἀλλὰ
708 2211 819 2262 κρίσις
835 2227 842 2234 ·
877 2211 961 2249 ὅπου
989 2213 1051 2249 οὐκ
1081 2211 1155 2249 ἔστι
1178 2214 1203 2242 Α
1228 2207 1410 2245 Horribile
1428 2216 1479 2244 est
1493 2206 1628 2254 audire,
1648 2205 1781 2253 dilecti,
1799 2202 2006 2241 horribilius
2023 2211 2073 2239 est
2087 2200 2210 2239 videre

136 2264 282 2317 φθόγγος
293 2295 303 2312 ,
324 2264 414 2303 ἀλλὰ
433 2264 572 2317 τρόμος.
587 2264 745 2314 (Ι)οὲερὸν
765 2264 871 2306 ὅντως
887 2267 1031 2302 ἀκοῦσαι
1043 2294 1053 2311 ,
1070 2266 1157 2314 ἀγα-

135 2318 259 2365 πητοὶ,
279 2316 515 2370 ’ροέερώτερον
534 2316 570 2354 δὲ
593 2316 632 2354 τὸ
652 2316 784 2354 ἰδέσθαι
811 2323 927 2355 πᾶσαν
954 2315 1017 2361 τὴν
1044 2317 1156 2354 κτίσιν

135 2370 338 2421 ἱσταμένην,
353 2370 412 2408 καὶ
423 2368 705 2421 ἀπολογουμένην
716 2369 804 2421 ὑπὲρ
813 2368 932 2419 λόγου,
945 2368 1032 2421 ὑπὲρ
1044 2368 1157 2422 ἔργου,

135 2423 222 2473 ὑπὲρ
239 2424 463 2469 ἐννοιῶν,τῶν
481 2424 514 2459 ἓν
530 2422 639 2469 νυκτὶ,
653 2424 722 2459 τῶν
740 2424 773 2460 ἐν
792 2421 909 2474 ἡμέρα
920 2451 929 2469 ,
942 2415 989 2458 ὧν
1003 2422 1159 2473 ἡμάρτο-

138 2491 213 2523 μεν.
225 2474 344 2524 Μέγας
359 2477 376 2511 ὃ
391 2474 512 2526 (ρόὸος,
531 2474 690 2526 ἀδελφοὶ,
705 2474 801 2522 τότε,
815 2475 950 2525 μεγάλη
965 2477 986 2521 ἡ
1001 2475 1136 2525 ἀνάγκη
1149 2504 1158 2522 ,

136 2527 192 2565 οἵα
221 2527 384 2564 οὐδέποτε
403 2526 537 2577 ἐγένετο
556 2526 632 2564 οὐδὲ
657 2525 843 2577 γενήσεται
865 2526 929 2568 ἕως
944 2529 1006 2571 τῆς
1026 2526 1160 2578 ἡμέρας

139 2579 282 2625 ἐκείνης.
307 2578 399 2617 Τότε
431 2578 572 2628 ἄγγελοι
596 2577 875 2630 περιτρέχουσιν,
906 2579 942 2614 αἱ
971 2578 1160 2629 σάλπιγγες

139 2635 245 2683 βοῶσι
258 2661 268 2678 ,
282 2630 326 2668 τὰ
349 2630 460 2683 ἄστρα
475 2630 672 2676 πίπτουσιν,
686 2633 703 2668 ὃ
725 2629 821 2675 ἥλιος
837 2630 1049 2677 σκοτίζεται,
1062 2633 1092 2668 οἱ
1104 2632 1160 2668 οὗ·

140 2685 234 2738 ρανοὶ
254 2684 461 2721 εἱλίσσονται
474 2712 483 2729 ,
503 2686 524 2729 ἦ
544 2686 587 2733 γῆ
608 2681 813 2729 σαλεύεται,
832 2685 866 2720 αἱ
885 2681 1047 2732 δυνάμεις
1075 2698 1159 2733 προ*

137 2737 301 2788 τρέχουσι
313 2767 322 2784 ,
340 2736 384 2773 τὰ
403 2735 565 2787 Σεραφὶμ
582 2737 708 2786 βοῶσι,
724 2734 768 2772 τὰ
801 2735 873 2772 ἅνω
887 2763 897 2781 ,
913 2733 958 2771 τὰ
980 2734 1076 2772 κάτω
1088 2762 1098 2780 ,
1116 2735 1161 2773 τὰ

137 2790 299 2840 ἐπίγεια,
328 2787 373 2826 τὰ
398 2788 613 2839 καταχθόνια
640 2787 903 2840 ταράσσονται,
933 2785 977 2824 τὰ
1006 2793 1161 2837 μνημεῖα

138 2842 356 2892 ἀνοίγονται,
374 2840 418 2878 τὰ
438 2840 586 2890 σώματα
615 2839 817 2877 ἀνίστανται
846 2839 906 2877 καὶ
933 2839 1160 2890 συνάγονται,

139 2894 178 2933 τὸ
202 2894 380 2946 κριτήριον
416 2892 664 2946 εὖτρεπίζεται.
697 2891 813 2935 Πολὺς
848 2895 865 2930 ὃ
893 2891 1019 2943 φόὸος,
1055 2891 1161 2938 ἀδιή-

137 2963 240 2999 γητος
279 2950 297 2985 ὃ
333 2945 459 2998 τρόμος
473 2975 482 2992 ,
524 2945 770 2990 ἀκατάληπτος
803 2948 824 2990 ἦ
865 2944 1000 2994 ἀνάγκη
1032 2947 1054 2990 ἦ
1083 2943 1161 2982 τότε

137 2999 301 3050 γινομένη
317 3014 324 3022 ·
351 2999 458 3050 μέγας
489 3000 506 3036 ὃ
534 2997 669 3050 χειμὼν
700 3000 849 3043 ἐκεῖνος,
890 2997 1024 3047 μεγάλη
1043 2999 1065 3042 ἡ
1086 2995 1162 3034 ὀδό-

140 3067 203 3098 νη,
225 3053 365 3102 χαλεπὴ
402 3054 424 3096 ἡ
458 3052 683 3103 περίστασις,
711 3050 981 3092 ἀκατάπαυστος
1016 3052 1033 3086 ὃ
1064 3048 1162 3100 θόρυ-

139 3104 214 3148 ίΣος,
237 3103 345 3153 μέγας
367 3105 385 3140 ὃ
413 3102 616 3154 ὂλολυγμός.
639 3102 763 3141 Ἄκουε
790 3097 848 3141 οὖν
874 3106 932 3140 τοῦ
953 3100 1087 3146 Δανιὴλ
1102 3100 1162 3138 λέ-

138 3169 274 3205 γοντος·
293 3153 486 3206 Ἐθεώρουν
514 3158 547 3193 ἓν
578 3155 730 3207 ὁράματι
759 3158 821 3201 τῆς
858 3154 998 3201 νυκτὸς,
1027 3153 1091 3197 ἕως
1126 3147 1162 3190 οὗ

139 3207 252 3259 θρόνοι
281 3206 458 3253 ἐτέθησαν,
490 3208 550 3244 καὶ
588 3208 735 3251 παλαιὸς
762 3209 902 3259 ἡμερῶν
937 3206 1087 3244 ἐκάθισε.
1111 3205 1165 3243 Τὸ

140 3261 268 3307 ἔνδυμα
286 3261 388 3296 αὐτοῦ
415 3258 536 3296 λευκὸν
555 3259 638 3297 ὡσεὶ
665 3260 767 3311 χιὼν,
782 3264 803 3306 ἡ
834 3259 908 3310 θρὶξ
927 3262 989 3305 τ’ῆς
1012 3260 1165 3309 κεφαλῆς

142 3313 243 3349 αὐτοῦ
263 3311 413 3361 καθαρὸν
432 3314 478 3353 ὡς
498 3311 604 3362 ἔριον·
627 3315 644 3349 ὁ
659 3312 774 3362 θρόνος
790 3315 891 3349 αὐτοῦ
910 3310 995 3361 φλὸξ
1011 3341 1020 3357 ,
1038 3313 1068 3349 οἱ
1083 3325 1165 3363 τρο-

143 3364 199 3415 χοὶ
223 3366 322 3401 αὖτῧ
352 3367 420 3413 π’ὔρ
437 3363 572 3414 φλέγον.
594 3365 760 3414 Ποταμὸς
786 3363 893 3416 πυρὸς
909 3358 1021 3401 εἷλκεν
1037 3363 1165 3414 ἔμπρο-

144 3420 219 3454 σθεν
249 3419 371 3453 αὐτοῦ·
404 3416 515 3466 χίλιαι
545 3416 699 3467 χιλιάδες
725 3416 1018 3466 παρειστήκεισαν
1049 3418 1165 3466 αὐτῷ,

1229 2274 1369 2298 omnem
1391 2268 1588 2297 creaturam
1606 2267 1770 2306 stantem,
1799 2265 1833 2294 et
1862 2256 2035 2293 rationem
2058 2253 2212 2292 redden-

1230 2322 1314 2361 tem,
1332 2313 1376 2350 de
1400 2312 1524 2356 verbo,
1540 2311 1585 2350 de
1603 2324 1719 2362 opere,
1736 2309 1780 2347 de
1799 2307 2085 2359 cogitationibus,
2113 2305 2211 2356 queis

1232 2366 1267 2403 in
1279 2375 1380 2403 nocte
1398 2364 1478 2402 etin
1493 2364 1552 2402 die
1565 2362 1802 2416 peccavimus.
1819 2363 1974 2412 Magnus
1992 2369 2076 2397 tunc
2088 2358 2210 2407 timor,

1234 2419 1375 2468 fratres,
1397 2431 1525 2469 magna
1545 2415 1745 2461 necessitas,
1772 2413 1888 2464 qualis
1915 2425 2111 2462 numquam
2129 2411 2210 2458 fuit,

1234 2485 1348 2521 neque
1362 2470 1429 2508 erit
1447 2483 1557 2520 usque
1574 2468 1618 2506 ad
1636 2467 1732 2505 diem
1751 2467 1864 2504 illam.
1893 2466 1997 2503 Tune
2016 2463 2131 2515 angeli
2145 2463 2213 2501 cir-

1235 2531 1475 2569 cumcursant,
1502 2521 1597 2558 tuhae
1628 2520 1809 2569 clangunt,
1843 2518 1952 2555 stellae
1990 2516 2132 2564 cadunt,
2161 2514 2214 2553 sol

1235 2576 1500 2619 obtenebratur,
1527 2572 1602 2610 caeli
1625 2571 1899 2618 convolvuntur,
1936 2577 2028 2606 terra
2058 2566 2215 2605 concuti-

1236 2635 1309 2675 tur,
1340 2634 1529 2678 potestates
1556 2631 1790 2676 praecurrunt,
1825 2620 2012 2672 Seraphim
2048 2620 2214 2666 clamant,

1235 2693 1398 2730 superna,
1414 2678 1552 2725 infima,
1572 2675 1760 2723 terrestria,
1780 2674 1915 2712 inferna
1939 2672 2137 2719 turbantur,
2160 2684 2214 2709 se-

1236 2732 1359 2783 pulcra
1386 2730 1606 2782 aperiuntur,
1635 2741 1781 2779 corpora
1811 2733 1999 2776 resurgunt
2017 2733 2049 2761 et
2070 2737 2216 2774 congre-

1237 2793 1376 2835 gantur,
1401 2782 1580 2834 judicium
1604 2789 1808 2832 apparatur.
1834 2778 1973 2816 Multus
1997 2777 2115 2824 timor,
2142 2776 2215 2813 ine-

1236 2836 1426 2874 narrabilis
1452 2844 1596 2881 tremor,
1628 2829 1997 2883 incomprehensibilis
2029 2828 2215 2866 necessitas

1235 2903 1313 2939 quae
1334 2898 1417 2926 tunc
1441 2887 1508 2925 erit
1527 2902 1534 2922 :
1551 2899 1679 2936 magna
1697 2885 1812 2922 hiems
1830 2883 1907 2931 illa,
1929 2893 2079 2931 magnus
2097 2880 2216 2929 dolor,

1237 2941 1356 2993 gravis
1384 2940 1580 2985 calamitas,
1609 2935 1828 2975 incessabilis
1847 2935 2036 2982 tumultus,
2065 2945 2215 2982 magnus

1238 2994 1407 3031 ululatus.
1430 2991 1523 3029 Audi
1556 2990 1667 3041 igitur
1687 2988 1870 3026 Danielem
1886 2986 2059 3024 dicentem
2075 3000 2082 3021 :
2096 2985 2214 3036 Aspi-
2228 2999 2309 3027 Dan.

1237 3048 1385 3084 ciebant
1414 3047 1455 3081 in
1471 3045 1623 3081 visione
1644 3043 1781 3086 noctis,
1809 3041 1930 3077 donec
1948 3039 2077 3076 throni
2100 3039 2217 3089 positi
2233 3048 2278 3069 ¹0-
2298 3040 2346 3070 ¹5·

1238 3107 1341 3144 sunt,
1363 3105 1399 3134 et
1426 3098 1609 3145 antiquus
1632 3095 1782 3130 dierum
1801 3092 1911 3130 sedit.
1939 3092 2217 3128 Vestimentum

1237 3153 1319 3202 ejus
1335 3149 1545 3187 candidum
1566 3149 1663 3184 sicat
1683 3147 1765 3191 nix,
1780 3143 1946 3193 capillus
1966 3143 2103 3194 capitis
2133 3143 2216 3193 eJ'us

1236 3215 1353 3254 puras
1382 3209 1423 3238 ut
1456 3201 1550 3237 lana
1580 3214 1591 3234 :
1614 3200 1773 3235 thronus
1797 3195 2088 3248 ejusslamma,
2122 3202 2217 3232 rotae

1238 3257 1319 3308 ejus
1342 3256 1442 3305 ignis
1473 3264 1668 3290 accensus.
1697 3251 1734 3287 F
1736 3249 1861 3286 [uvius
1885 3250 2018 3299 igneus
2038 3247 2217 3285 trahebat

1240 3311 1280 3345 in
1299 3313 1501 3357 conspectu
1520 3306 1600 3355 ejus
1624 3319 1634 3338 .·
1657 3302 1783 3339 millia
1803 3301 1969 3338 millium
1986 3301 2218 3338 assistebant

1240 3363 1287 3406 ei,
1308 3368 1341 3397 et
1363 3360 1487 3395 decies
1506 3356 1644 3394 millies
1673 3356 1775 3392 dena
1798 3353 1924 3391 millia
1945 3353 2219 3390 ministrabant

1241 3417 1274 3451 ei
1297 3412 1511 3462 :judicium
1530 3409 1638 3455 sedit,
1664 3416 1699 3446 et
1715 3408 1804 3446 libri
1822 3407 1944 3457 aperti
1967 3413 2065 3444 sunt.
2083 3405 2219 3442 Inhor-

2360 3007 2411 3036 .9‚
