2502 3810
758 290 801 318 ΙΝ
838 289 977 319 EPiST.

128 373 196 409 λων
218 369 430 417 ἀναλίσκειν,
449 368 507 407 καὶ
535 368 591 407 διὰ
619 369 743 407 σαυτὸν
764 369 974 408 ἀναλίσκειν.
993 368 1040 407 Τί
1067 367 1145 405 ταύ·

126 447 188 477 της
206 434 268 477 τῆς
291 429 511 481 παρανομίας
535 435 650 482 χεῖρον
669 429 793 480 γένοιτ’
821 430 884 477 ἄν,
904 429 1067 476 Ἔξεδόθη
1088 427 1145 466 διὰ
1169 438 1193 466 Ε

128 490 187 538 σὲ,
208 490 341 541 ἐσφάγη
371 489 428 527 διὰ
455 489 514 535 σὲ,
543 489 766 543 περιέρχεται
789 492 916 528 πεινῶν
945 488 1001 526 διὰ
1021 488 1076 536 σὲ,
1107 490 1145 526 ἐκ

127 552 195 587 τῶν
215 551 318 588 αὐτοῦ
339 551 439 594 δίδως
458 549 514 587 ἵνα
541 550 642 594 αὐτὸς
660 551 861 602 ὠφεληθῇς,
880 548 939 586 καὶ
959 548 1035 587 οὐδὲ
1056 547 1092 585 οὕ
1102 563 1145 584 τω

127 610 238 653 δίδως.
255 610 372 648 Ποίων
390 613 450 648 οὐκ
464 610 503 648 ἂν
525 604 590 648 ε’ἷεν
606 609 886 661 ἀναισθητότεροι
904 608 1022 655 λίθων,
1038 609 1069 646 οἱ
1087 622 1145 644 το-

125 670 255 709 σούτων
274 670 396 715 αὐτοὺς
414 671 583 709 ἑλκόντων
608 670 837 723 πραγμάτων,
860 669 916 707 ἐπὶ
939 672 1000 715 τῆς
1022 668 1144 705 διαδο-

126 734 226 778 λικῆς
247 733 374 780 ταύτης
397 732 553 783 μένοντες
580 731 775 782 ὠμότητος;
800 729 890 769 Οὐδὲ
909 729 976 781 γὰρ
991 728 1143 781 ἠρκέσθη

126 796 176 845 τῷ
194 794 330 846 θανάτῳ
346 794 405 831 καὶ
420 796 470 846 τῷ
487 796 625 845 σταυρῷ
645 792 760 843 μόνον,
779 790 868 829 ἀλλὰ
885 790 946 828 καὶ
965 789 1069 836 πένης
1090 804 1145 840 γε-

126 854 243 891 νέσθαι
261 853 469 897 κατεδέξατο
487 853 547 891 καὶ
567 853 657 897 ξένος
684 853 743 890 καὶ
772 851 903 897 ἀλήτης
920 850 980 887 καὶ
995 849 1141 900 γυμνὸς,

128 914 187 952 καὶ
205 916 252 957 εἷς
271 915 506 967 δεσμωτήριον
537 915 712 964 ἐμπεσεῖν,
743 910 803 949 καὶ
834 909 1030 962 ἀρρωστίαν
1057 911 1144 946 ὓπο-

129 980 262 1024 μεῖναι,
289 974 344 1013 ἵνα
374 975 437 1012 κᾶν
467 974 556 1011 οὕτω
588 989 626 1011 σε
658 970 901 1017 ἐκκαλέσηται.
933 971 978 1007 Εἰ
1004 968 1071 1019 γὰρ
1093 967 1142 1019 μὴ

128 1035 257 1086 ἀμείὸῃ
287 1050 351 1084 με,
375 1034 489 1085 φησὶν,
510 1036 555 1076 ὡς
575 1031 661 1084 ὑπὲρ
677 1034 739 1069 σοῦ
758 1047 788 1068 τι
807 1029 980 1075 παθόντα,
1005 1030 1061 1066 διὰ
1081 1028 1143 1074 τὴν

127 1095 246 1132 πενίαν
266 1095 418 1141 ἐλέησον.
436 1096 480 1132 E}
495 1094 529 1131 δὲ
552 1093 599 1144 μὴ
622 1092 735 1144 βούλει
755 1091 811 1129 διὰ
826 1090 888 1138 τὴν
907 1090 1029 1128 πενίαν
1047 1092 1145 1137 ἐλεῆ-

1021 288 1078 316 AD
1115 287 1223 316 Rffll.

2106 270 2200 317 (365⁴

1217 366 1320 403 illum
1345 367 1436 404 fame
1459 367 1692 405 tabescentem
1713 367 1919 414 contemnis,
1943 381 2024 406 cum
2044 376 2204 412 sumtum

1216 426 1374 463 facturus
1388 426 1435 464 sis
1451 426 1496 464 ab
1518 426 1574 474 iis,
1592 441 1668 477 quae
1688 427 1788 465 illius
1805 437 1886 465 sunt
1902 443 1912 477 ;
1931 427 2038 478 idque
2055 438 2203 481 propter

1217 495 1250 524 te
1264 488 1420 525 facturus
1435 488 1495 526 sis.
1512 488 1608 534 Quid
1621 488 1688 526 hac
1701 488 1888 539 iniquitate
1900 489 2053 528 deterius
2066 490 2200 527 suerit?

1217 547 1388 585 Traditus
1402 557 1452 586 est
1466 558 1610 601 propter
1629 558 1671 598 te,
1691 550 1827 588 occisus
1845 560 1896 588 est
1908 559 2054 603 propter
2070 560 2118 601 te,
2134 551 2200 588 cir-

1217 608 1328 646 cumit
1347 609 1504 646 esuriens
1527 619 1669 661 propter
1688 619 1722 647 te
1739 625 1749 659 3
1770 624 1818 648 ex
1837 611 1882 648 iis
1904 625 1980 661 quae
1999 611 2096 649 illius
2119 620 2202 648 suut.

1216 668 1294 716 das,
1312 678 1351 706 ut
1370 669 1446 720 ipse
1462 669 1651 706 utilitatem
1669 670 1823 722 accipias
1847 686 1854 706 ε
1876 680 1912 708 at
1930 685 1973 708 ne
1989 672 2037 709 ita
2055 671 2200 722 quidem

1215 729 1290 767 das.
1312 729 1453 775 Quibus
1477 729 1659 781 lapidibus
1682 744 1751 768 non
1777 731 1989 782 stupidiores
2013 741 2109 782 sunt,
2138 732 2201 783 qui

1216 800 1267 829 tot
1282 792 1386 829 rebus
1405 806 1440 829 se
1459 792 1742 844 pertrahentibus
1762 793 1798 830 in
1817 793 1995 832 diabolica
2013 795 2073 832 illa
2093 795 2201 832 inhu—

1217 851 1385 889 manitate
1411 853 1585 890 manent?
1611 854 1736 903 Neque
1759 854 1858 891 enim
1881 855 1964 892 satis
1991 855 2051 893 ille
2075 856 2203 893 habuit

1217 926 1357 950 crucem
1376 921 1409 949 et
1429 921 1577 950 mortem
1595 913 1714 950 subire
1731 928 1742 963 3
1765 913 1826 951 sed
1841 923 1875 951 et
1892 929 2027 966 pauper
2046 916 2123 953 fieri
2138 930 2199 954 vo-

1215 972 1281 1009 luit
1295 981 1330 1009 et
1342 972 1563 1024 peregrinus,
1576 987 1654 1010 erro
1666 983 1699 1010 et
1715 974 1842 1023 nudus,
1859 984 1962 1024 atque
1978 975 2014 1012 in
2026 990 2201 1014 carcerem

1215 1032 1342 1084 conjici
1361 1032 1674 1083 infirmitatemque
1696 1034 1788 1085 pati,
1813 1043 1852 1071 ut
1873 1035 1933 1073 ’vel
1958 1035 2008 1072 sie
2029 1045 2061 1072 te
2091 1036 2202 1074 advo-

1214 1102 1320 1132 caret.
1340 1094 1379 1133 Si
1395 1094 1485 1131 mihi
1504 1108 1573 1132 non
1588 1095 1767 1143 retribuis,
1785 1104 1824 1132 ut
1838 1109 1903 1147 pro
1917 1104 1951 1133 te
1966 1109 2084 1148 passo,
2099 1097 2202 1135 misc-

1264 286 1373 316 HOMI
1380 287 1401 315 L
1408 306 1418 315 .
1460 286 1520 315 XV
1529 306 1537 314 .

126 1170 207 1202 σαι,
229 1155 284 1192 διὰ
302 1154 364 1201 τὴν
379 1154 476 1192 νόσον
492 1153 732 1205 ἐπικάμφθητι
746 1182 755 1200 ,
775 1152 832 1191 διὰ
851 1152 885 1189 δὲ
903 1151 943 1189 τὸ
963 1151 1143 1202 δεσμωτή-
1157 1177 1204 1201 602
1215 1167 1292 1191 rere
1321 1154 1390 1192 mei
1426 1164 1543 1192 tamen
1570 1165 1715 1208 propter
1741 1165 1998 1208 paupertatem.
2035 1156 2074 1194 Si
2113 1157 2202 1195 nolis

129 1231 198 1268 ριον
215 1215 465 1261 ἑπικλάσθητι·
496 1217 526 1252 εἰ
552 1214 587 1251 δὲ
609 1214 696 1265 μηδὲ
721 1213 832 1251 ταῦτά
861 1229 898 1251 σε
917 1219 1009 1251 ποιεῖ
1027 1213 1146 1264 φιλάν-
1169 1215 1195 1243 Α

126 1279 274 1327 θρωπον,
312 1276 369 1314 διὰ
400 1275 440 1314 τὸ
473 1280 598 1328 κοῦφον
634 1278 697 1321 τῆς
738 1275 909 1321 αἰτήσεως
955 1274 1144 1313 ἐπίνευσον.

126 1337 238 1375 Οὐδὲν
258 1337 324 1389 γὰρ
356 1339 442 1375 αἰτῶ
469 1335 675 1384 πολυτελὲς,
702 1335 791 1373 ἀλλὰ
819 1336 920 1389 ἄρτον
941 1335 1000 1373 καὶ
1021 1335 1145 1386 στέγην

126 1398 186 1436 καὶ
204 1399 368 1450 ῥημάτων
387 1398 624 1450 παράκλησιν.
649 1399 693 1436 Εἰ
713 1397 748 1435 δὲ
767 1397 827 1435 καὶ
854 1396 942 1447 μετὰ
962 1401 1071 1435 ταῦτα
1097 1397 1148 1434 ἔτι

131 1458 243 1509 μένεις
262 1459 379 1510 ἄγριος
409 1458 468 1504 ὢν,
490 1458 553 1496 κᾶν
575 1458 631 1496 διὰ
657 1458 719 1505 τὴν
750 1457 928 1509 βασιλείαν
948 1462 1046 1509 γενοῦ
1065 1459 1147 1509 βελ-

128 1520 228 1567 τίων,
258 1519 321 1556 κᾶν
351 1519 407 1557 διὰ
440 1519 483 1557 τὰ
504 1519 636 1558 ἔπαθλα
657 1519 678 1556 ἃ
699 1519 920 1570 ὑπεσχόμην.
950 1519 1041 1556 Ἀλλ’
1072 1518 1148 1556 οὐδὲ

129 1580 266 1618 ἐκείνων
287 1580 361 1617 ἐστί
379 1580 429 1624 τίς
448 1595 502 1617 σοι
518 1580 635 1631 λόγος,
653 1579 724 1618 Κᾶν
741 1580 826 1633 πρὸς
845 1579 907 1626 τὴν
924 1579 1024 1631 φύσιν
1041 1579 1148 1626 αὐτὴν

131 1640 377 1687 ἐπικλάσθητι,
394 1641 520 1692 γυμνὸν
544 1643 645 1692 ὁρῶν,
664 1640 724 1678 καὶ
742 1644 802 1687 τῆς
823 1639 1037 1691 γυμνότητος
1064 1642 1149 1678 ἀνα-

132 1703 303 1753 μνήσθητι
321 1702 464 1750 ἕκείνης,
485 1702 526 1748 ἣν
547 1701 747 1753 ἐγυμνώθην
770 1703 827 1739 ἐπὶ
851 1707 910 1740 τοῦ
926 1705 1072 1753 σταυροῦ
1094 1700 1148 1739 διὰ

132 1764 185 1802 σέ.
203 1765 246 1802 Εἴ
265 1763 301 1801 δὲ
319 1763 449 1810 ἐκείνης
471 1767 508 1802 οὐ
532 1763 668 1814 βούλει,
686 1763 751 1800 κᾶν
772 1763 921 1809 ταύτης,
942 1763 984 1809 ἣν
1003 1763 1060 1801 διὰ
1080 1766 1147 1801 τῶν

130 1825 288 1871 πενήτων
308 1829 517 1875 γυμνοῦμαι.
539 1824 710 1871 Ἔδεήθην
727 1824 805 1862 τότε
826 1823 882 1862 διὰ
903 1823 962 1871 σὲ,
982 1824 1071 1862 ἀλλὰ
1090 1824 1148 1862 καὶ

130 1890 186 1924 νῦν
209 1886 263 1923 διὰ
286 1885 346 1932 σὲ,
368 1885 423 1922 ἵνα
443 1884 510 1922 εἴτε
531 1887 696 1932 ἐντεῦθεν,
716 1884 784 1923 εἴτε
801 1887 928 1923 ἐκεῖθεν
950 1883 1147 1936 προαχθεὶς,

132 1949 303 1998 βουληθῇς
320 1945 551 1992 ποιῆσαίτινα
571 1946 664 1984 ἔλεον
675 1961 683 1969 ·
700 1945 889 1992 ἓνήστευσα
901 1945 956 1983 διὰ
970 1946 1025 1993 σὲ,
1042 1946 1146 1984 πάλιν

131 2011 237 2045 πεινῶ
262 2007 317 2044 διὰ
337 2007 393 2045 σέ·
412 2006 561 2059 ἐδίψησα
583 2006 799 2057 κρεμάμενος
817 2007 875 2045 ἐπὶ
897 2012 957 2045 τοῦ
977 2010 1147 2059 σταυροῦ,

130 2069 220 2119 διψῶ
236 2068 295 2106 καὶ
318 2066 374 2105 διὰ
390 2071 457 2105 τῶν
474 2067 644 2115 πενήτων,
668 2067 723 2105 ἵνα
739 2067 798 2105 καὶ
818 2067 852 2111 ἐξ
871 2067 1007 2105 ἐκείνων
1033 2068 1090 2105 καὶ
1110 2070 1148 2105 ἐκ

131 2128 260 2166 τούτων
281 2128 533 2179 ἓπισπάσωμαί
561 2144 599 2166 σε
629 2128 714 2180 πρὸς
743 2129 904 2179 ἐμαυτὸν,
928 2129 987 2167 καὶ
1011 2130 1147 2176 ποιήσω

132 2190 371 2242 φιλάνθρωπον
402 2190 458 2227 ἐπὶ
487 2189 643 2241 σωτηρίᾳ
660 2193 703 2241 τῇ
721 2193 776 2241 σῇ.
797 2189 865 2228 Διὰ
884 2194 984 2228 τοῦτο
1001 2190 1059 2228 καὶ
1080 2207 1148 2241 μυ-

132 2250 213 2303 ρίων
232 2250 410 2302 ὀφείλοντά
429 2265 468 2287 σε
489 2250 772 2302 εὐεργετημάτων
790 2250 939 2300 ἀμοιῖῐὴν
963 2250 1038 2300 ἐμοὶ
1054 2280 1063 2298 ,
1083 2253 1148 2302 οὐχ

127 2314 175 2354 ὡς
193 2311 372 2362 ὀφείλοντα
391 2312 548 2356 ἀπαιτῶ,
568 2312 645 2348 ἀλλ’
664 2314 711 2353 ὼς
728 2310 955 2362 χαριζόμενον
972 2315 1145 2363 στεφανῶ,

128 2370 187 2407 καὶ
223 2371 400 2421 βασιλείαν
429 2371 606 2422 δωροῦμαι
637 2371 713 2408 ἀντὶ
737 2375 805 2409 τῶν
839 2375 971 2423 μικρῶν
1005 2371 1146 2411 τούτων.

128 2431 221 2470 Οὐδὲ
240 2431 307 2483 γὰρ
325 2432 415 2482 λέγω
430 2459 439 2476 ,
455 2431 558 2470 λῦσόν
578 2447 637 2482 μοι
651 2431 713 2478 τὴν
729 2431 863 2480 πενίαν,
883 2431 959 2470 οὐδὲ
972 2463 982 2480 ,
1002 2431 1148 2484 χάρισαί

130 2507 189 2542 μοι
210 2494 371 2539 πλοῦτον,
388 2492 500 2530 καίτοι
519 2508 559 2543 γε
578 2491 786 2545 ἐπτώχευσα
804 2492 861 2531 διὰ
872 2492 928 2531 σέ·
956 2494 1032 2531 ἀλλ’
1053 2493 1148 2544 ὅμως

130 2552 231 2604 ἄρτον
248 2554 332 2590 αἰτῶ
345 2553 403 2589 καὶ
419 2552 556 2602 ἱμάτιον
572 2552 632 2590 καὶ
645 2554 748 2603 λιμοῦ
764 2553 988 2605 παραμυθίαν
1004 2555 1146 2608 μικράν.
1172 2566 1196 2597 C

130 2613 205 2650 Κᾶν
226 2615 271 2656 εἷς
287 2614 521 2664 δεσμωτήριον
543 2613 685 2663 ἐμπέσω
698 2644 708 2661 ,
735 2615 798 2652 οὐκ
817 2613 1001 2664 ἀναγκάζω
1021 2614 1064 2652 τὰ
1095 2616 1151 2652 δε-

130 2673 204 2722 σμὰ
222 2675 324 2711 λῦσαι
343 2673 402 2711 καὶ
421 2674 593 2722 ἐκὸαλεῖν,
619 2674 696 2711 ἀλλ’
722 2674 756 2712 ἓν
777 2677 929 2720 ἐπιζητῶ
951 2674 1066 2725 μόνον,
1095 2675 1151 2714 ἵνα

129 2733 204 2785 ἴδῃς
221 2733 398 2784 δεδεμένον
421 2733 477 2771 διὰ
497 2733 555 2779 σὲ,
585 2734 644 2772 καὶ
672 2736 845 2786 ἀρκοῦσαν
879 2734 1003 2774 ἔλαδον
1034 2736 1148 2788 χάριν,

128 2795 187 2832 καὶ
221 2794 306 2847 ὑπὲρ
337 2794 456 2833 τούτου
494 2794 597 2845 μόνου
618 2795 675 2833 τὸν
705 2796 846 2848 οὐρανόν
869 2812 922 2834 σοι
946 2798 1147 2850 χαρίζομαι.

129 2855 253 2893 Καίτοι
272 2871 310 2907 γε
335 2855 403 2908 ἐγὼ
421 2856 681 2907 χαλεπωτάτων
702 2873 741 2895 σε
765 2857 871 2895 ἔλυσα
898 2859 1049 2910 δεσμῶν,
1072 2862 1148 2898 ἀλλ’

127 2917 206 2965 ἐμοὶ
227 2917 327 2967 μόνον
357 2920 474 2968 ἀρκεῖ,
494 2916 534 2954 ἂν
567 2919 737 2969 βουληθῇς
767 2920 849 2957 ἷδεῑν
883 2936 926 2970 με
956 2920 1146 2972 δεδεμένον.

128 2975 287 3025 Δύναμαι
322 2977 383 3027 μὲν
411 2977 478 3030 γὰρ
506 2977 566 3015 καὶ
597 2978 705 3031 χωρὶς
730 2978 860 3018 τούτων
890 2996 929 3019 σε
949 2987 1147 3033 στεφανοῦν,

133 3040 300 3089 βούλομαι
314 3040 349 3079 δέ
363 3055 417 3079 σοι
429 3041 487 3079 καὶ
503 3041 679 3093 ὀφειλέτης
697 3036 803 3092 εἶναι,
822 3043 879 3082 ἵνα
895 3044 981 3098 φέρῃ
1000 3045 1054 3084 σοί
1072 3063 1148 3084 τινα

130 3105 189 3142 καὶ
209 3106 405 3157 παρρησίαν
427 3110 444 3145 ὃ
463 3106 640 3159 στέφανος.
668 3108 738 3147 Καὶ
760 3109 816 3148 διὰ
836 3115 935 3149 τοῦτο
960 3110 1020 3148 καὶ
1048 3111 1148 3149 δυνά-

134 3187 232 3221 μενος
261 3172 407 3221 ἐμαυτὸν
428 3173 570 3225 θρέψαι,
600 3175 832 3229 περιέρχομαι
852 3181 1064 3230 προσαιτῶν,
1089 3178 1149 3217 καὶ

1214 1225 1360 1268 propter
1387 1225 1630 1268 paupertatem
1657 1217 1830 1266 misereri,
1861 1227 2006 1270 propter
2036 1220 2204 1257 morbum

1214 1277 1272 1315 vel
1289 1287 1432 1330 propter
1455 1292 1630 1316 carcerem
1649 1278 1800 1316 flectaris
1823 1295 1831 1315 :
1855 1279 1885 1316 si
1901 1293 1944 1316 ne
1962 1280 2036 1317 haec
2057 1280 2202 1331 quidem

1215 1341 1261 1379 ad
1280 1342 1541 1395 humanitatem
1562 1342 1783 1393 pertrahunt,
1809 1357 1923 1380 annue
1951 1344 1996 1381 ob
2023 1344 2202 1395 petitionis

1215 1403 1419 1441 tenuitatem
1429 1434 1436 1441 .
1455 1403 1557 1441 Nihil
1569 1418 1589 1440 a
1603 1412 1636 1441 te
1649 1412 1871 1441 sumtuosum
1884 1413 1976 1456 pcto,
1989 1405 2047 1442 scd
2062 1420 2201 1458 panem,

1214 1473 1362 1515 tectum,
1377 1465 1572 1503 verborum
1592 1465 1877 1503 consolationem.
1895 1466 1932 1504 Si
1953 1476 2070 1518 postea
2086 1467 2204 1505 adhuc

1215 1522 1315 1562 ferox
1326 1539 1478 1574 maneaS,
1496 1525 1620 1562 saltem
1634 1535 1778 1577 propter
1791 1539 1941 1578 regnum
1957 1527 2122 1565 caelorum
2134 1542 2203 1565 mc-

1216 1585 1285 1623 lior
1309 1586 1489 1636 efficiaris,
1521 1586 1645 1624 saltem
1677 1587 1724 1624 ob
1756 1587 1903 1638 praemia
1935 1602 2012 1639 quae
2041 1589 2203 1640 promisi.

1218 1648 1356 1687 Verum
1375 1661 1418 1686 ne
1435 1648 1566 1685 horum
1582 1647 1729 1698 quidem
1748 1648 1860 1686 ullam
1875 1651 2047 1687 rationem
2067 1651 2176 1689 habes
2187 1651 2204 1687 Ξ)

1217 1710 1350 1747 Saltem
1375 1718 1519 1761 propter
1547 1718 1712 1746 naturam
1738 1717 1772 1746 te
1794 1709 1949 1760 frangas,
1981 1710 2118 1748 nudum
2145 1712 2204 1749 vi-

1217 1770 1317 1818 dens,
1340 1779 1374 1808 et
1400 1779 1574 1807 memento
1596 1768 1768 1807 nuditatis
1790 1784 1876 1807 mcae
1901 1771 1936 1808 in
1961 1786 2076 1819 cruce,
2099 1787 2207 1823 quam

1215 1840 1362 1883 propter
1377 1840 1410 1869 te
1422 1845 1547 1883 passus
1563 1845 1654 1868 sum.
1674 1830 1715 1869 Si
1733 1830 1830 1867 illius
1845 1831 1950 1882 nolis,
1967 1841 2002 1869 at
2021 1833 2122 1870 istius
2137 1848 2207 1883 qua

1215 1909 1351 1947 pauper
1379 1904 1412 1932 et
1435 1893 1553 1932 nudus
1579 1908 1670 1931 sum.
1692 1894 1845 1934 Vinctus
1868 1903 1952 1932 tunc
1982 1895 2033 1932 fui
2055 1905 2200 1948 propter

1215 1965 1263 2004 te,
1280 1965 1314 1993 et
1333 1969 1427 1992 nunc
1442 1954 1549 1992 etiam
1564 1963 1708 2006 propter
1725 1963 1760 1992 te
1776 1970 1785 2003 ;
1808 1963 1846 1992 ut
1867 1955 1942 1993 sive
1956 1955 2041 2005 illis,
2058 1957 2134 1994 sive
2148 1957 2204 1995 his

1217 2026 1335 2055 motus
1366 2016 1536 2066 vinculis,
1566 2015 1704 2066 aliquid
1729 2015 1979 2055 misericordiae
2002 2018 2092 2055 mihi
2112 2033 2205 2070 prae-

1217 2087 1308 2116 stare
1332 2077 1422 2116 velis
1441 2092 1449 2113 z
1468 2077 1611 2129 jejunus
1634 2077 1687 2114 fui
1711 2086 1853 2129 propter
1875 2087 1919 2124 te,
1945 2093 2069 2117 rursus
2088 2080 2205 2118 esurio

1216 2149 1361 2192 propter
1386 2148 1416 2176 te
1437 2153 1444 2174 :
1465 2138 1563 2177 sitivi
1582 2138 1617 2175 in
1642 2152 1745 2175 cruce
1764 2138 1932 2190 pendens,
1952 2154 2014 2191 per
2034 2155 2204 2192 pauperes

1217 2214 1310 2238 nunc
1325 2200 1405 2238 sitio
1422 2213 1432 2246 ;
1451 2208 1491 2237 ut
1505 2199 1562 2237 vel
1573 2213 1618 2237 ex
1631 2199 1702 2237 illis
1716 2199 1829 2238 velex
1843 2199 1899 2237 his
1915 2209 1947 2237 te
1965 2200 2012 2238 ad
2026 2202 2203 2253 meipsum

1216 2260 1386 2311 alliciam,
1410 2269 1444 2298 et
1468 2273 1533 2312 pro
1554 2260 1667 2298 salute
1692 2268 1753 2297 tua
1776 2259 1972 2311 benignum
1993 2270 2026 2299 te
2042 2261 2201 2302 reddam.

1214 2321 1299 2360 Ideo
1325 2331 1369 2370 te,
1398 2321 1498 2359 mille
1522 2320 1729 2359 devinctum
1752 2321 1949 2372 beneficiis,
1976 2322 2092 2361 vicem
2116 2325 2205 2362 mihi

1217 2381 1389 2434 rependas
1408 2395 1493 2433 rogo
1508 2397 1515 2418 z
1534 2395 1603 2419 non
1620 2390 1660 2419 ut
1673 2395 1694 2418 a
1709 2380 1859 2419 debente
1873 2383 1991 2434 exigo,
2004 2384 2065 2421 sed
2080 2394 2120 2422 ut
2134 2385 2204 2423 lar-

1218 2443 1371 2495 gientem
1393 2457 1536 2493 corono,
1558 2452 1592 2480 et
1616 2457 1682 2495 pro
1705 2442 1855 2481 modicis
1879 2444 1955 2482 istis
1977 2459 2126 2496 regnum
2145 2447 2202 2485 do.

1219 2508 1300 2545 Non
1319 2507 1412 2554 dico,
1431 2506 1536 2545 Solve
1553 2515 1795 2558 paupertatem
1812 2521 1940 2556 meam,
1962 2522 2036 2557 nec,
2058 2510 2204 2561 Largire

1221 2567 1308 2605 mihi
1319 2566 1481 2614 divitias,
1496 2565 1661 2616 quamvis
1677 2575 1820 2617 propter
1832 2575 1865 2604 te
1884 2581 2019 2619 pauper
2035 2570 2125 2619 sim,
2143 2571 2206 2608 sed

1221 2642 1349 2679 panem
1368 2636 1505 2665 tantum
1530 2635 1624 2678 peto,
1643 2635 1677 2663 et
1699 2635 1843 2674 vestem,
1867 2636 1900 2664 et
1920 2627 1957 2665 in
1978 2629 2070 2667 fame
2091 2631 2206 2668 modi·

1221 2704 1299 2728 cam
1313 2689 1600 2727 consolationem.
1622 2688 1661 2726 Si
1682 2687 1718 2725 in
1739 2701 1913 2726 carcerem
1930 2691 2106 2742 conjectus
2120 2692 2202 2742 sim,

1220 2767 1290 2791 non
1309 2766 1396 2804 cogo
1413 2761 1447 2789 te
1463 2760 1500 2789 ut
1517 2766 1537 2789 a
1556 2750 1712 2790 vinculis
1728 2765 1784 2788 me
1800 2751 1917 2790 solvas
1935 2762 1969 2790 et
1982 2753 2123 2804 educas,
2143 2756 2205 2794 sed

1219 2830 1332 2853 unum
1355 2829 1474 2866 quaero
1497 2823 1649 2860 tantum,
1677 2822 1716 2851 ut
1737 2824 1882 2867 propter
1907 2825 1942 2854 te
1960 2817 2122 2856 vinctum
2142 2820 2203 2857 vi-

1219 2877 1300 2916 deas
1322 2894 1330 2924 ;
1355 2876 1431 2914 haec
1457 2875 1548 2914 mihi
1583 2875 1696 2927 gratia
1723 2877 1808 2913 satis
1843 2877 1923 2927 erit,
1951 2893 2017 2930 pro
2041 2894 2109 2930 qua
2138 2881 2204 2918 tibi

1219 2939 1343 2976 caelum
1361 2937 1506 2988 largior.
1522 2938 1751 2987 Quamquam
1768 2945 1801 2974 te
1819 2951 1883 2988 ego
1904 2939 2126 2989 gravissimis
2145 2955 2204 2979 ex-

1218 2999 1310 3038 solvi
1328 2998 1503 3048 vinculis,
1520 3007 1555 3035 at
1573 2997 1662 3035 mihi
1682 2997 1766 3034 satis
1785 2997 1871 3046 erit,
1892 2999 1920 3035 si
1940 2999 2027 3037 velis
2047 3015 2102 3038 me
2120 3002 2202 3040 vin·

1219 3070 1315 3099 ctum
1336 3060 1499 3099 invisere.
1518 3060 1665 3097 Possum
1685 3059 1829 3109 quidem
1851 3059 1937 3097 citra
1961 3061 2036 3099 haec
2056 3071 2088 3099 te
2104 3076 2204 3101 coro-

1218 3136 1314 3170 nare,
1334 3120 1395 3159 sed
1417 3121 1499 3159 volo
1523 3120 1589 3157 tibi
1616 3119 1757 3157 debitor
1786 3133 1873 3169 esse,
1908 3129 1945 3157 ut
1973 3135 2053 3159 cum
2078 3137 2204 3161 corona

1219 3183 1381 3234 quaedam
1410 3182 1477 3219 tibi
1509 3180 1640 3218 fiducia
1671 3180 1824 3218 accedat.
1862 3183 1979 3232 Atque
2012 3182 2091 3221 ideo
2124 3198 2205 3223 cum

133 3244 208 3280 ταῖς
225 3236 341 3288 θύραις
356 3253 416 3276 σου
433 3240 710 3291 ειπαριστάμενος
726 3242 896 3294 προτείνω
911 3250 1024 3297 χεῖρα.
1041 3245 1147 3296 Παρὰ
1172 3256 1197 3284 Ι)
1219 3243 1353 3297 possim
1377 3243 1553 3294 meipsum
1580 3241 1687 3292 alere,
1714 3241 1891 3279 circumeo
1915 3243 2134 3296 mendicans,
2161 3246 2206 3284 ad

178 3354 191 3368 ³
215 3343 269 3376 Sic
285 3344 360 3377 Mss.
379 3352 477 3377 recte.
491 3344 592 3378 savit.
611 3353 644 3378 et
661 3348 777 3381 Morel.
794 3357 1019 3395 προϊστάμενος.
1039 3352 1136 3385 Saxi-

135 3395 194 3428 lius
222 3397 253 3428 in
281 3398 425 3439 margine
463 3397 624 3440 egendum
649 3411 687 3432 ex
714 3402 903 3444 conjectura
930 3402 1012 3436 dicit
1037 3420 1139 3450 προπ-

1203 3358 1357 3395 στάμε-ιος.
1381 3349 1447 3384 Sed
1464 3361 1541 3383 vera
1560 3350 1656 3384 lectio
1680 3356 1899 3397 παριστάμενος
1921 3363 1960 3384 ex
1977 3352 2209 3396 Manuscripris

1206 3403 1360 3437 omnibus
1382 3404 1548 3436 asseritur.

1960 3460 2025 3496 46.
