<?xml version="1.0" encoding="UTF-8"?>
<!DOCTYPE html PUBLIC "-//W3C//DTD XHTML 1.0 Transitional//EN"
    "http://www.w3.org/TR/xhtml1/DTD/xhtml1-transitional.dtd">
<html xmlns="http://www.w3.org/1999/xhtml" xml:lang="en" lang="en">
 <head>
  <title>
</title>
<meta http-equiv="Content-Type" content="text/html;charset=utf-8" />
  <meta name='ocr-system' content='tesseract 3.04.00' />
  <meta name='ocr-capabilities' content='ocr_page ocr_carea ocr_par ocr_line ocrx_word'/>
</head>
<body>
  <div class='ocr_page' id='page_1' title='image "./operaomniaquaeex09johnuoft/operaomniaquaeex09johnuoft_0277.png"; bbox 0 0 2466 3805; ppageno 0'>
   <div class='ocr_carea' id='block_1_1' title="bbox 648 189 1226 223">
    <p class='ocr_par' dir='ltr' id='par_1_1' title="bbox 648 189 1226 223">
     <span class='ocr_line' id='line_1_1' title="bbox 648 189 1226 223; baseline -0.009 0"><span class='ocrx_word' id='word_1_1' title='bbox 648 194 690 223; x_wconf 82' lang='grc' dir='ltr'><strong>ΙΝ</strong></span> <span class='ocrx_word' id='word_1_2' title='bbox 729 194 840 223; x_wconf 72' lang='lat' dir='ltr'>ACTA</span> <span class='ocrx_word' id='word_1_3' title='bbox 880 189 1226 222; x_wconf 73' lang='lat' dir='ltr'><strong>APOSTOLORUM.</strong></span> 
     </span>
    </p>
   </div>
   <div class='ocr_carea' id='block_1_2' title="bbox 76 268 1093 508">
    <p class='ocr_par' dir='ltr' id='par_1_2' title="bbox 76 268 1093 508">
     <span class='ocr_line' id='line_1_2' title="bbox 78 268 1092 326; baseline -0.003 -14"><span class='ocrx_word' id='word_1_4' title='bbox 78 275 173 326; x_wconf 64' lang='grc' dir='ltr'>φησί.</span> <span class='ocrx_word' id='word_1_5' title='bbox 206 275 276 312; x_wconf 80' lang='grc' dir='ltr'>Καὶ</span> <span class='ocrx_word' id='word_1_6' title='bbox 305 275 419 317; x_wconf 81' lang='grc' dir='ltr'>καλῶς</span> <span class='ocrx_word' id='word_1_7' title='bbox 448 268 544 321; x_wconf 72' lang='grc' dir='ltr'>εἷπε,</span> <span class='ocrx_word' id='word_1_8' title='bbox 573 275 710 319; x_wconf 83' lang='grc' dir='ltr'>Παντὸς</span> <span class='ocrx_word' id='word_1_9' title='bbox 740 275 858 313; x_wconf 83' lang='grc' dir='ltr'>δόλου·</span> <span class='ocrx_word' id='word_1_10' title='bbox 891 272 1092 324; x_wconf 81' lang='grc' dir='ltr'>ὑπεκρίνετο</span> 
     </span>
     <span class='ocr_line' id='line_1_3' title="bbox 76 334 1093 387; baseline -0.004 -14"><span class='ocrx_word' id='word_1_11' title='bbox 76 335 156 387; x_wconf 77' lang='grc' dir='ltr'>γάρ.</span> <span class='ocrx_word' id='word_1_12' title='bbox 180 336 241 373; x_wconf 80' lang='grc' dir='ltr'><strong>Υἱὲ</strong></span> <span class='ocrx_word' id='word_1_13' title='bbox 269 334 450 372; x_wconf 60' lang='grc' dir='ltr'>διαὲόλου·</span> <span class='ocrx_word' id='word_1_14' title='bbox 467 335 505 372; x_wconf 81' lang='grc' dir='ltr'><strong>τὸ</strong></span> <span class='ocrx_word' id='word_1_15' title='bbox 534 334 602 387; x_wconf 85' lang='grc' dir='ltr'><strong>γὰρ</strong></span> <span class='ocrx_word' id='word_1_16' title='bbox 629 335 726 387; x_wconf 79' lang='grc' dir='ltr'>ἔργον</span> <span class='ocrx_word' id='word_1_17' title='bbox 755 335 883 374; x_wconf 81' lang='grc' dir='ltr'>ἐκείνου</span> <span class='ocrx_word' id='word_1_18' title='bbox 913 334 1093 384; x_wconf 79' lang='grc' dir='ltr'>ἔπραττεν.</span> 
     </span>
     <span class='ocr_line' id='line_1_4' title="bbox 77 393 1093 448; baseline -0.004 -13.948"><span class='ocrx_word' id='word_1_19' title='bbox 77 395 207 448; x_wconf 75' lang='grc' dir='ltr'>ἘχΟρὲ</span> <span class='ocrx_word' id='word_1_20' title='bbox 232 396 346 442; x_wconf 89' lang='grc' dir='ltr'>ποίσης</span> <span class='ocrx_word' id='word_1_21' title='bbox 374 396 610 443; x_wconf 85' lang='grc' dir='ltr'>οικαιοσύνης·</span> <span class='ocrx_word' id='word_1_22' title='bbox 633 399 654 443; x_wconf 84' lang='grc' dir='ltr'>ἠ</span> <span class='ocrx_word' id='word_1_23' title='bbox 677 396 743 448; x_wconf 82' lang='grc' dir='ltr'><strong>γὰρ</strong></span> <span class='ocrx_word' id='word_1_24' title='bbox 771 412 869 435; x_wconf 80' lang='grc' dir='ltr'>πασα</span> <span class='ocrx_word' id='word_1_25' title='bbox 895 393 1093 439; x_wconf 80' lang='grc' dir='ltr'>δικαιοσύνη</span> 
     </span>
     <span class='ocr_line' id='line_1_5' title="bbox 77 453 1093 508; baseline -0.003 -15"><span class='ocrx_word' id='word_1_26' title='bbox 77 471 182 498; x_wconf 82' lang='grc' dir='ltr'>οντως</span> <span class='ocrx_word' id='word_1_27' title='bbox 205 456 291 503; x_wconf 79' lang='grc' dir='ltr'>αὕτη</span> <span class='ocrx_word' id='word_1_28' title='bbox 307 461 360 503; x_wconf 88' lang='grc' dir='ltr'>ἠν.</span> <span class='ocrx_word' id='word_1_29' title='bbox 381 456 520 506; x_wconf 80' lang='grc' dir='ltr'>Ἐμοὶ</span> <span class='ocrx_word' id='word_1_30' title='bbox 505 462 596 494; x_wconf 84' lang='grc' dir='ltr'>οοκεῖ</span> <span class='ocrx_word' id='word_1_31' title='bbox 616 457 674 495; x_wconf 84' lang='grc' dir='ltr'><strong>καὶ</strong></span> <span class='ocrx_word' id='word_1_32' title='bbox 692 458 749 496; x_wconf 81' lang='grc' dir='ltr'><strong>τὸν</strong></span> <span class='ocrx_word' id='word_1_33' title='bbox 769 457 841 508; x_wconf 86' lang='grc' dir='ltr'>βίον</span> <span class='ocrx_word' id='word_1_34' title='bbox 863 455 1016 507; x_wconf 62' lang='grc' dir='ltr'>ἐλέγχειν</span> <span class='ocrx_word' id='word_1_35' title='bbox 1036 453 1093 491; x_wconf 79' lang='grc' dir='ltr'><strong>τὸν</strong></span> 
     </span>
    </p>
   </div>
   <div class='ocr_carea' id='block_1_3' title="bbox 79 516 239 564">
    <p class='ocr_par' dir='ltr' id='par_1_3' title="bbox 79 516 239 564">
     <span class='ocr_line' id='line_1_6' title="bbox 79 516 239 564; baseline 0.006 -10"><span class='ocrx_word' id='word_1_36' title='bbox 79 519 183 555; x_wconf 79' lang='grc' dir='ltr'>αὐτου</span> <span class='ocrx_word' id='word_1_37' title='bbox 194 548 203 564; x_wconf 86' lang='lat'>‚</span> <span class='ocrx_word' id='word_1_38' title='bbox 222 516 239 537; x_wconf 78' lang='lat'><strong>¹²</strong></span> 
     </span>
    </p>
   </div>
   <div class='ocr_carea' id='block_1_4' title="bbox 77 517 1103 2153">
    <p class='ocr_par' dir='ltr' id='par_1_4' title="bbox 77 517 1103 2153">
     <span class='ocr_line' id='line_1_7' title="bbox 247 517 1095 570; baseline -0.004 -15"><span class='ocrx_word' id='word_1_39' title='bbox 247 534 355 556; x_wconf 88' lang='grc' dir='ltr'>ταυτα</span> <span class='ocrx_word' id='word_1_40' title='bbox 379 517 430 556; x_wconf 88' lang='grc' dir='ltr'><strong>λε</strong></span> <span class='ocrx_word' id='word_1_41' title='bbox 420 535 504 570; x_wconf 76' lang='grc' dir='ltr'>(ων.</span> <span class='ocrx_word' id='word_1_42' title='bbox 520 518 624 556; x_wconf 87' lang='grc' dir='ltr'>Και’</span> <span class='ocrx_word' id='word_1_43' title='bbox 611 534 664 556; x_wconf 90' lang='grc' dir='ltr'><strong>ινα</strong></span> <span class='ocrx_word' id='word_1_44' title='bbox 686 518 799 570; x_wconf 78' lang='grc' dir='ltr'>δείξῃ,</span> <span class='ocrx_word' id='word_1_45' title='bbox 821 518 873 555; x_wconf 82' lang='grc' dir='ltr'><strong>ὅτι</strong></span> <span class='ocrx_word' id='word_1_46' title='bbox 892 518 952 555; x_wconf 77' lang='grc' dir='ltr'><strong>οὐκ</strong></span> <span class='ocrx_word' id='word_1_47' title='bbox 973 520 1014 563; x_wconf 84' lang='grc' dir='ltr'>ἠν</span> <span class='ocrx_word' id='word_1_48' title='bbox 1039 518 1095 552; x_wconf 86' lang='grc' dir='ltr'><strong>Ου-</strong></span> 
     </span>
     <span class='ocr_line' id='line_1_8' title="bbox 78 574 1096 632; baseline -0.003 -18"><span class='ocrx_word' id='word_1_49' title='bbox 78 593 145 627; x_wconf 90' lang='grc' dir='ltr'><strong>μου</strong></span> <span class='ocrx_word' id='word_1_50' title='bbox 158 578 202 615; x_wconf 86' lang='grc' dir='ltr'><strong>τὰ</strong></span> <span class='ocrx_word' id='word_1_51' title='bbox 224 579 384 630; x_wconf 82' lang='grc' dir='ltr'>ῥηματα,</span> <span class='ocrx_word' id='word_1_52' title='bbox 403 579 460 617; x_wconf 77' lang='grc' dir='ltr'><strong>οιὰ</strong></span> <span class='ocrx_word' id='word_1_53' title='bbox 482 595 581 617; x_wconf 91' lang='grc' dir='ltr'>τουτο</span> <span class='ocrx_word' id='word_1_54' title='bbox 601 578 786 632; x_wconf 62' lang='grc' dir='ltr'>προλαὸὼν</span> <span class='ocrx_word' id='word_1_55' title='bbox 808 582 883 615; x_wconf 83' lang='grc' dir='ltr'>εἰπε</span> <span class='ocrx_word' id='word_1_56' title='bbox 895 574 1096 625; x_wconf 73' lang='grc' dir='ltr'>,·ΠλησΟεις</span> 
     </span>
     <span class='ocr_line' id='line_1_9' title="bbox 79 633 1096 693; baseline -0.004 -18"><span class='ocrx_word' id='word_1_57' title='bbox 79 638 282 689; x_wconf 87' lang='grc' dir='ltr'>Πνεύματος</span> <span class='ocrx_word' id='word_1_58' title='bbox 302 640 411 691; x_wconf 81' lang='grc' dir='ltr'>ἁγίου·</span> <span class='ocrx_word' id='word_1_59' title='bbox 426 640 614 687; x_wconf 84' lang='grc' dir='ltr'>τουτέστιν,</span> <span class='ocrx_word' id='word_1_60' title='bbox 636 639 820 693; x_wconf 81' lang='grc' dir='ltr'>ἐνεργείας.</span> <span class='ocrx_word' id='word_1_61' title='bbox 849 638 917 676; x_wconf 84' lang='grc' dir='ltr'>Καὶ</span> <span class='ocrx_word' id='word_1_62' title='bbox 939 640 997 674; x_wconf 79' lang='grc' dir='ltr'><strong>νῦν</strong></span> <span class='ocrx_word' id='word_1_63' title='bbox 1025 633 1096 673; x_wconf 75' lang='grc' dir='ltr'>ἰδοὺ</span> 
     </span>
     <span class='ocr_line' id='line_1_10' title="bbox 78 693 1094 753; baseline -0.003 -17"><span class='ocrx_word' id='word_1_64' title='bbox 78 699 158 752; x_wconf 78' lang='grc' dir='ltr'>χεὶρ</span> <span class='ocrx_word' id='word_1_65' title='bbox 175 701 303 752; x_wconf 83' lang='grc' dir='ltr'>Κυρίου</span> <span class='ocrx_word' id='word_1_66' title='bbox 317 702 374 739; x_wconf 80' lang='grc' dir='ltr'>ἐπὶ</span> <span class='ocrx_word' id='word_1_67' title='bbox 393 701 446 740; x_wconf 83' lang='grc' dir='ltr'><strong>σέ.</strong></span> <span class='ocrx_word' id='word_1_68' title='bbox 468 704 545 740; x_wconf 82' lang='grc' dir='ltr'><strong>Οὐκ</strong></span> <span class='ocrx_word' id='word_1_69' title='bbox 565 702 634 752; x_wconf 82' lang='grc' dir='ltr'><strong>ἄρα</strong></span> <span class='ocrx_word' id='word_1_70' title='bbox 651 700 806 753; x_wconf 82' lang='grc' dir='ltr'>τιμωρία</span> <span class='ocrx_word' id='word_1_71' title='bbox 819 693 874 747; x_wconf 69' lang='grc' dir='ltr'><strong>ἦν,</strong></span> <span class='ocrx_word' id='word_1_72' title='bbox 894 697 970 736; x_wconf 73' lang='grc' dir='ltr'>ἀλλ’</span> <span class='ocrx_word' id='word_1_73' title='bbox 989 697 1094 738; x_wconf 85' lang='grc' dir='ltr'>ἴασις.</span> 
     </span>
     <span class='ocr_line' id='line_1_11' title="bbox 78 759 1097 813; baseline -0.001 -16"><span class='ocrx_word' id='word_1_74' title='bbox 78 762 277 813; x_wconf 77' lang='grc' dir='ltr'>Μονονουχὶ</span> <span class='ocrx_word' id='word_1_75' title='bbox 302 761 369 813; x_wconf 82' lang='grc' dir='ltr'><strong>γὰρ</strong></span> <span class='ocrx_word' id='word_1_76' title='bbox 397 762 532 813; x_wconf 82' lang='grc' dir='ltr'>ἔλεγεν·</span> <span class='ocrx_word' id='word_1_77' title='bbox 561 764 622 800; x_wconf 76' lang='grc' dir='ltr'><strong>οὐκ</strong></span> <span class='ocrx_word' id='word_1_78' title='bbox 650 761 719 812; x_wconf 79' lang='grc' dir='ltr'><strong>ἐγὼ</strong></span> <span class='ocrx_word' id='word_1_79' title='bbox 747 762 857 805; x_wconf 83' lang='grc' dir='ltr'>ποιῶ,</span> <span class='ocrx_word' id='word_1_80' title='bbox 889 760 964 796; x_wconf 84' lang='grc' dir='ltr'>ἀλλ’</span> <span class='ocrx_word' id='word_1_81' title='bbox 992 760 1013 802; x_wconf 83' lang='grc' dir='ltr'>ἠ</span> <span class='ocrx_word' id='word_1_82' title='bbox 1039 759 1097 794; x_wconf 70' lang='grc' dir='ltr'><strong>τοῦ</strong></span> 
     </span>
     <span class='ocr_line' id='line_1_12' title="bbox 77 818 1098 876; baseline -0.006 -16"><span class='ocrx_word' id='word_1_83' title='bbox 77 823 172 860; x_wconf 78' lang='grc' dir='ltr'>Θεοῦ</span> <span class='ocrx_word' id='word_1_84' title='bbox 189 823 281 876; x_wconf 78' lang='grc' dir='ltr'>χείρ.</span> <span class='ocrx_word' id='word_1_85' title='bbox 299 823 393 876; x_wconf 71' lang='grc' dir='ltr'>”Ορα</span> <span class='ocrx_word' id='word_1_86' title='bbox 408 824 447 861; x_wconf 81' lang='grc' dir='ltr'><strong>τὸ</strong></span> <span class='ocrx_word' id='word_1_87' title='bbox 462 824 603 875; x_wconf 81' lang='grc' dir='ltr'>ἄτυφον.</span> <span class='ocrx_word' id='word_1_88' title='bbox 623 822 715 873; x_wconf 85' lang='grc' dir='ltr'><strong>Ἔσῃ</strong></span> <span class='ocrx_word' id='word_1_89' title='bbox 731 820 856 873; x_wconf 64' lang='grc' dir='ltr'>τυφλὸς</span> <span class='ocrx_word' id='word_1_90' title='bbox 867 849 876 865; x_wconf 89' lang='grc'>,</span> <span class='ocrx_word' id='word_1_91' title='bbox 894 818 942 870; x_wconf 85' lang='grc' dir='ltr'><strong>μὴ</strong></span> <span class='ocrx_word' id='word_1_92' title='bbox 962 818 1098 869; x_wconf 82' lang='grc' dir='ltr'>βλέπων</span> 
     </span>
     <span class='ocr_line' id='line_1_13' title="bbox 79 880 1100 937; baseline -0.006 -17"><span class='ocrx_word' id='word_1_93' title='bbox 79 883 137 920; x_wconf 83' lang='grc' dir='ltr'><strong>τὸν</strong></span> <span class='ocrx_word' id='word_1_94' title='bbox 165 883 261 929; x_wconf 78' lang='grc' dir='ltr'>ἥλιον</span> <span class='ocrx_word' id='word_1_95' title='bbox 291 884 374 937; x_wconf 77' lang='grc' dir='ltr'>ἄχρι</span> <span class='ocrx_word' id='word_1_96' title='bbox 406 887 540 935; x_wconf 76' lang='grc' dir='ltr'>καιροῦ.</span> <span class='ocrx_word' id='word_1_97' title='bbox 567 885 681 921; x_wconf 73' lang='grc' dir='ltr'>Τοῦτο</span> <span class='ocrx_word' id='word_1_98' title='bbox 704 881 815 933; x_wconf 80' lang='grc' dir='ltr'>λέγει,</span> <span class='ocrx_word' id='word_1_99' title='bbox 841 880 898 918; x_wconf 75' lang='grc' dir='ltr'><strong>ἵνα</strong></span> <span class='ocrx_word' id='word_1_100' title='bbox 930 880 977 930; x_wconf 81' lang='grc' dir='ltr'><strong>δῷ</strong></span> <span class='ocrx_word' id='word_1_101' title='bbox 1006 881 1100 928; x_wconf 78' lang='grc' dir='ltr'>αὐτῷ</span> 
     </span>
     <span class='ocr_line' id='line_1_14' title="bbox 82 940 1103 996; baseline -0.007 -14"><span class='ocrx_word' id='word_1_102' title='bbox 82 947 310 993; x_wconf 76' lang='grc' dir='ltr'>μετανοῆσαι.</span> <span class='ocrx_word' id='word_1_103' title='bbox 332 946 497 994; x_wconf 77' lang='grc' dir='ltr'>Οὐδαμοῧ</span> <span class='ocrx_word' id='word_1_104' title='bbox 529 943 596 996; x_wconf 82' lang='grc' dir='ltr'><strong>γὰρ</strong></span> <span class='ocrx_word' id='word_1_105' title='bbox 626 941 807 981; x_wconf 60' lang='grc' dir='ltr'>ἐδούλοντο</span> <span class='ocrx_word' id='word_1_106' title='bbox 836 940 905 978; x_wconf 81' lang='grc' dir='ltr'>ἀπὸ</span> <span class='ocrx_word' id='word_1_107' title='bbox 923 943 991 976; x_wconf 77' lang='grc' dir='ltr'><strong>τῶν</strong></span> <span class='ocrx_word' id='word_1_108' title='bbox 1018 954 1103 976; x_wconf 77' lang='grc' dir='ltr'>σκυ-</span> 
     </span>
     <span class='ocr_line' id='line_1_15' title="bbox 82 998 1102 1056; baseline -0.006 -15"><span class='ocrx_word' id='word_1_109' title='bbox 82 1005 308 1056; x_wconf 78' lang='grc' dir='ltr'>θρωποτέρων</span> <span class='ocrx_word' id='word_1_110' title='bbox 333 1005 523 1056; x_wconf 78' lang='grc' dir='ltr'>φαίνεσθαι,</span> <span class='ocrx_word' id='word_1_111' title='bbox 544 1006 573 1040; x_wconf 83' lang='grc' dir='ltr'><strong>εἷ</strong></span> <span class='ocrx_word' id='word_1_112' title='bbox 591 1002 650 1040; x_wconf 78' lang='grc' dir='ltr'><strong>καὶ</strong></span> <span class='ocrx_word' id='word_1_113' title='bbox 670 1004 716 1045; x_wconf 85' lang='grc' dir='ltr'><strong>εἷς</strong></span> <span class='ocrx_word' id='word_1_114' title='bbox 741 999 882 1052; x_wconf 76' lang='grc' dir='ltr'>ἐχθροὺς</span> <span class='ocrx_word' id='word_1_115' title='bbox 900 1004 1008 1037; x_wconf 71' lang='grc' dir='ltr'>ταῦτα</span> <span class='ocrx_word' id='word_1_116' title='bbox 1029 998 1102 1049; x_wconf 78' lang='grc' dir='ltr'>ἐγέ-</span> 
     </span>
     <span class='ocr_line' id='line_1_16' title="bbox 82 1059 1100 1115; baseline -0.006 -13"><span class='ocrx_word' id='word_1_117' title='bbox 82 1081 167 1104; x_wconf 92' lang='grc' dir='ltr'>νετο.</span> <span class='ocrx_word' id='word_1_118' title='bbox 186 1065 276 1103; x_wconf 83' lang='grc' dir='ltr'>Ἀλλ’</span> <span class='ocrx_word' id='word_1_119' title='bbox 296 1066 352 1103; x_wconf 80' lang='grc' dir='ltr'>ἐπὶ</span> <span class='ocrx_word' id='word_1_120' title='bbox 383 1064 445 1115; x_wconf 78' lang='grc' dir='ltr'><strong>μὲν</strong></span> <span class='ocrx_word' id='word_1_121' title='bbox 475 1068 543 1102; x_wconf 82' lang='grc' dir='ltr'><strong>τῶν</strong></span> <span class='ocrx_word' id='word_1_122' title='bbox 565 1063 701 1101; x_wconf 75' lang='grc' dir='ltr'>οἰκείων</span> <span class='ocrx_word' id='word_1_123' title='bbox 720 1061 880 1103; x_wconf 83' lang='grc' dir='ltr'>εἰκότως·</span> <span class='ocrx_word' id='word_1_124' title='bbox 900 1060 957 1098; x_wconf 80' lang='grc' dir='ltr'>ἐπὶ</span> <span class='ocrx_word' id='word_1_125' title='bbox 978 1059 1012 1097; x_wconf 79' lang='grc' dir='ltr'><strong>δὲ</strong></span> <span class='ocrx_word' id='word_1_126' title='bbox 1032 1063 1100 1097; x_wconf 81' lang='grc' dir='ltr'><strong>τῶν</strong></span> 
     </span>
     <span class='ocr_line' id='line_1_17' title="bbox 81 1120 1102 1176; baseline -0.005 -13"><span class='ocrx_word' id='word_1_127' title='bbox 81 1126 272 1175; x_wconf 83' lang='grc' dir='ltr'>ἀλλοτρίων</span> <span class='ocrx_word' id='word_1_128' title='bbox 289 1125 366 1176; x_wconf 78' lang='grc' dir='ltr'>οὐχὶ</span> <span class='ocrx_word' id='word_1_129' title='bbox 379 1154 390 1170; x_wconf 84' lang='grc'>,</span> <span class='ocrx_word' id='word_1_130' title='bbox 412 1124 468 1162; x_wconf 81' lang='grc' dir='ltr'><strong>ἵνα</strong></span> <span class='ocrx_word' id='word_1_131' title='bbox 485 1124 533 1175; x_wconf 81' lang='grc' dir='ltr'><strong>μὴ</strong></span> <span class='ocrx_word' id='word_1_132' title='bbox 554 1125 701 1174; x_wconf 73' lang='grc' dir='ltr'>νομισΟῇ</span> <span class='ocrx_word' id='word_1_133' title='bbox 719 1122 758 1159; x_wconf 84' lang='grc' dir='ltr'><strong>τὸ</strong></span> <span class='ocrx_word' id='word_1_134' title='bbox 776 1128 925 1173; x_wconf 78' lang='grc' dir='ltr'>πρᾶγμα</span> <span class='ocrx_word' id='word_1_135' title='bbox 948 1120 1102 1172; x_wconf 76' lang='grc' dir='ltr'>ἀνάγκης</span> 
     </span>
     <span class='ocr_line' id='line_1_18' title="bbox 80 1179 1101 1237; baseline -0.003 -15"><span class='ocrx_word' id='word_1_136' title='bbox 80 1179 169 1222; x_wconf 62' lang='grc' dir='ltr'>εἶναι</span> <span class='ocrx_word' id='word_1_137' title='bbox 187 1185 306 1223; x_wconf 87' lang='grc' dir='ltr'>λοιπὸν</span> <span class='ocrx_word' id='word_1_138' title='bbox 323 1185 382 1223; x_wconf 81' lang='grc' dir='ltr'><strong>καὶ</strong></span> <span class='ocrx_word' id='word_1_139' title='bbox 401 1185 506 1228; x_wconf 76' lang='grc' dir='ltr'>δέους.</span> <span class='ocrx_word' id='word_1_140' title='bbox 523 1183 724 1237; x_wconf 80' lang='grc' dir='ltr'>Τεκμήριον</span> <span class='ocrx_word' id='word_1_141' title='bbox 745 1182 781 1221; x_wconf 79' lang='grc' dir='ltr'><strong>δὲ</strong></span> <span class='ocrx_word' id='word_1_142' title='bbox 796 1186 858 1229; x_wconf 77' lang='grc' dir='ltr'><strong>τῆς</strong></span> <span class='ocrx_word' id='word_1_143' title='bbox 870 1182 1101 1235; x_wconf 70' lang='grc' dir='ltr'>τυφλότητος,</span> 
     </span>
     <span class='ocr_line' id='line_1_19' title="bbox 80 1239 1101 1298; baseline -0.004 -14"><span class='ocrx_word' id='word_1_144' title='bbox 80 1246 121 1284; x_wconf 84' lang='grc' dir='ltr'><strong>τὸ</strong></span> <span class='ocrx_word' id='word_1_145' title='bbox 134 1245 370 1298; x_wconf 77' lang='grc' dir='ltr'>χειραγωγοὺς</span> <span class='ocrx_word' id='word_1_146' title='bbox 392 1248 517 1292; x_wconf 83' lang='grc' dir='ltr'>ζητεῖν.</span> <span class='ocrx_word' id='word_1_147' title='bbox 547 1239 637 1283; x_wconf 69' lang='grc' dir='ltr'>Εἶτα</span> <span class='ocrx_word' id='word_1_148' title='bbox 657 1248 721 1296; x_wconf 73' lang='grc' dir='ltr'>ὁρᾷ</span> <span class='ocrx_word' id='word_1_149' title='bbox 739 1243 801 1291; x_wconf 76' lang='grc' dir='ltr'><strong>τὴν</strong></span> <span class='ocrx_word' id='word_1_150' title='bbox 827 1243 984 1295; x_wconf 72' lang='grc' dir='ltr'>πήρωσιν</span> <span class='ocrx_word' id='word_1_151' title='bbox 1007 1246 1024 1281; x_wconf 80' lang='grc' dir='ltr'>ὃ</span> <span class='ocrx_word' id='word_1_152' title='bbox 1045 1245 1101 1280; x_wconf 88' lang='grc' dir='ltr'>ἀν-</span> 
     </span>
     <span class='ocr_line' id='line_1_20' title="bbox 82 1305 1098 1357; baseline -0.002 -14"><span class='ocrx_word' id='word_1_153' title='bbox 82 1305 251 1354; x_wconf 78' lang='grc' dir='ltr'>θύπατος,</span> <span class='ocrx_word' id='word_1_154' title='bbox 278 1306 337 1344; x_wconf 86' lang='grc' dir='ltr'><strong>καὶ</strong></span> <span class='ocrx_word' id='word_1_155' title='bbox 369 1305 463 1349; x_wconf 78' lang='grc' dir='ltr'>εὐθὺς</span> <span class='ocrx_word' id='word_1_156' title='bbox 482 1306 656 1344; x_wconf 78' lang='grc' dir='ltr'>πιστεύει·</span> <span class='ocrx_word' id='word_1_157' title='bbox 676 1306 737 1344; x_wconf 84' lang='grc' dir='ltr'><strong>καὶ</strong></span> <span class='ocrx_word' id='word_1_158' title='bbox 764 1307 828 1357; x_wconf 71' lang='grc' dir='ltr'>οὐχ</span> <span class='ocrx_word' id='word_1_159' title='bbox 855 1305 994 1350; x_wconf 82' lang='grc' dir='ltr'>ἁπλῶς,</span> <span class='ocrx_word' id='word_1_160' title='bbox 1023 1306 1098 1342; x_wconf 85' lang='grc' dir='ltr'>ἀλλ’</span> 
     </span>
     <span class='ocr_line' id='line_1_21' title="bbox 82 1361 1100 1419; baseline -0.002 -13.996"><span class='ocrx_word' id='word_1_161' title='bbox 82 1367 380 1417; x_wconf 86' lang='grc' dir='ltr'>εκπληττόμενος·</span> <span class='ocrx_word' id='word_1_162' title='bbox 402 1361 469 1405; x_wconf 81' lang='grc' dir='ltr'>εἶδε</span> <span class='ocrx_word' id='word_1_163' title='bbox 496 1367 585 1419; x_wconf 84' lang='grc' dir='ltr'>γὰρ,</span> <span class='ocrx_word' id='word_1_164' title='bbox 614 1383 667 1404; x_wconf 88' lang='grc' dir='ltr'><strong>οτι</strong></span> <span class='ocrx_word' id='word_1_165' title='bbox 695 1368 732 1404; x_wconf 79' lang='grc' dir='ltr'><strong>οὖ</strong></span> <span class='ocrx_word' id='word_1_166' title='bbox 757 1365 854 1418; x_wconf 78' lang='grc' dir='ltr'>λόγοι</span> <span class='ocrx_word' id='word_1_167' title='bbox 879 1365 956 1404; x_wconf 77' lang='grc' dir='ltr'>οὐδὲ</span> <span class='ocrx_word' id='word_1_168' title='bbox 982 1365 1100 1411; x_wconf 83' lang='grc' dir='ltr'>ἀποίτη</span> 
     </span>
     <span class='ocr_line' id='line_1_22' title="bbox 82 1426 1100 1482; baseline -0.003 -16"><span class='ocrx_word' id='word_1_169' title='bbox 82 1444 204 1467; x_wconf 88' lang='grc' dir='ltr'>ταυτα.</span> <span class='ocrx_word' id='word_1_170' title='bbox 225 1429 319 1482; x_wconf 71' lang='grc' dir='ltr'><strong>εὈρα</strong></span> <span class='ocrx_word' id='word_1_171' title='bbox 338 1429 442 1467; x_wconf 86' lang='grc' dir='ltr'>πόσον</span> <span class='ocrx_word' id='word_1_172' title='bbox 469 1429 582 1482; x_wconf 81' lang='grc' dir='ltr'>ἔρωτα</span> <span class='ocrx_word' id='word_1_173' title='bbox 607 1432 680 1481; x_wconf 63' lang='grc' dir='ltr'>εἶχε</span> <span class='ocrx_word' id='word_1_174' title='bbox 700 1426 925 1470; x_wconf 79' lang='grc' dir='ltr'>διδασκαλίας</span> <span class='ocrx_word' id='word_1_175' title='bbox 950 1443 983 1465; x_wconf 84' lang='grc' dir='ltr'><strong>εν</strong></span> <span class='ocrx_word' id='word_1_176' title='bbox 1007 1429 1100 1479; x_wconf 68' lang='grc' dir='ltr'>ἀργῇ</span> 
     </span>
     <span class='ocr_line' id='line_1_23' title="bbox 81 1487 1102 1542; baseline 0.001 -17"><span class='ocrx_word' id='word_1_177' title='bbox 81 1488 130 1526; x_wconf 78' lang='grc' dir='ltr'>ὢν</span> <span class='ocrx_word' id='word_1_178' title='bbox 145 1489 306 1542; x_wconf 84' lang='grc' dir='ltr'>τοσαύτῃ.</span> <span class='ocrx_word' id='word_1_179' title='bbox 327 1491 403 1527; x_wconf 89' lang='grc' dir='ltr'><strong>Ουκ</strong></span> <span class='ocrx_word' id='word_1_180' title='bbox 419 1494 493 1528; x_wconf 82' lang='grc' dir='ltr'>εἰπε</span> <span class='ocrx_word' id='word_1_181' title='bbox 510 1505 595 1541; x_wconf 90' lang='grc' dir='ltr'>προς</span> <span class='ocrx_word' id='word_1_182' title='bbox 618 1489 731 1536; x_wconf 80' lang='grc' dir='ltr'>αυτὸν,</span> <span class='ocrx_word' id='word_1_183' title='bbox 752 1505 789 1527; x_wconf 90' lang='grc' dir='ltr'><strong>ου</strong></span> <span class='ocrx_word' id='word_1_184' title='bbox 804 1487 922 1540; x_wconf 71' lang='grc' dir='ltr'>παύση</span> <span class='ocrx_word' id='word_1_185' title='bbox 946 1488 1102 1539; x_wconf 79' lang='grc' dir='ltr'>διαστρέ-</span> 
     </span>
     <span class='ocr_line' id='line_1_24' title="bbox 82 1549 1102 1602; baseline -0.002 -14"><span class='ocrx_word' id='word_1_186' title='bbox 82 1566 154 1602; x_wconf 77' lang='grc' dir='ltr'>(ρων</span> <span class='ocrx_word' id='word_1_187' title='bbox 172 1566 228 1589; x_wconf 88' lang='grc' dir='ltr'><strong>τον</strong></span> <span class='ocrx_word' id='word_1_188' title='bbox 243 1550 455 1589; x_wconf 81' lang='grc' dir='ltr'>ἀνθύπατον·</span> <span class='ocrx_word' id='word_1_189' title='bbox 472 1550 582 1599; x_wconf 74' lang='grc' dir='ltr'>ἄλλα,</span> <span class='ocrx_word' id='word_1_190' title='bbox 596 1550 697 1593; x_wconf 53' lang='lat' dir='ltr'><strong>&#39;lang‘</strong></span> <span class='ocrx_word' id='word_1_191' title='bbox 685 1550 780 1593; x_wconf 75' lang='grc' dir='ltr'>οδους</span> <span class='ocrx_word' id='word_1_192' title='bbox 800 1549 946 1602; x_wconf 85' lang='grc' dir='ltr'>Κυρίου,</span> <span class='ocrx_word' id='word_1_193' title='bbox 964 1550 981 1588; x_wconf 83' lang='grc' dir='ltr'>ὃ</span> <span class='ocrx_word' id='word_1_194' title='bbox 997 1549 1102 1588; x_wconf 80' lang='grc' dir='ltr'>πλέον</span> 
     </span>
     <span class='ocr_line' id='line_1_25' title="bbox 82 1611 1103 1664; baseline -0.002 -15.99"><span class='ocrx_word' id='word_1_195' title='bbox 82 1628 145 1658; x_wconf 87' lang='grc' dir='ltr'><strong>ην</strong></span> <span class='ocrx_word' id='word_1_196' title='bbox 160 1612 217 1650; x_wconf 86' lang='grc' dir='ltr'>ι’να</span> <span class='ocrx_word' id='word_1_197' title='bbox 241 1611 289 1663; x_wconf 84' lang='grc' dir='ltr'><strong>μὴ</strong></span> <span class='ocrx_word' id='word_1_198' title='bbox 311 1612 387 1664; x_wconf 82' lang='grc' dir='ltr'>δόξῃ</span> <span class='ocrx_word' id='word_1_199' title='bbox 405 1611 618 1650; x_wconf 82' lang='grc' dir='ltr'>κολακεύειν.</span> <span class='ocrx_word' id='word_1_200' title='bbox 638 1611 685 1650; x_wconf 87' lang='grc' dir='ltr'><strong>Τί</strong></span> <span class='ocrx_word' id='word_1_201' title='bbox 707 1611 867 1658; x_wconf 76' lang='grc' dir='ltr'>δήποτε</span> <span class='ocrx_word' id='word_1_202' title='bbox 849 1628 923 1649; x_wconf 85' lang='lat'><strong>030</strong></span> <span class='ocrx_word' id='word_1_203' title='bbox 906 1611 1103 1658; x_wconf 68' lang='grc' dir='ltr'>ὁἸωάνννς</span> 
     </span>
     <span class='ocr_line' id='line_1_26' title="bbox 83 1672 1102 1747; baseline 0 -38"><span class='ocrx_word' id='word_1_204' title='bbox 83 1675 260 1724; x_wconf 70' lang='grc' dir='ltr'>ἀναχωρεῖ</span> <span class='ocrx_word' id='word_1_205' title='bbox 279 1675 339 1711; x_wconf 84' lang='grc' dir='ltr'>ἀπ’</span> <span class='ocrx_word' id='word_1_206' title='bbox 364 1675 497 1720; x_wconf 66' lang='grc' dir='ltr'>αυτῶν,</span> <span class='ocrx_word' id='word_1_207' title='bbox 518 1672 682 1718; x_wconf 84' lang='grc' dir='ltr'>Ιωάννης</span> <span class='ocrx_word' id='word_1_208' title='bbox 705 1672 792 1747; x_wconf 83' lang='grc' dir='ltr'>γὰρ,</span> <span class='ocrx_word' id='word_1_209' title='bbox 813 1672 928 1724; x_wconf 76' lang='grc' dir='ltr'>φησὶν,</span> <span class='ocrx_word' id='word_1_210' title='bbox 958 1674 1102 1724; x_wconf 78' lang='grc' dir='ltr'>ἀποχω-</span> 
     </span>
     <span class='ocr_line' id='line_1_27' title="bbox 86 1733 1101 1786; baseline 0 -15"><span class='ocrx_word' id='word_1_211' title='bbox 86 1749 195 1785; x_wconf 85' lang='grc' dir='ltr'>ρησας</span> <span class='ocrx_word' id='word_1_212' title='bbox 215 1736 275 1772; x_wconf 80' lang='grc' dir='ltr'>ἀπ’</span> <span class='ocrx_word' id='word_1_213' title='bbox 302 1736 427 1781; x_wconf 79' lang='grc' dir='ltr'>αυτῶν,</span> <span class='ocrx_word' id='word_1_214' title='bbox 459 1733 671 1786; x_wconf 69' lang='lat' dir='ltr'><strong>b7r3ctp3L3v</strong></span> <span class='ocrx_word' id='word_1_215' title='bbox 695 1735 742 1777; x_wconf 86' lang='grc' dir='ltr'><strong>εἷς</strong></span> <span class='ocrx_word' id='word_1_216' title='bbox 764 1733 1009 1786; x_wconf 67' lang='grc' dir='ltr'>Ἱεροσόλυμα·</span> <span class='ocrx_word' id='word_1_217' title='bbox 1042 1734 1101 1771; x_wconf 84' lang='grc' dir='ltr'><strong>ἅτε</strong></span> 
     </span>
     <span class='ocr_line' id='line_1_28' title="bbox 84 1794 1102 1846; baseline -0.001 -14"><span class='ocrx_word' id='word_1_218' title='bbox 84 1795 142 1832; x_wconf 83' lang='grc' dir='ltr'>ἐπὶ</span> <span class='ocrx_word' id='word_1_219' title='bbox 161 1794 378 1846; x_wconf 82' lang='grc' dir='ltr'>μακροτέραν</span> <span class='ocrx_word' id='word_1_220' title='bbox 398 1795 517 1832; x_wconf 85' lang='grc' dir='ltr'>λοιπον</span> <span class='ocrx_word' id='word_1_221' title='bbox 539 1794 808 1844; x_wconf 65' lang='grc' dir='ltr'>στελλομενων“</span> <span class='ocrx_word' id='word_1_222' title='bbox 796 1794 890 1832; x_wconf 80' lang='grc' dir='ltr'>οοόν·</span> <span class='ocrx_word' id='word_1_223' title='bbox 919 1794 1033 1832; x_wconf 86' lang='grc' dir='ltr'>καίτοι</span> <span class='ocrx_word' id='word_1_224' title='bbox 1064 1811 1102 1846; x_wconf 87' lang='grc' dir='ltr'><strong>γε</strong></span> 
     </span>
     <span class='ocr_line' id='line_1_29' title="bbox 83 1854 1102 1908; baseline 0.002 -16"><span class='ocrx_word' id='word_1_225' title='bbox 83 1855 259 1908; x_wconf 76' lang='grc' dir='ltr'>ὑπηρέτης</span> <span class='ocrx_word' id='word_1_226' title='bbox 287 1858 413 1898; x_wconf 81' lang='grc' dir='ltr'>ἐκεῖνος</span> <span class='ocrx_word' id='word_1_227' title='bbox 443 1872 497 1902; x_wconf 88' lang='grc' dir='ltr'><strong>ην,</strong></span> <span class='ocrx_word' id='word_1_228' title='bbox 532 1855 629 1894; x_wconf 84' lang='grc' dir='ltr'>αυτοὶ</span> <span class='ocrx_word' id='word_1_229' title='bbox 662 1855 697 1894; x_wconf 80' lang='grc' dir='ltr'><strong>δὲ</strong></span> <span class='ocrx_word' id='word_1_230' title='bbox 724 1855 781 1893; x_wconf 81' lang='grc' dir='ltr'><strong>τὸν</strong></span> <span class='ocrx_word' id='word_1_231' title='bbox 814 1854 968 1893; x_wconf 79' lang='grc' dir='ltr'>κίνδυνον</span> <span class='ocrx_word' id='word_1_232' title='bbox 997 1861 1102 1908; x_wconf 73' lang='grc' dir='ltr'>εἰγον.</span> 
     </span>
     <span class='ocr_line' id='line_1_30' title="bbox 84 1915 1103 1969; baseline 0.001 -15"><span class='ocrx_word' id='word_1_233' title='bbox 84 1917 167 1955; x_wconf 80' lang='grc' dir='ltr'>Πα)</span> <span class='ocrx_word' id='word_1_234' title='bbox 171 1933 199 1954; x_wconf 93' lang='grc' dir='ltr'>ιν</span> <span class='ocrx_word' id='word_1_235' title='bbox 228 1915 380 1959; x_wconf 81' lang='grc' dir='ltr'>ελΟόντες</span> <span class='ocrx_word' id='word_1_236' title='bbox 398 1916 446 1959; x_wconf 83' lang='grc' dir='ltr'><strong>εἷς</strong></span> <span class='ocrx_word' id='word_1_237' title='bbox 467 1917 621 1968; x_wconf 59' lang='grc' dir='ltr'>Πέρῃν,</span> <span class='ocrx_word' id='word_1_238' title='bbox 641 1931 900 1969; x_wconf 76' lang='grc' dir='ltr'>παρατρεχουσι</span> <span class='ocrx_word' id='word_1_239' title='bbox 917 1916 978 1959; x_wconf 90' lang='grc' dir='ltr'><strong>τας</strong></span> <span class='ocrx_word' id='word_1_240' title='bbox 997 1918 1103 1962; x_wconf 83' lang='grc' dir='ltr'>ἄλλας</span> 
     </span>
     <span class='ocr_line' id='line_1_31' title="bbox 83 1977 1103 2029; baseline 0.002 -14"><span class='ocrx_word' id='word_1_241' title='bbox 83 1977 219 2021; x_wconf 87' lang='grc' dir='ltr'>πόλεις·</span> <span class='ocrx_word' id='word_1_242' title='bbox 250 1977 307 2015; x_wconf 79' lang='grc' dir='ltr'>ἐπὶ</span> <span class='ocrx_word' id='word_1_243' title='bbox 325 1977 386 2024; x_wconf 83' lang='grc' dir='ltr'><strong>τὴν</strong></span> <span class='ocrx_word' id='word_1_244' title='bbox 409 1977 621 2029; x_wconf 79' lang='grc' dir='ltr'>μητρόπολιν</span> <span class='ocrx_word' id='word_1_245' title='bbox 641 1977 708 2029; x_wconf 85' lang='grc' dir='ltr'><strong>γὰρ</strong></span> <span class='ocrx_word' id='word_1_246' title='bbox 737 1977 922 2029; x_wconf 79' lang='grc' dir='ltr'>ἠπείγοντο</span> <span class='ocrx_word' id='word_1_247' title='bbox 947 1977 1010 2025; x_wconf 76' lang='grc' dir='ltr'><strong>τὴν</strong></span> <span class='ocrx_word' id='word_1_248' title='bbox 1031 1978 1103 2017; x_wconf 83' lang='grc' dir='ltr'>Ἀν-</span> 
     </span>
     <span class='ocr_line' id='line_1_32' title="bbox 83 2039 1103 2091; baseline 0.001 -15"><span class='ocrx_word' id='word_1_249' title='bbox 83 2039 250 2091; x_wconf 73' lang='grc' dir='ltr'>τιόχειαν.</span> <span class='ocrx_word' id='word_1_250' title='bbox 282 2039 352 2076; x_wconf 81' lang='grc' dir='ltr'>Καὶ</span> <span class='ocrx_word' id='word_1_251' title='bbox 379 2039 443 2090; x_wconf 74' lang='grc' dir='ltr'><strong>ὅρα</strong></span> <span class='ocrx_word' id='word_1_252' title='bbox 470 2042 544 2082; x_wconf 79' lang='grc' dir='ltr'><strong>πῶς</strong></span> <span class='ocrx_word' id='word_1_253' title='bbox 572 2039 803 2090; x_wconf 82' lang='grc' dir='ltr'>ὑποτέμνεται</span> <span class='ocrx_word' id='word_1_254' title='bbox 828 2042 845 2077; x_wconf 83' lang='grc' dir='ltr'>ὁ</span> <span class='ocrx_word' id='word_1_255' title='bbox 877 2040 1103 2091; x_wconf 77' lang='grc' dir='ltr'>συγγραφεύς.</span> 
     </span>
     <span class='ocr_line' id='line_1_33' title="bbox 86 2099 1102 2153; baseline 0.001 -16"><span class='ocrx_word' id='word_1_256' title='bbox 86 2099 276 2138; x_wconf 76' lang='grc' dir='ltr'>Ἐκάθισαν</span> <span class='ocrx_word' id='word_1_257' title='bbox 296 2102 330 2137; x_wconf 81' lang='grc' dir='ltr'>ἐν</span> <span class='ocrx_word' id='word_1_258' title='bbox 346 2102 388 2150; x_wconf 74' lang='grc' dir='ltr'><strong>τῇ</strong></span> <span class='ocrx_word' id='word_1_259' title='bbox 411 2103 617 2152; x_wconf 73' lang='grc' dir='ltr'>συναγωγῇ,</span> <span class='ocrx_word' id='word_1_260' title='bbox 636 2100 738 2152; x_wconf 73' lang='grc' dir='ltr'>φησὶ,</span> <span class='ocrx_word' id='word_1_261' title='bbox 761 2100 821 2138; x_wconf 79' lang='grc' dir='ltr'><strong>καὶ</strong></span> <span class='ocrx_word' id='word_1_262' title='bbox 841 2103 884 2152; x_wconf 74' lang='grc' dir='ltr'><strong>τῇ</strong></span> <span class='ocrx_word' id='word_1_263' title='bbox 900 2101 1017 2153; x_wconf 77' lang='grc' dir='ltr'>ἡμέρᾳ</span> <span class='ocrx_word' id='word_1_264' title='bbox 1035 2103 1102 2138; x_wconf 76' lang='grc' dir='ltr'><strong>τῶν</strong></span> 
     </span>
    </p>
   </div>
   <div class='ocr_carea' id='block_1_5' title="bbox 1266 189 1620 220">
    <p class='ocr_par' dir='ltr' id='par_1_5' title="bbox 1266 189 1620 220">
     <span class='ocr_line' id='line_1_34' title="bbox 1266 189 1620 220; baseline 0.003 -2"><span class='ocrx_word' id='word_1_265' title='bbox 1266 189 1420 220; x_wconf 78' lang='lat' dir='ltr'><strong>HOMlL.</strong></span> <span class='ocrx_word' id='word_1_266' title='bbox 1462 190 1620 220; x_wconf 71' lang='lat' dir='ltr'><strong>xxviii.</strong></span> 
     </span>
    </p>
   </div>
   <div class='ocr_carea' id='block_1_6' title="bbox 2051 175 2140 233">
    <p class='ocr_par' dir='ltr' id='par_1_6' title="bbox 2051 175 2140 233">
     <span class='ocr_line' id='line_1_35' title="bbox 2051 175 2140 233; baseline 0.011 -16"><span class='ocrx_word' id='word_1_267' title='bbox 2051 175 2140 233; x_wconf 72' lang='lat'><strong>243</strong></span> 
     </span>
    </p>
   </div>
   <div class='ocr_carea' id='block_1_7' title="bbox 1125 270 2164 2158">
    <p class='ocr_par' dir='ltr' id='par_1_7' title="bbox 1125 270 2164 2158">
     <span class='ocr_line' id='line_1_36' title="bbox 1168 270 2145 323; baseline -0.001 -16"><span class='ocrx_word' id='word_1_268' title='bbox 1168 270 1214 308; x_wconf 88' lang='lat' dir='ltr'><strong>Et</strong></span> <span class='ocrx_word' id='word_1_269' title='bbox 1233 279 1326 308; x_wconf 86' lang='lat' dir='ltr'><strong>recte</strong></span> <span class='ocrx_word' id='word_1_270' title='bbox 1344 270 1444 320; x_wconf 81' lang='lat' dir='ltr'><strong>dicit,</strong></span> <span class='ocrx_word' id='word_1_271' title='bbox 1474 273 1589 310; x_wconf 86' lang='lat' dir='ltr'><strong>Omni</strong></span> <span class='ocrx_word' id='word_1_272' title='bbox 1606 272 1717 323; x_wconf 76' lang='lat' dir='ltr'><em>d0l05</em></span> <span class='ocrx_word' id='word_1_273' title='bbox 1732 270 1924 309; x_wconf 85' lang='lat' dir='ltr'>simulabat</span> <span class='ocrx_word' id='word_1_274' title='bbox 1940 270 2045 307; x_wconf 89' lang='lat' dir='ltr'><strong>enim.</strong></span> <span class='ocrx_word' id='word_1_275' title='bbox 2063 271 2145 308; x_wconf 76' lang='lat' dir='ltr'><em>Fili</em></span> 
     </span>
     <span class='ocr_line' id='line_1_37' title="bbox 1167 331 2146 383; baseline -0.001 -15"><span class='ocrx_word' id='word_1_276' title='bbox 1167 331 1314 368; x_wconf 78' lang='lat' dir='ltr'><strong>diaboli</strong></span> <span class='ocrx_word' id='word_1_277' title='bbox 1330 346 1337 367; x_wconf 81' lang='lat' dir='ltr'><strong><em>z</em></strong></span> <span class='ocrx_word' id='word_1_278' title='bbox 1358 345 1440 368; x_wconf 90' lang='lat' dir='ltr'><strong>nam</strong></span> <span class='ocrx_word' id='word_1_279' title='bbox 1455 345 1543 383; x_wconf 88' lang='lat' dir='ltr'><strong>opus</strong></span> <span class='ocrx_word' id='word_1_280' title='bbox 1562 331 1660 369; x_wconf 83' lang='lat' dir='ltr'><strong>illius</strong></span> <span class='ocrx_word' id='word_1_281' title='bbox 1678 331 1814 383; x_wconf 86' lang='lat' dir='ltr'><strong>agebat.</strong></span> <span class='ocrx_word' id='word_1_282' title='bbox 1842 332 2004 368; x_wconf 81' lang='lat' dir='ltr'><strong>Inimice</strong></span> <span class='ocrx_word' id='word_1_283' title='bbox 2023 332 2146 367; x_wconf 81' lang='lat' dir='ltr'><strong>omnis</strong></span> 
     </span>
     <span class='ocr_line' id='line_1_38' title="bbox 1161 390 2146 443; baseline -0.001 -15"><span class='ocrx_word' id='word_1_284' title='bbox 1161 394 1322 442; x_wconf 65' lang='lat' dir='ltr'><strong>justitiae</strong></span> <span class='ocrx_word' id='word_1_285' title='bbox 1341 407 1348 428; x_wconf 93' lang='lat'>:</span> <span class='ocrx_word' id='word_1_286' title='bbox 1366 391 1441 429; x_wconf 81' lang='lat' dir='ltr'><strong>haec</strong></span> <span class='ocrx_word' id='word_1_287' title='bbox 1456 392 1552 430; x_wconf 86' lang='lat' dir='ltr'><strong>enim</strong></span> <span class='ocrx_word' id='word_1_288' title='bbox 1571 407 1654 430; x_wconf 75' lang='lat' dir='ltr'><strong>vere</strong></span> <span class='ocrx_word' id='word_1_289' title='bbox 1666 401 1739 430; x_wconf 88' lang='lat' dir='ltr'><strong>erat</strong></span> <span class='ocrx_word' id='word_1_290' title='bbox 1757 391 1870 429; x_wconf 89' lang='lat' dir='ltr'><strong>omnis</strong></span> <span class='ocrx_word' id='word_1_291' title='bbox 1888 390 2036 443; x_wconf 87' lang='lat' dir='ltr'><strong>justitia.</strong></span> <span class='ocrx_word' id='word_1_292' title='bbox 2052 390 2146 427; x_wconf 86' lang='lat' dir='ltr'><strong>Mihi</strong></span> 
     </span>
     <span class='ocr_line' id='line_1_39' title="bbox 1165 451 2147 503; baseline -0.002 -13"><span class='ocrx_word' id='word_1_293' title='bbox 1165 451 1308 490; x_wconf 87' lang='lat' dir='ltr'><strong>videtur</strong></span> <span class='ocrx_word' id='word_1_294' title='bbox 1332 453 1399 490; x_wconf 92' lang='lat' dir='ltr'><strong>hoc</strong></span> <span class='ocrx_word' id='word_1_295' title='bbox 1426 453 1558 502; x_wconf 86' lang='lat' dir='ltr'><strong>dicens,</strong></span> <span class='ocrx_word' id='word_1_296' title='bbox 1579 453 1689 491; x_wconf 86' lang='lat' dir='ltr'><strong>vitam</strong></span> <span class='ocrx_word' id='word_1_297' title='bbox 1712 453 1811 491; x_wconf 87' lang='lat' dir='ltr'><strong>illius</strong></span> <span class='ocrx_word' id='word_1_298' title='bbox 1843 452 2065 503; x_wconf 82' lang='lat' dir='ltr'><strong>redarguere.</strong></span> <span class='ocrx_word' id='word_1_299' title='bbox 2098 452 2147 489; x_wconf 93' lang='lat' dir='ltr'><strong>Ut</strong></span> 
     </span>
     <span class='ocr_line' id='line_1_40' title="bbox 1165 512 2147 566; baseline 0 -16"><span class='ocrx_word' id='word_1_300' title='bbox 1165 523 1283 551; x_wconf 87' lang='lat' dir='ltr'><strong>autem</strong></span> <span class='ocrx_word' id='word_1_301' title='bbox 1304 514 1499 553; x_wconf 81' lang='lat' dir='ltr'><strong>ostenderet</strong></span> <span class='ocrx_word' id='word_1_302' title='bbox 1514 515 1590 552; x_wconf 84' lang='lat' dir='ltr'><strong>haec</strong></span> <span class='ocrx_word' id='word_1_303' title='bbox 1603 514 1713 554; x_wconf 79' lang='lat' dir='ltr'><strong>verba</strong></span> <span class='ocrx_word' id='word_1_304' title='bbox 1728 528 1797 552; x_wconf 91' lang='lat' dir='ltr'><strong>non</strong></span> <span class='ocrx_word' id='word_1_305' title='bbox 1813 514 1858 551; x_wconf 89' lang='lat' dir='ltr'><strong>ab</strong></span> <span class='ocrx_word' id='word_1_306' title='bbox 1879 513 1933 552; x_wconf 83' lang='lat' dir='ltr'><strong>ira</strong></span> <span class='ocrx_word' id='word_1_307' title='bbox 1944 512 2122 566; x_wconf 82' lang='lat' dir='ltr'><strong>proficisci</strong></span> <span class='ocrx_word' id='word_1_308' title='bbox 2137 542 2147 560; x_wconf 89' lang='lat'>,</span> 
     </span>
     <span class='ocr_line' id='line_1_41' title="bbox 1166 574 2146 628; baseline 0.001 -17"><span class='ocrx_word' id='word_1_309' title='bbox 1166 574 1265 626; x_wconf 86' lang='lat' dir='ltr'><strong>prius</strong></span> <span class='ocrx_word' id='word_1_310' title='bbox 1284 575 1380 613; x_wconf 75' lang='lat' dir='ltr'><strong>dixit</strong></span> <span class='ocrx_word' id='word_1_311' title='bbox 1402 591 1410 612; x_wconf 71' lang='grc' dir='ltr'><strong>τ</strong></span> <span class='ocrx_word' id='word_1_312' title='bbox 1429 577 1611 628; x_wconf 82' lang='lat' dir='ltr'><strong>Repletus</strong></span> <span class='ocrx_word' id='word_1_313' title='bbox 1646 577 1788 628; x_wconf 79' lang='lat' dir='ltr'><em>Spiritu</em></span> <span class='ocrx_word' id='word_1_314' title='bbox 1818 585 1970 621; x_wconf 71' lang='lat' dir='ltr'><strong>sanct05</strong></span> <span class='ocrx_word' id='word_1_315' title='bbox 1992 576 2060 613; x_wconf 90' lang='lat' dir='ltr'><strong>hoc</strong></span> <span class='ocrx_word' id='word_1_316' title='bbox 2080 583 2146 625; x_wconf 81' lang='lat' dir='ltr'><strong>est,</strong></span> 
     </span>
     <span class='ocr_line' id='line_1_42' title="bbox 1168 636 2151 688; baseline 0.003 -17"><span class='ocrx_word' id='word_1_317' title='bbox 1168 636 1380 686; x_wconf 76' lang='lat' dir='ltr'><strong>operatione.</strong></span> <span class='ocrx_word' id='word_1_318' title='bbox 1406 639 1443 674; x_wconf 84' lang='lat' dir='ltr'><em>E</em></span> <span class='ocrx_word' id='word_1_319' title='bbox 1447 646 1461 674; x_wconf 83' lang='lat' dir='ltr'><strong>t</strong></span> <span class='ocrx_word' id='word_1_320' title='bbox 1478 651 1578 674; x_wconf 80' lang='lat' dir='ltr'><strong>nunc</strong></span> <span class='ocrx_word' id='word_1_321' title='bbox 1596 651 1683 675; x_wconf 81' lang='lat' dir='ltr'><strong>ecce</strong></span> <span class='ocrx_word' id='word_1_322' title='bbox 1703 651 1840 675; x_wconf 83' lang='lat' dir='ltr'><strong>manus</strong></span> <span class='ocrx_word' id='word_1_323' title='bbox 1857 639 2019 674; x_wconf 85' lang='lat' dir='ltr'><em>Domini</em></span> <span class='ocrx_word' id='word_1_324' title='bbox 2037 650 2151 688; x_wconf 81' lang='lat' dir='ltr'><strong>super</strong></span> 
     </span>
     <span class='ocr_line' id='line_1_43' title="bbox 1168 696 2149 745; baseline 0.004 -12"><span class='ocrx_word' id='word_1_325' title='bbox 1168 703 1215 733; x_wconf 80' lang='lat' dir='ltr'><strong>te.</strong></span> <span class='ocrx_word' id='word_1_326' title='bbox 1236 698 1315 733; x_wconf 91' lang='lat' dir='ltr'><strong>Non</strong></span> <span class='ocrx_word' id='word_1_327' title='bbox 1331 697 1420 734; x_wconf 89' lang='lat' dir='ltr'><strong>ultio</strong></span> <span class='ocrx_word' id='word_1_328' title='bbox 1432 706 1507 734; x_wconf 89' lang='lat' dir='ltr'><strong>erat</strong></span> <span class='ocrx_word' id='word_1_329' title='bbox 1522 726 1532 745; x_wconf 90' lang='grc'>,</span> <span class='ocrx_word' id='word_1_330' title='bbox 1552 696 1614 734; x_wconf 88' lang='lat' dir='ltr'><strong>sed</strong></span> <span class='ocrx_word' id='word_1_331' title='bbox 1632 697 1781 735; x_wconf 90' lang='lat' dir='ltr'><strong>medela.</strong></span> <span class='ocrx_word' id='word_1_332' title='bbox 1799 700 1849 735; x_wconf 86' lang='lat' dir='ltr'><strong>Ac</strong></span> <span class='ocrx_word' id='word_1_333' title='bbox 1865 699 1894 735; x_wconf 91' lang='lat' dir='ltr'><strong>si</strong></span> <span class='ocrx_word' id='word_1_334' title='bbox 1904 698 2054 736; x_wconf 89' lang='lat' dir='ltr'><strong>diceret:</strong></span> <span class='ocrx_word' id='word_1_335' title='bbox 2069 698 2149 737; x_wconf 86' lang='lat' dir='ltr'><strong>Non</strong></span> 
     </span>
     <span class='ocr_line' id='line_1_44' title="bbox 1167 756 2151 805; baseline 0.004 -13"><span class='ocrx_word' id='word_1_336' title='bbox 1167 768 1232 805; x_wconf 85' lang='lat' dir='ltr'><strong>ego</strong></span> <span class='ocrx_word' id='word_1_337' title='bbox 1246 756 1336 793; x_wconf 88' lang='lat' dir='ltr'><strong>facio</strong></span> <span class='ocrx_word' id='word_1_338' title='bbox 1353 785 1363 804; x_wconf 88' lang='lat'><em>‚</em></span> <span class='ocrx_word' id='word_1_339' title='bbox 1383 756 1446 794; x_wconf 88' lang='lat' dir='ltr'><strong>sed</strong></span> <span class='ocrx_word' id='word_1_340' title='bbox 1482 756 1550 793; x_wconf 86' lang='lat' dir='ltr'><strong>Dei</strong></span> <span class='ocrx_word' id='word_1_341' title='bbox 1572 770 1710 794; x_wconf 88' lang='lat' dir='ltr'><strong>manus.</strong></span> <span class='ocrx_word' id='word_1_342' title='bbox 1737 758 1834 796; x_wconf 82' lang='lat' dir='ltr'><strong>Vide</strong></span> <span class='ocrx_word' id='word_1_343' title='bbox 1853 767 1891 795; x_wconf 87' lang='lat' dir='ltr'><strong>ut</strong></span> <span class='ocrx_word' id='word_1_344' title='bbox 1905 758 2042 795; x_wconf 89' lang='lat' dir='ltr'><strong>alienus</strong></span> <span class='ocrx_word' id='word_1_345' title='bbox 2061 768 2113 796; x_wconf 89' lang='lat' dir='ltr'><strong>est</strong></span> <span class='ocrx_word' id='word_1_346' title='bbox 2130 773 2151 796; x_wconf 90' lang='lat' dir='ltr'><strong>a</strong></span> 
     </span>
     <span class='ocr_line' id='line_1_45' title="bbox 1168 815 2154 871; baseline 0.006 -20"><span class='ocrx_word' id='word_1_347' title='bbox 1168 815 1272 852; x_wconf 86' lang='lat' dir='ltr'><strong>fastu.</strong></span> <span class='ocrx_word' id='word_1_348' title='bbox 1301 817 1392 853; x_wconf 83' lang='lat' dir='ltr'><strong>Eris</strong></span> <span class='ocrx_word' id='word_1_349' title='bbox 1406 830 1527 854; x_wconf 82' lang='lat' dir='ltr'><strong>coecus</strong></span> <span class='ocrx_word' id='word_1_350' title='bbox 1541 845 1553 866; x_wconf 91' lang='grc'>,</span> <span class='ocrx_word' id='word_1_351' title='bbox 1572 829 1650 853; x_wconf 87' lang='lat' dir='ltr'><strong>non</strong></span> <span class='ocrx_word' id='word_1_352' title='bbox 1663 818 1803 855; x_wconf 73' lang='lat' dir='ltr'><strong>‘videns</strong></span> <span class='ocrx_word' id='word_1_353' title='bbox 1831 819 1950 856; x_wconf 79' lang='lat' dir='ltr'><strong>solem</strong></span> <span class='ocrx_word' id='word_1_354' title='bbox 1965 833 2082 871; x_wconf 81' lang='lat' dir='ltr'><strong>usque</strong></span> <span class='ocrx_word' id='word_1_355' title='bbox 2100 821 2154 857; x_wconf 84' lang='lat' dir='ltr'><strong>ad</strong></span> 
     </span>
     <span class='ocr_line' id='line_1_46' title="bbox 1125 876 2152 928; baseline 0.003 -13"><span class='ocrx_word' id='word_1_356' title='bbox 1125 886 1149 915; x_wconf 90' lang='lat' dir='ltr'>D</span> <span class='ocrx_word' id='word_1_357' title='bbox 1171 883 1330 927; x_wconf 82' lang='lat' dir='ltr'><strong>tempus.</strong></span> <span class='ocrx_word' id='word_1_358' title='bbox 1350 876 1425 913; x_wconf 88' lang='lat' dir='ltr'><strong>Hoc</strong></span> <span class='ocrx_word' id='word_1_359' title='bbox 1443 876 1546 925; x_wconf 84' lang='lat' dir='ltr'><strong>dicit,</strong></span> <span class='ocrx_word' id='word_1_360' title='bbox 1570 885 1610 913; x_wconf 91' lang='lat' dir='ltr'><strong>ut</strong></span> <span class='ocrx_word' id='word_1_361' title='bbox 1629 876 1690 913; x_wconf 89' lang='lat' dir='ltr'><strong>det</strong></span> <span class='ocrx_word' id='word_1_362' title='bbox 1708 876 1764 914; x_wconf 90' lang='lat' dir='ltr'><strong>illi</strong></span> <span class='ocrx_word' id='word_1_363' title='bbox 1784 878 1995 928; x_wconf 81' lang='lat' dir='ltr'><strong>poenitentiae</strong></span> <span class='ocrx_word' id='word_1_364' title='bbox 2022 880 2152 918; x_wconf 85' lang='lat' dir='ltr'><strong>locum.</strong></span> 
     </span>
     <span class='ocr_line' id='line_1_47' title="bbox 1170 937 2151 991; baseline 0.005 -17"><span class='ocrx_word' id='word_1_365' title='bbox 1170 938 1356 987; x_wconf 85' lang='lat' dir='ltr'><strong>Nusquam</strong></span> <span class='ocrx_word' id='word_1_366' title='bbox 1366 937 1460 974; x_wconf 91' lang='lat' dir='ltr'><strong>enim</strong></span> <span class='ocrx_word' id='word_1_367' title='bbox 1472 937 1639 976; x_wconf 85' lang='lat' dir='ltr'><strong>volebant</strong></span> <span class='ocrx_word' id='word_1_368' title='bbox 1648 952 1693 975; x_wconf 78' lang='lat' dir='ltr'><strong>ex</strong></span> <span class='ocrx_word' id='word_1_369' title='bbox 1702 939 1863 977; x_wconf 88' lang='lat' dir='ltr'><strong>tristibus</strong></span> <span class='ocrx_word' id='word_1_370' title='bbox 1873 941 2052 991; x_wconf 78' lang='lat' dir='ltr'><strong>conspicui</strong></span> <span class='ocrx_word' id='word_1_371' title='bbox 2065 956 2151 988; x_wconf 89' lang='lat' dir='ltr'><strong>esse,</strong></span> 
     </span>
     <span class='ocr_line' id='line_1_48' title="bbox 1172 997 2156 1052; baseline 0.005 -18"><span class='ocrx_word' id='word_1_372' title='bbox 1172 997 1335 1048; x_wconf 85' lang='lat' dir='ltr'><strong>quamvis</strong></span> <span class='ocrx_word' id='word_1_373' title='bbox 1353 998 1421 1035; x_wconf 89' lang='lat' dir='ltr'><strong>hoc</strong></span> <span class='ocrx_word' id='word_1_374' title='bbox 1439 1012 1523 1050; x_wconf 82' lang='lat' dir='ltr'><strong>erga</strong></span> <span class='ocrx_word' id='word_1_375' title='bbox 1541 998 1703 1036; x_wconf 88' lang='lat' dir='ltr'><strong>inimicos</strong></span> <span class='ocrx_word' id='word_1_376' title='bbox 1726 999 1861 1037; x_wconf 81' lang='lat' dir='ltr'><strong>fierent.</strong></span> <span class='ocrx_word' id='word_1_377' title='bbox 1883 1000 1952 1038; x_wconf 89' lang='lat' dir='ltr'><strong>Sed</strong></span> <span class='ocrx_word' id='word_1_378' title='bbox 1970 1015 2053 1052; x_wconf 85' lang='lat' dir='ltr'><strong>erga</strong></span> <span class='ocrx_word' id='word_1_379' title='bbox 2075 1016 2156 1040; x_wconf 87' lang='lat' dir='ltr'><strong>suos</strong></span> 
     </span>
     <span class='ocr_line' id='line_1_49' title="bbox 1167 1058 2155 1113; baseline 0.005 -19"><span class='ocrx_word' id='word_1_380' title='bbox 1167 1058 1249 1109; x_wconf 88' lang='lat' dir='ltr'><strong>jure</strong></span> <span class='ocrx_word' id='word_1_381' title='bbox 1264 1058 1407 1108; x_wconf 88' lang='lat' dir='ltr'><strong>quidem</strong></span> <span class='ocrx_word' id='word_1_382' title='bbox 1423 1059 1567 1096; x_wconf 87' lang='lat' dir='ltr'><strong>merito:</strong></span> <span class='ocrx_word' id='word_1_383' title='bbox 1581 1074 1663 1097; x_wconf 91' lang='lat' dir='ltr'><strong>cum</strong></span> <span class='ocrx_word' id='word_1_384' title='bbox 1678 1074 1762 1099; x_wconf 72' lang='lat' dir='ltr'><strong>vero</strong></span> <span class='ocrx_word' id='word_1_385' title='bbox 1782 1060 1826 1098; x_wconf 87' lang='lat' dir='ltr'><strong>de</strong></span> <span class='ocrx_word' id='word_1_386' title='bbox 1844 1061 1967 1099; x_wconf 88' lang='lat' dir='ltr'><strong>alienis</strong></span> <span class='ocrx_word' id='word_1_387' title='bbox 1982 1072 2155 1113; x_wconf 81' lang='lat' dir='ltr'><strong>ageretur,</strong></span> 
     </span>
     <span class='ocr_line' id='line_1_50' title="bbox 1171 1118 2158 1171; baseline 0.007 -17"><span class='ocrx_word' id='word_1_388' title='bbox 1171 1131 1241 1155; x_wconf 91' lang='lat' dir='ltr'><strong>non</strong></span> <span class='ocrx_word' id='word_1_389' title='bbox 1259 1118 1359 1169; x_wconf 70' lang='lat' dir='ltr'><strong>item,</strong></span> <span class='ocrx_word' id='word_1_390' title='bbox 1381 1133 1424 1156; x_wconf 91' lang='lat' dir='ltr'><strong>ne</strong></span> <span class='ocrx_word' id='word_1_391' title='bbox 1441 1128 1628 1171; x_wconf 87' lang='lat' dir='ltr'><strong>putaretur</strong></span> <span class='ocrx_word' id='word_1_392' title='bbox 1643 1134 1697 1158; x_wconf 88' lang='lat' dir='ltr'><strong>res</strong></span> <span class='ocrx_word' id='word_1_393' title='bbox 1711 1134 1756 1158; x_wconf 77' lang='lat' dir='ltr'><strong>ex</strong></span> <span class='ocrx_word' id='word_1_394' title='bbox 1772 1121 1976 1160; x_wconf 81' lang='lat' dir='ltr'><strong>necessitate</strong></span> <span class='ocrx_word' id='word_1_395' title='bbox 1990 1131 2022 1160; x_wconf 86' lang='lat' dir='ltr'><strong>et</strong></span> <span class='ocrx_word' id='word_1_396' title='bbox 2032 1122 2158 1161; x_wconf 88' lang='lat' dir='ltr'><strong>timore</strong></span> 
     </span>
     <span class='ocr_line' id='line_1_51' title="bbox 1170 1179 2157 1234; baseline 0.005 -17"><span class='ocrx_word' id='word_1_397' title='bbox 1170 1179 1359 1233; x_wconf 87' lang='lat' dir='ltr'><strong>proficisci.</strong></span> <span class='ocrx_word' id='word_1_398' title='bbox 1376 1181 1552 1219; x_wconf 83' lang='lat' dir='ltr'><strong>Caecitatis</strong></span> <span class='ocrx_word' id='word_1_399' title='bbox 1567 1196 1651 1220; x_wconf 91' lang='lat' dir='ltr'><strong>vero</strong></span> <span class='ocrx_word' id='word_1_400' title='bbox 1668 1182 1812 1234; x_wconf 86' lang='lat' dir='ltr'><strong>signum</strong></span> <span class='ocrx_word' id='word_1_401' title='bbox 1826 1183 1907 1233; x_wconf 78' lang='lat' dir='ltr'><strong>fuit,</strong></span> <span class='ocrx_word' id='word_1_402' title='bbox 1925 1183 2019 1234; x_wconf 86' lang='lat' dir='ltr'><strong>quod</strong></span> <span class='ocrx_word' id='word_1_403' title='bbox 2030 1183 2157 1222; x_wconf 88' lang='lat' dir='ltr'><strong>ducto—</strong></span> 
     </span>
     <span class='ocr_line' id='line_1_52' title="bbox 1170 1241 2157 1296; baseline 0.005 -18"><span class='ocrx_word' id='word_1_404' title='bbox 1170 1255 1225 1279; x_wconf 86' lang='lat' dir='ltr'><strong>res</strong></span> <span class='ocrx_word' id='word_1_405' title='bbox 1243 1250 1424 1293; x_wconf 86' lang='lat' dir='ltr'><strong>quaereret.</strong></span> <span class='ocrx_word' id='word_1_406' title='bbox 1444 1241 1581 1280; x_wconf 85' lang='lat' dir='ltr'><strong>Deinde</strong></span> <span class='ocrx_word' id='word_1_407' title='bbox 1589 1242 1687 1280; x_wconf 88' lang='lat' dir='ltr'><strong>videt</strong></span> <span class='ocrx_word' id='word_1_408' title='bbox 1702 1243 1892 1281; x_wconf 78' lang='lat' dir='ltr'><strong>caecitatem</strong></span> <span class='ocrx_word' id='word_1_409' title='bbox 1909 1246 2111 1296; x_wconf 79' lang='lat' dir='ltr'><strong>proconsul,</strong></span> <span class='ocrx_word' id='word_1_410' title='bbox 2125 1255 2157 1283; x_wconf 86' lang='lat' dir='ltr'><strong>ct</strong></span> 
     </span>
     <span class='ocr_line' id='line_1_53' title="bbox 1172 1302 2154 1357; baseline 0.002 -17"><span class='ocrx_word' id='word_1_411' title='bbox 1172 1304 1290 1340; x_wconf 86' lang='lat' dir='ltr'><strong>statim</strong></span> <span class='ocrx_word' id='word_1_412' title='bbox 1300 1302 1412 1340; x_wconf 88' lang='lat' dir='ltr'><strong>credit</strong></span> <span class='ocrx_word' id='word_1_413' title='bbox 1421 1318 1428 1339; x_wconf 91' lang='lat'><strong>:</strong></span> <span class='ocrx_word' id='word_1_414' title='bbox 1437 1316 1549 1353; x_wconf 87' lang='lat' dir='ltr'><strong>neque</strong></span> <span class='ocrx_word' id='word_1_415' title='bbox 1559 1303 1779 1355; x_wconf 81' lang='lat' dir='ltr'><strong>simpliciter,</strong></span> <span class='ocrx_word' id='word_1_416' title='bbox 1789 1304 1852 1342; x_wconf 86' lang='lat' dir='ltr'><strong>sed</strong></span> <span class='ocrx_word' id='word_1_417' title='bbox 1864 1306 2154 1357; x_wconf 74' lang='lat' dir='ltr'><strong>Obstztpescens:</strong></span> 
     </span>
     <span class='ocr_line' id='line_1_54' title="bbox 1173 1364 2157 1418; baseline 0.004 -16"><span class='ocrx_word' id='word_1_418' title='bbox 1173 1364 1268 1403; x_wconf 79' lang='lat' dir='ltr'><strong>vidit</strong></span> <span class='ocrx_word' id='word_1_419' title='bbox 1281 1365 1376 1402; x_wconf 90' lang='lat' dir='ltr'><strong>enim</strong></span> <span class='ocrx_word' id='word_1_420' title='bbox 1389 1379 1458 1402; x_wconf 93' lang='lat' dir='ltr'><strong>non</strong></span> <span class='ocrx_word' id='word_1_421' title='bbox 1474 1364 1533 1402; x_wconf 86' lang='lat' dir='ltr'><strong>hic</strong></span> <span class='ocrx_word' id='word_1_422' title='bbox 1548 1365 1656 1404; x_wconf 82' lang='lat' dir='ltr'><strong>verba</strong></span> <span class='ocrx_word' id='word_1_423' title='bbox 1676 1365 1766 1415; x_wconf 80' lang='lat' dir='ltr'><strong>dari,</strong></span> <span class='ocrx_word' id='word_1_424' title='bbox 1788 1380 1900 1418; x_wconf 87' lang='lat' dir='ltr'><strong>neque</strong></span> <span class='ocrx_word' id='word_1_425' title='bbox 1914 1368 2064 1406; x_wconf 84' lang='lat' dir='ltr'><strong>fallaciis</strong></span> <span class='ocrx_word' id='word_1_426' title='bbox 2082 1383 2157 1406; x_wconf 87' lang='lat' dir='ltr'><strong>rem</strong></span> 
     </span>
     <span class='ocr_line' id='line_1_55' title="bbox 1175 1425 2161 1481; baseline 0.006 -20"><span class='ocrx_word' id='word_1_427' title='bbox 1175 1425 1244 1476; x_wconf 81' lang='lat' dir='ltr'><strong>agi.</strong></span> <span class='ocrx_word' id='word_1_428' title='bbox 1260 1425 1356 1466; x_wconf 87' lang='lat' dir='ltr'><strong>Vide</strong></span> <span class='ocrx_word' id='word_1_429' title='bbox 1375 1434 1548 1475; x_wconf 89' lang='lat' dir='ltr'><strong>quantum</strong></span> <span class='ocrx_word' id='word_1_430' title='bbox 1569 1425 1738 1464; x_wconf 83' lang='lat' dir='ltr'><strong>doctrinae</strong></span> <span class='ocrx_word' id='word_1_431' title='bbox 1757 1441 1914 1466; x_wconf 90' lang='lat' dir='ltr'><strong>amorem</strong></span> <span class='ocrx_word' id='word_1_432' title='bbox 1931 1428 2070 1478; x_wconf 78' lang='lat' dir='ltr'><strong>habuit,</strong></span> <span class='ocrx_word' id='word_1_433' title='bbox 2099 1430 2161 1481; x_wconf 89' lang='lat' dir='ltr'><strong>qui</strong></span> 
     </span>
     <span class='ocr_line' id='line_1_56' title="bbox 1175 1487 2161 1542; baseline 0.004 -18"><span class='ocrx_word' id='word_1_434' title='bbox 1175 1495 1314 1524; x_wconf 88' lang='lat' dir='ltr'><strong>tantum</strong></span> <span class='ocrx_word' id='word_1_435' title='bbox 1328 1487 1470 1538; x_wconf 83' lang='lat' dir='ltr'><strong>gerebat</strong></span> <span class='ocrx_word' id='word_1_436' title='bbox 1482 1487 1735 1539; x_wconf 85' lang='lat' dir='ltr'><strong>principatum.</strong></span> <span class='ocrx_word' id='word_1_437' title='bbox 1752 1490 1831 1526; x_wconf 86' lang='lat' dir='ltr'><strong>Non</strong></span> <span class='ocrx_word' id='word_1_438' title='bbox 1842 1488 1938 1527; x_wconf 71' lang='lat' dir='ltr'><strong>dixit</strong></span> <span class='ocrx_word' id='word_1_439' title='bbox 1951 1504 2056 1542; x_wconf 83' lang='lat' dir='ltr'><strong>mago</strong></span> <span class='ocrx_word' id='word_1_440' title='bbox 2070 1492 2161 1528; x_wconf 89' lang='lat' dir='ltr'><strong>Pau-</strong></span> 
     </span>
     <span class='ocr_line' id='line_1_57' title="bbox 1129 1548 2164 1601; baseline 0.006 -16"><span class='ocrx_word' id='word_1_441' title='bbox 1129 1557 1152 1586; x_wconf 81' lang='grc' dir='ltr'><strong>Ε.</strong></span> <span class='ocrx_word' id='word_1_442' title='bbox 1175 1548 1231 1597; x_wconf 89' lang='lat' dir='ltr'><strong>¹lus</strong></span> <span class='ocrx_word' id='word_1_443' title='bbox 1240 1564 1247 1585; x_wconf 91' lang='lat'>:</span> <span class='ocrx_word' id='word_1_444' title='bbox 1256 1549 1337 1586; x_wconf 87' lang='lat' dir='ltr'><strong>Non</strong></span> <span class='ocrx_word' id='word_1_445' title='bbox 1349 1548 1480 1586; x_wconf 89' lang='lat' dir='ltr'><strong>desinis</strong></span> <span class='ocrx_word' id='word_1_446' title='bbox 1491 1548 1695 1587; x_wconf 83' lang='lat' dir='ltr'><strong>subvertere</strong></span> <span class='ocrx_word' id='word_1_447' title='bbox 1706 1551 1967 1601; x_wconf 74' lang='lat' dir='ltr'><strong>proconsulem3</strong></span> <span class='ocrx_word' id='word_1_448' title='bbox 1980 1551 2056 1601; x_wconf 82' lang='lat' dir='ltr'><strong>sed,</strong></span> <span class='ocrx_word' id='word_1_449' title='bbox 2071 1555 2164 1591; x_wconf 73' lang='lat' dir='ltr'><strong>Visa</strong></span> 
     </span>
     <span class='ocr_line' id='line_1_58' title="bbox 1176 1611 2159 1663; baseline 0.005 -15"><span class='ocrx_word' id='word_1_450' title='bbox 1176 1612 1352 1662; x_wconf 80' lang='lat' dir='ltr'><strong>Domini,</strong></span> <span class='ocrx_word' id='word_1_451' title='bbox 1380 1611 1478 1662; x_wconf 89' lang='lat' dir='ltr'><strong>quod</strong></span> <span class='ocrx_word' id='word_1_452' title='bbox 1493 1611 1608 1663; x_wconf 87' lang='lat' dir='ltr'><strong>majus</strong></span> <span class='ocrx_word' id='word_1_453' title='bbox 1627 1621 1723 1660; x_wconf 81' lang='lat' dir='ltr'><strong>erat3</strong></span> <span class='ocrx_word' id='word_1_454' title='bbox 1742 1626 1786 1650; x_wconf 86' lang='lat' dir='ltr'><strong>ne</strong></span> <span class='ocrx_word' id='word_1_455' title='bbox 1804 1612 1988 1652; x_wconf 83' lang='lat' dir='ltr'><strong>videretur</strong></span> <span class='ocrx_word' id='word_1_456' title='bbox 2005 1615 2159 1653; x_wconf 86' lang='lat' dir='ltr'><strong>adulari.</strong></span> 
     </span>
     <span class='ocr_line' id='line_1_59' title="bbox 1180 1673 2164 1727; baseline 0.004 -16"><span class='ocrx_word' id='word_1_457' title='bbox 1180 1674 1254 1711; x_wconf 88' lang='lat' dir='ltr'><strong>Cur</strong></span> <span class='ocrx_word' id='word_1_458' title='bbox 1268 1687 1356 1712; x_wconf 75' lang='lat' dir='ltr'><strong>vero</strong></span> <span class='ocrx_word' id='word_1_459' title='bbox 1372 1675 1393 1712; x_wconf 90' lang='lat' dir='ltr'><strong>J</strong></span> <span class='ocrx_word' id='word_1_460' title='bbox 1396 1687 1527 1711; x_wconf 84' lang='lat' dir='ltr'><strong>oannes</strong></span> <span class='ocrx_word' id='word_1_461' title='bbox 1542 1673 1673 1712; x_wconf 84' lang='lat' dir='ltr'><strong>recedit</strong></span> <span class='ocrx_word' id='word_1_462' title='bbox 1681 1674 1725 1712; x_wconf 88' lang='lat' dir='ltr'><strong>ab</strong></span> <span class='ocrx_word' id='word_1_463' title='bbox 1737 1675 1810 1712; x_wconf 71' lang='lat' dir='ltr'><strong>eis?</strong></span> <span class='ocrx_word' id='word_1_464' title='bbox 1822 1689 1903 1713; x_wconf 89' lang='lat' dir='ltr'><strong>nam</strong></span> <span class='ocrx_word' id='word_1_465' title='bbox 1915 1676 1978 1727; x_wconf 71' lang='lat' dir='ltr'><strong>ait,</strong></span> <span class='ocrx_word' id='word_1_466' title='bbox 1988 1678 2019 1714; x_wconf 90' lang='lat' dir='ltr'><strong><em>J</em></strong></span> <span class='ocrx_word' id='word_1_467' title='bbox 2019 1692 2164 1716; x_wconf 82' lang='lat' dir='ltr'><strong>oannes</strong></span> 
     </span>
     <span class='ocr_line' id='line_1_60' title="bbox 1175 1738 2163 1789; baseline 0.004 -14"><span class='ocrx_word' id='word_1_468' title='bbox 1175 1738 1355 1775; x_wconf 82' lang='lat' dir='ltr'><strong>recedens</strong></span> <span class='ocrx_word' id='word_1_469' title='bbox 1369 1739 1418 1774; x_wconf 81' lang='lat' dir='ltr'><strong>ab</strong></span> <span class='ocrx_word' id='word_1_470' title='bbox 1429 1739 1494 1785; x_wconf 79' lang='lat' dir='ltr'><strong>eis,</strong></span> <span class='ocrx_word' id='word_1_471' title='bbox 1506 1751 1678 1776; x_wconf 74' lang='lat' dir='ltr'><strong>reversus</strong></span> <span class='ocrx_word' id='word_1_472' title='bbox 1689 1747 1745 1777; x_wconf 81' lang='lat' dir='ltr'><strong>est</strong></span> <span class='ocrx_word' id='word_1_473' title='bbox 1754 1739 1785 1776; x_wconf 90' lang='lat' dir='ltr'><em>J</em></span> <span class='ocrx_word' id='word_1_474' title='bbox 1783 1740 2055 1788; x_wconf 78' lang='lat' dir='ltr'><strong>erosolymam.</strong></span> <span class='ocrx_word' id='word_1_475' title='bbox 2069 1741 2163 1789; x_wconf 87' lang='lat' dir='ltr'><strong>Quia</strong></span> 
     </span>
     <span class='ocr_line' id='line_1_61' title="bbox 1175 1798 2164 1856; baseline 0.007 -21"><span class='ocrx_word' id='word_1_476' title='bbox 1175 1798 1318 1850; x_wconf 83' lang='lat' dir='ltr'><strong>longius</strong></span> <span class='ocrx_word' id='word_1_477' title='bbox 1327 1798 1492 1850; x_wconf 88' lang='lat' dir='ltr'><strong>deinceps</strong></span> <span class='ocrx_word' id='word_1_478' title='bbox 1500 1799 1565 1836; x_wconf 83' lang='lat' dir='ltr'><strong>iter</strong></span> <span class='ocrx_word' id='word_1_479' title='bbox 1573 1800 1810 1852; x_wconf 85' lang='lat' dir='ltr'><strong>suscipiebant</strong></span> <span class='ocrx_word' id='word_1_480' title='bbox 1822 1817 1829 1838; x_wconf 90' lang='lat'>:</span> <span class='ocrx_word' id='word_1_481' title='bbox 1841 1803 2004 1852; x_wconf 83' lang='lat' dir='ltr'><strong>quamvis</strong></span> <span class='ocrx_word' id='word_1_482' title='bbox 2015 1803 2089 1856; x_wconf 87' lang='lat' dir='ltr'><strong>ipse</strong></span> <span class='ocrx_word' id='word_1_483' title='bbox 2099 1805 2164 1842; x_wconf 89' lang='lat' dir='ltr'><strong>mi-</strong></span> 
     </span>
     <span class='ocr_line' id='line_1_62' title="bbox 1176 1860 2162 1913; baseline 0.006 -16"><span class='ocrx_word' id='word_1_484' title='bbox 1176 1860 1285 1898; x_wconf 86' lang='lat' dir='ltr'><strong>nister</strong></span> <span class='ocrx_word' id='word_1_485' title='bbox 1299 1870 1403 1909; x_wconf 78' lang='lat' dir='ltr'><strong>esset3</strong></span> <span class='ocrx_word' id='word_1_486' title='bbox 1425 1860 1478 1898; x_wconf 88' lang='lat' dir='ltr'><strong>illi</strong></span> <span class='ocrx_word' id='word_1_487' title='bbox 1497 1875 1581 1898; x_wconf 64' lang='lat' dir='ltr'><strong>vero</strong></span> <span class='ocrx_word' id='word_1_488' title='bbox 1608 1861 1808 1913; x_wconf 85' lang='lat' dir='ltr'><strong>periculum</strong></span> <span class='ocrx_word' id='word_1_489' title='bbox 1833 1863 2003 1901; x_wconf 88' lang='lat' dir='ltr'><strong>subirent.</strong></span> <span class='ocrx_word' id='word_1_490' title='bbox 2026 1867 2162 1903; x_wconf 87' lang='lat' dir='ltr'><strong>Rursus</strong></span> 
     </span>
     <span class='ocr_line' id='line_1_63' title="bbox 1177 1921 2162 1974; baseline 0.006 -16"><span class='ocrx_word' id='word_1_491' title='bbox 1177 1922 1313 1973; x_wconf 83' lang='lat' dir='ltr'><strong>Pergen</strong></span> <span class='ocrx_word' id='word_1_492' title='bbox 1340 1921 1532 1973; x_wconf 79' lang='lat' dir='ltr'><strong>venientes,</strong></span> <span class='ocrx_word' id='word_1_493' title='bbox 1566 1931 1843 1974; x_wconf 86' lang='lat' dir='ltr'><strong>praetercurrunt</strong></span> <span class='ocrx_word' id='word_1_494' title='bbox 1874 1924 1962 1962; x_wconf 88' lang='lat' dir='ltr'><strong>alias</strong></span> <span class='ocrx_word' id='word_1_495' title='bbox 1982 1925 2162 1964; x_wconf 75' lang='lat' dir='ltr'><strong>civitates:</strong></span> 
     </span>
     <span class='ocr_line' id='line_1_64' title="bbox 1177 1982 2163 2034; baseline 0.006 -14"><span class='ocrx_word' id='word_1_496' title='bbox 1177 1997 1259 2021; x_wconf 89' lang='lat' dir='ltr'><strong>nam</strong></span> <span class='ocrx_word' id='word_1_497' title='bbox 1269 1982 1315 2020; x_wconf 86' lang='lat' dir='ltr'><strong>ad</strong></span> <span class='ocrx_word' id='word_1_498' title='bbox 1330 1982 1542 2034; x_wconf 85' lang='lat' dir='ltr'><strong>metropolin</strong></span> <span class='ocrx_word' id='word_1_499' title='bbox 1560 1983 1789 2022; x_wconf 78' lang='lat' dir='ltr'><strong>Antiochiam</strong></span> <span class='ocrx_word' id='word_1_500' title='bbox 1804 1984 2031 2024; x_wconf 87' lang='lat' dir='ltr'><strong>festinabant.</strong></span> <span class='ocrx_word' id='word_1_501' title='bbox 2048 1987 2096 2025; x_wconf 88' lang='lat' dir='ltr'><strong>Et</strong></span> <span class='ocrx_word' id='word_1_502' title='bbox 2107 1988 2163 2026; x_wconf 81' lang='lat' dir='ltr'><strong>vi-</strong></span> 
     </span>
     <span class='ocr_line' id='line_1_65' title="bbox 1175 2043 2161 2097; baseline 0.006 -16"><span class='ocrx_word' id='word_1_503' title='bbox 1175 2043 1232 2093; x_wconf 80' lang='lat' dir='ltr'><strong>de,</strong></span> <span class='ocrx_word' id='word_1_504' title='bbox 1258 2057 1365 2094; x_wconf 88' lang='lat' dir='ltr'><strong>quam</strong></span> <span class='ocrx_word' id='word_1_505' title='bbox 1389 2043 1598 2095; x_wconf 85' lang='lat' dir='ltr'><strong>compendio</strong></span> <span class='ocrx_word' id='word_1_506' title='bbox 1624 2054 1743 2082; x_wconf 89' lang='lat' dir='ltr'><strong>narret</strong></span> <span class='ocrx_word' id='word_1_507' title='bbox 1773 2045 1938 2097; x_wconf 86' lang='lat' dir='ltr'><strong>scriptor.</strong></span> <span class='ocrx_word' id='word_1_508' title='bbox 1961 2047 2161 2097; x_wconf 78' lang='lat' dir='ltr'><strong>sederant,</strong></span> 
     </span>
     <span class='ocr_line' id='line_1_66' title="bbox 1174 2106 2164 2158; baseline 0.007 -16"><span class='ocrx_word' id='word_1_509' title='bbox 1174 2106 1305 2156; x_wconf 82' lang='lat' dir='ltr'><strong>inquit,</strong></span> <span class='ocrx_word' id='word_1_510' title='bbox 1320 2109 1362 2143; x_wconf 85' lang='lat' dir='ltr'><strong>in</strong></span> <span class='ocrx_word' id='word_1_511' title='bbox 1380 2120 1429 2154; x_wconf 81' lang='lat' dir='ltr'><strong>sy</strong></span> <span class='ocrx_word' id='word_1_512' title='bbox 1433 2119 1582 2158; x_wconf 79' lang='lat' dir='ltr'><strong>nagoga</strong></span> <span class='ocrx_word' id='word_1_513' title='bbox 1595 2107 1656 2143; x_wconf 80' lang='lat' dir='ltr'><strong>die</strong></span> <span class='ocrx_word' id='word_1_514' title='bbox 1672 2109 1946 2146; x_wconf 80' lang='lat' dir='ltr'><strong>sabbatorum:</strong></span> <span class='ocrx_word' id='word_1_515' title='bbox 1962 2118 2001 2146; x_wconf 90' lang='lat' dir='ltr'><strong>ut</strong></span> <span class='ocrx_word' id='word_1_516' title='bbox 2011 2112 2164 2149; x_wconf 85' lang='lat' dir='ltr'><strong>sermoni</strong></span> 
     </span>
    </p>
   </div>
   <div class='ocr_carea' id='block_1_8' title="bbox 85 2160 2163 2221">
    <p class='ocr_par' dir='ltr' id='par_1_8' title="bbox 85 2160 2163 2221">
     <span class='ocr_line' id='line_1_67' title="bbox 85 2160 2163 2221; baseline 0.006 -23"><span class='ocrx_word' id='word_1_517' title='bbox 85 2161 283 2199; x_wconf 63' lang='grc' dir='ltr'>σαίὸοίτων·</span> <span class='ocrx_word' id='word_1_518' title='bbox 299 2160 387 2199; x_wconf 81' lang='grc' dir='ltr'>ὥστε</span> <span class='ocrx_word' id='word_1_519' title='bbox 406 2162 677 2213; x_wconf 65' lang='grc' dir='ltr'>προοδοποιῆσαι</span> <span class='ocrx_word' id='word_1_520' title='bbox 693 2164 742 2213; x_wconf 79' lang='grc' dir='ltr'><strong>τῷ</strong></span> <span class='ocrx_word' id='word_1_521' title='bbox 757 2161 861 2212; x_wconf 80' lang='grc' dir='ltr'>λόγῳ.</span> <span class='ocrx_word' id='word_1_522' title='bbox 877 2161 947 2199; x_wconf 79' lang='grc' dir='ltr'>Καὶ</span> <span class='ocrx_word' id='word_1_523' title='bbox 958 2163 995 2199; x_wconf 82' lang='grc' dir='ltr'><strong>οὐ</strong></span> <span class='ocrx_word' id='word_1_524' title='bbox 1008 2165 1104 2214; x_wconf 76' lang='grc' dir='ltr'>πρῶ·</span> <span class='ocrx_word' id='word_1_525' title='bbox 1118 2178 1165 2202; x_wconf 77' lang='lat'><strong>223</strong></span> <span class='ocrx_word' id='word_1_526' title='bbox 1176 2167 1271 2206; x_wconf 87' lang='lat' dir='ltr'><strong>viam</strong></span> <span class='ocrx_word' id='word_1_527' title='bbox 1281 2176 1456 2219; x_wconf 23' lang='lat' dir='ltr'><strong>paraiffent</strong></span> <span class='ocrx_word' id='word_1_528' title='bbox 1471 2168 1545 2204; x_wconf 86' lang='lat' dir='ltr'><strong>Nec</strong></span> <span class='ocrx_word' id='word_1_529' title='bbox 1555 2167 1690 2219; x_wconf 84' lang='lat' dir='ltr'><strong>pliores</strong></span> <span class='ocrx_word' id='word_1_530' title='bbox 1703 2167 1909 2219; x_wconf 78' lang='lat' dir='ltr'><strong>loquuntur,</strong></span> <span class='ocrx_word' id='word_1_531' title='bbox 1935 2171 2019 2209; x_wconf 88' lang='lat' dir='ltr'><strong>sed</strong></span> <span class='ocrx_word' id='word_1_532' title='bbox 2009 2172 2163 2221; x_wconf 76' lang='lat' dir='ltr'><strong>invitati,</strong></span> 
     </span>
    </p>
   </div>
   <div class='ocr_carea' id='block_1_9' title="bbox 82 2221 1104 2458">
    <p class='ocr_par' dir='ltr' id='par_1_9' title="bbox 82 2221 1104 2458">
     <span class='ocr_line' id='line_1_68' title="bbox 84 2221 1104 2275; baseline 0.001 -15"><span class='ocrx_word' id='word_1_533' title='bbox 84 2239 135 2260; x_wconf 91' lang='grc' dir='ltr'><strong>τοι</strong></span> <span class='ocrx_word' id='word_1_534' title='bbox 155 2222 323 2273; x_wconf 82' lang='grc' dir='ltr'>λέγουσιν,</span> <span class='ocrx_word' id='word_1_535' title='bbox 346 2222 423 2260; x_wconf 71' lang='grc' dir='ltr'>ἀλλ’</span> <span class='ocrx_word' id='word_1_536' title='bbox 442 2221 708 2273; x_wconf 79' lang='grc' dir='ltr'>ἐπιτραπέντες,</span> <span class='ocrx_word' id='word_1_537' title='bbox 729 2223 789 2260; x_wconf 86' lang='grc' dir='ltr'><strong>ἅτε</strong></span> <span class='ocrx_word' id='word_1_538' title='bbox 805 2225 851 2266; x_wconf 80' lang='grc' dir='ltr'><strong>ὡς</strong></span> <span class='ocrx_word' id='word_1_539' title='bbox 871 2222 981 2267; x_wconf 83' lang='grc' dir='ltr'>ξένους</span> <span class='ocrx_word' id='word_1_540' title='bbox 999 2239 1104 2275; x_wconf 85' lang='grc' dir='ltr'>προσ-</span> 
     </span>
     <span class='ocr_line' id='line_1_69' title="bbox 85 2281 1102 2334; baseline 0.001 -14"><span class='ocrx_word' id='word_1_541' title='bbox 85 2285 280 2321; x_wconf 81' lang='grc' dir='ltr'>εκαλοῧντο.</span> <span class='ocrx_word' id='word_1_542' title='bbox 310 2284 354 2321; x_wconf 85' lang='grc' dir='ltr'><strong>Εἰ</strong></span> <span class='ocrx_word' id='word_1_543' title='bbox 372 2281 418 2333; x_wconf 89' lang='grc' dir='ltr'><strong>μὴ</strong></span> <span class='ocrx_word' id='word_1_544' title='bbox 437 2283 656 2334; x_wconf 83' lang='grc' dir='ltr'>περιέμειναν</span> <span class='ocrx_word' id='word_1_545' title='bbox 675 2281 729 2330; x_wconf 76' lang='grc' dir='ltr'>δὲ,</span> <span class='ocrx_word' id='word_1_546' title='bbox 750 2284 812 2320; x_wconf 77' lang='grc' dir='ltr'><strong>οὐκ</strong></span> <span class='ocrx_word' id='word_1_547' title='bbox 834 2282 873 2320; x_wconf 84' lang='grc' dir='ltr'>ἂν</span> <span class='ocrx_word' id='word_1_548' title='bbox 894 2282 1028 2334; x_wconf 84' lang='grc' dir='ltr'>ἐγένετο</span> <span class='ocrx_word' id='word_1_549' title='bbox 1046 2284 1102 2322; x_wconf 79' lang='grc' dir='ltr'><strong>λό-</strong></span> 
     </span>
     <span class='ocr_line' id='line_1_70' title="bbox 82 2360 152 2394; baseline 0 -12"><span class='ocrx_word' id='word_1_550' title='bbox 82 2360 152 2394; x_wconf 88' lang='grc' dir='ltr'>γος.</span> 
     </span>
     <span class='ocr_line' id='line_1_71' title="bbox 84 2400 1102 2458; baseline 0.002 -15"><span class='ocrx_word' id='word_1_551' title='bbox 84 2422 187 2444; x_wconf 84' lang='grc' dir='ltr'>αυτου</span> <span class='ocrx_word' id='word_1_552' title='bbox 207 2422 269 2452; x_wconf 86' lang='grc' dir='ltr'><strong>την</strong></span> <span class='ocrx_word' id='word_1_553' title='bbox 289 2404 441 2444; x_wconf 86' lang='grc' dir='ltr'>σύνεσιν·</span> <span class='ocrx_word' id='word_1_554' title='bbox 457 2405 537 2444; x_wconf 79' lang='grc' dir='ltr'>ἔνθα</span> <span class='ocrx_word' id='word_1_555' title='bbox 560 2405 620 2456; x_wconf 81' lang='grc' dir='ltr'><strong>μὲν</strong></span> <span class='ocrx_word' id='word_1_556' title='bbox 641 2400 681 2452; x_wconf 66' lang='grc' dir='ltr'>ἦν</span> <span class='ocrx_word' id='word_1_557' title='bbox 699 2406 983 2458; x_wconf 82' lang='grc' dir='ltr'>κατεσπαρμένος</span> <span class='ocrx_word' id='word_1_558' title='bbox 1002 2410 1019 2445; x_wconf 87' lang='grc' dir='ltr'><strong><em>ὃ</em></strong></span> <span class='ocrx_word' id='word_1_559' title='bbox 1039 2408 1102 2445; x_wconf 79' lang='grc' dir='ltr'><strong>λό-</strong></span> 
     </span>
    </p>
   </div>
   <div class='ocr_carea' id='block_1_10' title="bbox 186 2343 1103 2397">
    <p class='ocr_par' dir='ltr' id='par_1_10' title="bbox 186 2343 1103 2397">
     <span class='ocr_line' id='line_1_72' title="bbox 186 2343 1103 2397; baseline 0.002 -16"><span class='ocrx_word' id='word_1_560' title='bbox 186 2343 359 2382; x_wconf 75' lang='grc' dir='ltr'>Ἐνταῦθα</span> <span class='ocrx_word' id='word_1_561' title='bbox 391 2345 528 2395; x_wconf 81' lang='grc' dir='ltr'>πρῶτον</span> <span class='ocrx_word' id='word_1_562' title='bbox 559 2343 722 2395; x_wconf 81' lang='grc' dir='ltr'>κηρύττει</span> <span class='ocrx_word' id='word_1_563' title='bbox 752 2345 902 2386; x_wconf 80' lang='grc' dir='ltr'>Παῦλος.</span> <span class='ocrx_word' id='word_1_564' title='bbox 938 2344 1007 2383; x_wconf 82' lang='grc' dir='ltr'>Καὶ</span> <span class='ocrx_word' id='word_1_565' title='bbox 1040 2344 1103 2397; x_wconf 78' lang='grc' dir='ltr'><strong>ὅρα</strong></span> 
     </span>
    </p>
   </div>
   <div class='ocr_carea' id='block_1_11' title="bbox 83 2465 1106 3070">
    <p class='ocr_par' dir='ltr' id='par_1_11' title="bbox 83 2465 1105 3070">
     <span class='ocr_line' id='line_1_73' title="bbox 83 2465 1104 2519; baseline 0.002 -15"><span class='ocrx_word' id='word_1_566' title='bbox 83 2482 160 2516; x_wconf 90' lang='grc' dir='ltr'>γος,</span> <span class='ocrx_word' id='word_1_567' title='bbox 181 2466 415 2518; x_wconf 74' lang='grc' dir='ltr'>παρατρέγει·</span> <span class='ocrx_word' id='word_1_568' title='bbox 433 2466 542 2504; x_wconf 84' lang='grc' dir='ltr'>ἔνθα</span> <span class='ocrx_word' id='word_1_569' title='bbox 524 2465 558 2504; x_wconf 89' lang='lat'><strong>03</strong></span> <span class='ocrx_word' id='word_1_570' title='bbox 573 2466 680 2508; x_wconf 79' lang='grc' dir='ltr'>οὐδεις</span> <span class='ocrx_word' id='word_1_571' title='bbox 696 2470 750 2514; x_wconf 82' lang='grc' dir='ltr'><strong>ἠν,</strong></span> <span class='ocrx_word' id='word_1_572' title='bbox 763 2466 972 2519; x_wconf 71' lang='grc' dir='ltr'>ἐνδιατρίὸει</span> <span class='ocrx_word' id='word_1_573' title='bbox 991 2468 1104 2512; x_wconf 81' lang='grc' dir='ltr'>καθὼς</span> 
     </span>
     <span class='ocr_line' id='line_1_74' title="bbox 84 2527 1104 2580; baseline 0.004 -16"><span class='ocrx_word' id='word_1_574' title='bbox 84 2527 143 2564; x_wconf 86' lang='grc' dir='ltr'><strong>καὶ</strong></span> <span class='ocrx_word' id='word_1_575' title='bbox 166 2527 266 2570; x_wconf 80' lang='grc' dir='ltr'>αὐτός</span> <span class='ocrx_word' id='word_1_576' title='bbox 295 2543 403 2578; x_wconf 73' lang='grc' dir='ltr'>φησι,</span> <span class='ocrx_word' id='word_1_577' title='bbox 433 2528 574 2580; x_wconf 71' lang='grc' dir='ltr'>γράφων</span> <span class='ocrx_word' id='word_1_578' title='bbox 621 2527 726 2566; x_wconf 78' lang='grc' dir='ltr'>Οὕτω</span> <span class='ocrx_word' id='word_1_579' title='bbox 755 2528 791 2566; x_wconf 83' lang='grc' dir='ltr'><strong>δὲ</strong></span> <span class='ocrx_word' id='word_1_580' title='bbox 818 2529 1104 2580; x_wconf 80' lang='grc' dir='ltr'>φιλοτιμούμενος</span> 
     </span>
     <span class='ocr_line' id='line_1_75' title="bbox 85 2587 1106 2644; baseline 0.003 -19"><span class='ocrx_word' id='word_1_581' title='bbox 85 2587 373 2639; x_wconf 76' lang='grc' dir='ltr'>εὐαγγελίζεσθαι,</span> <span class='ocrx_word' id='word_1_582' title='bbox 388 2604 424 2625; x_wconf 88' lang='grc' dir='ltr'><strong>ου</strong></span> <span class='ocrx_word' id='word_1_583' title='bbox 428 2603 454 2638; x_wconf 84' lang='lat'><strong><em>7</em></strong></span> <span class='ocrx_word' id='word_1_584' title='bbox 466 2588 550 2627; x_wconf 85' lang='grc' dir='ltr'>οπου</span> <span class='ocrx_word' id='word_1_585' title='bbox 563 2589 748 2638; x_wconf 70' lang='grc' dir='ltr'>ὠνομάσθη</span> <span class='ocrx_word' id='word_1_586' title='bbox 763 2589 923 2641; x_wconf 82' lang='grc' dir='ltr'>Χριστός.</span> <span class='ocrx_word' id='word_1_587' title='bbox 935 2590 1106 2644; x_wconf 77' lang='grc' dir='ltr'>Ἀνδρείας</span> 
     </span>
     <span class='ocr_line' id='line_1_76' title="bbox 86 2648 1103 2702; baseline 0.003 -16"><span class='ocrx_word' id='word_1_588' title='bbox 86 2648 120 2686; x_wconf 79' lang='grc' dir='ltr'><strong>δε</strong></span> <span class='ocrx_word' id='word_1_589' title='bbox 135 2651 176 2694; x_wconf 82' lang='grc' dir='ltr'>ἠν</span> <span class='ocrx_word' id='word_1_590' title='bbox 194 2648 252 2686; x_wconf 86' lang='grc' dir='ltr'><strong>καὶ</strong></span> <span class='ocrx_word' id='word_1_591' title='bbox 272 2663 371 2685; x_wconf 88' lang='grc' dir='ltr'>τουτο</span> <span class='ocrx_word' id='word_1_592' title='bbox 390 2649 531 2695; x_wconf 86' lang='grc' dir='ltr'>πολλης.</span> <span class='ocrx_word' id='word_1_593' title='bbox 548 2649 684 2692; x_wconf 85' lang='grc' dir='ltr'>Ὄντως</span> <span class='ocrx_word' id='word_1_594' title='bbox 702 2650 742 2686; x_wconf 81' lang='grc' dir='ltr'><strong>ἐκ</strong></span> <span class='ocrx_word' id='word_1_595' title='bbox 761 2649 952 2702; x_wconf 72' lang='grc' dir='ltr'>προοιμίων</span> <span class='ocrx_word' id='word_1_596' title='bbox 971 2655 1103 2702; x_wconf 87' lang='grc' dir='ltr'>θαυμα-</span> 
     </span>
     <span class='ocr_line' id='line_1_77' title="bbox 85 2708 1104 2765; baseline 0.003 -18"><span class='ocrx_word' id='word_1_597' title='bbox 85 2709 195 2752; x_wconf 82' lang='grc' dir='ltr'>στοςὸ</span> <span class='ocrx_word' id='word_1_598' title='bbox 218 2708 329 2760; x_wconf 85' lang='grc' dir='ltr'>ἀνηρ·</span> <span class='ocrx_word' id='word_1_599' title='bbox 358 2725 643 2762; x_wconf 84' lang='grc' dir='ltr'>εσταυρωμενος,</span> <span class='ocrx_word' id='word_1_600' title='bbox 673 2711 998 2764; x_wconf 81' lang='grc' dir='ltr'>παρατεταγμένος,</span> <span class='ocrx_word' id='word_1_601' title='bbox 1028 2713 1104 2765; x_wconf 77' lang='grc' dir='ltr'>ᾔδει</span> 
     </span>
     <span class='ocr_line' id='line_1_78' title="bbox 83 2771 1103 2826; baseline 0.003 -17"><span class='ocrx_word' id='word_1_602' title='bbox 83 2771 193 2818; x_wconf 84' lang='grc' dir='ltr'>πόσης</span> <span class='ocrx_word' id='word_1_603' title='bbox 220 2771 395 2809; x_wconf 87' lang='grc' dir='ltr'>ἀπελαυσε</span> <span class='ocrx_word' id='word_1_604' title='bbox 425 2772 587 2823; x_wconf 77' lang='grc' dir='ltr'>γάριτος·</span> <span class='ocrx_word' id='word_1_605' title='bbox 622 2772 827 2824; x_wconf 72' lang='grc' dir='ltr'>ἀντίρροπον</span> <span class='ocrx_word' id='word_1_606' title='bbox 851 2774 1015 2826; x_wconf 87' lang='grc' dir='ltr'>εἷσηγαγε</span> <span class='ocrx_word' id='word_1_607' title='bbox 1039 2791 1103 2821; x_wconf 81' lang='grc' dir='ltr'><strong>την</strong></span> 
     </span>
     <span class='ocr_line' id='line_1_79' title="bbox 84 2831 1102 2888; baseline 0.005 -18"><span class='ocrx_word' id='word_1_608' title='bbox 84 2831 248 2878; x_wconf 82' lang='grc' dir='ltr'>σπουοην.</span> <span class='ocrx_word' id='word_1_609' title='bbox 275 2834 351 2871; x_wconf 91' lang='grc' dir='ltr'><strong>Ουκ</strong></span> <span class='ocrx_word' id='word_1_610' title='bbox 369 2833 524 2886; x_wconf 73' lang='grc' dir='ltr'>ὦργίσθη</span> <span class='ocrx_word' id='word_1_611' title='bbox 542 2834 628 2884; x_wconf 80' lang='grc' dir='ltr'>πρὸς</span> <span class='ocrx_word' id='word_1_612' title='bbox 645 2833 833 2880; x_wconf 82' lang='grc' dir='ltr'>Ἰωάννην</span> <span class='ocrx_word' id='word_1_613' title='bbox 854 2837 914 2873; x_wconf 66' lang='grc' dir='ltr'><strong>εἰοὐ</strong></span> <span class='ocrx_word' id='word_1_614' title='bbox 934 2835 1001 2888; x_wconf 83' lang='grc' dir='ltr'><strong>γὰρ</strong></span> <span class='ocrx_word' id='word_1_615' title='bbox 1028 2837 1102 2875; x_wconf 79' lang='grc' dir='ltr'>τού-</span> 
     </span>
     <span class='ocr_line' id='line_1_80' title="bbox 83 2893 1103 2946; baseline 0.006 -17"><span class='ocrx_word' id='word_1_616' title='bbox 83 2907 142 2929; x_wconf 89' lang='grc' dir='ltr'><strong>του</strong></span> <span class='ocrx_word' id='word_1_617' title='bbox 163 2896 222 2938; x_wconf 81' lang='grc' dir='ltr'><strong>ἠν·</strong></span> <span class='ocrx_word' id='word_1_618' title='bbox 243 2893 331 2931; x_wconf 79' lang='grc' dir='ltr'>ἀλλὰ</span> <span class='ocrx_word' id='word_1_619' title='bbox 358 2909 418 2932; x_wconf 85' lang='grc' dir='ltr'><strong>του</strong></span> <span class='ocrx_word' id='word_1_620' title='bbox 451 2894 549 2946; x_wconf 82' lang='grc' dir='ltr'>ἔργου</span> <span class='ocrx_word' id='word_1_621' title='bbox 570 2895 704 2946; x_wconf 76' lang='grc' dir='ltr'>εἴγετο·</span> <span class='ocrx_word' id='word_1_622' title='bbox 731 2897 792 2933; x_wconf 79' lang='grc' dir='ltr'><strong>οὐκ</strong></span> <span class='ocrx_word' id='word_1_623' title='bbox 811 2896 1020 2945; x_wconf 80' lang='grc' dir='ltr'>ἐδειλίασεν,</span> <span class='ocrx_word' id='word_1_624' title='bbox 1041 2900 1103 2935; x_wconf 82' lang='grc' dir='ltr'><strong>οὐκ</strong></span> 
     </span>
     <span class='ocr_line' id='line_1_81' title="bbox 85 2927 1105 3031; baseline 0.006 -42"><span class='ocrx_word' id='word_1_625' title='bbox 85 2952 271 3004; x_wconf 64' lang='grc' dir='ltr'>ἐφοὸηθη’</span> <span class='ocrx_word' id='word_1_626' title='bbox 257 2969 290 2991; x_wconf 87' lang='grc' dir='ltr'><strong>εν</strong></span> <span class='ocrx_word' id='word_1_627' title='bbox 322 2953 416 3005; x_wconf 82' lang='grc' dir='ltr'>μέσω</span> <span class='ocrx_word' id='word_1_628' title='bbox 436 2954 587 3031; x_wconf 81' lang='grc' dir='ltr'>πλήθρυς</span> <span class='ocrx_word' id='word_1_629' title='bbox 623 2956 896 3006; x_wconf 73' lang='grc' dir='ltr'>ἀπειλημμένος.</span> <span class='ocrx_word' id='word_1_630' title='bbox 916 2927 1020 3007; x_wconf 56' lang='lat' dir='ltr'><strong>“’Opot</strong></span> <span class='ocrx_word' id='word_1_631' title='bbox 1032 2975 1105 3001; x_wconf 76' lang='grc' dir='ltr'><strong>πως</strong></span> 
     </span>
     <span class='ocr_line' id='line_1_82' title="bbox 84 3015 1101 3070; baseline 0.006 -20"><span class='ocrx_word' id='word_1_632' title='bbox 84 3015 314 3064; x_wconf 78' lang='grc' dir='ltr'>οἰκονομεῖται</span> <span class='ocrx_word' id='word_1_633' title='bbox 334 3016 474 3054; x_wconf 77' lang='grc' dir='ltr'>Παῦλον</span> <span class='ocrx_word' id='word_1_634' title='bbox 500 3016 548 3067; x_wconf 87' lang='grc' dir='ltr'><strong>μὴ</strong></span> <span class='ocrx_word' id='word_1_635' title='bbox 573 3015 756 3070; x_wconf 83' lang='grc' dir='ltr'>κηρύττειν</span> <span class='ocrx_word' id='word_1_636' title='bbox 781 3020 814 3056; x_wconf 83' lang='grc' dir='ltr'>ἐν</span> <span class='ocrx_word' id='word_1_637' title='bbox 835 3017 1101 3070; x_wconf 83' lang='grc' dir='ltr'>Ἱεροσολύμοις·</span> 
     </span>
    </p>
   </div>
   <div class='ocr_carea' id='block_1_12' title="bbox 85 3075 1099 3128">
    <p class='ocr_par' dir='ltr' id='par_1_12' title="bbox 85 3075 1099 3128">
     <span class='ocr_line' id='line_1_83' title="bbox 85 3075 1099 3128; baseline 0.006 -16"><span class='ocrx_word' id='word_1_638' title='bbox 85 3078 184 3125; x_wconf 85' lang='grc' dir='ltr'>ἀρκεῖ</span> <span class='ocrx_word' id='word_1_639' title='bbox 209 3075 391 3115; x_wconf 74' lang='grc' dir='ltr'>καὶτοῦτο</span> <span class='ocrx_word' id='word_1_640' title='bbox 420 3077 521 3128; x_wconf 88' lang='grc' dir='ltr'>μόνον</span> <span class='ocrx_word' id='word_1_641' title='bbox 550 3079 589 3116; x_wconf 76' lang='grc' dir='ltr'><strong>τὸ</strong></span> <span class='ocrx_word' id='word_1_642' title='bbox 620 3080 785 3127; x_wconf 74' lang='grc' dir='ltr'>ἀκοῦσαι,</span> <span class='ocrx_word' id='word_1_643' title='bbox 813 3082 866 3118; x_wconf 83' lang='grc' dir='ltr'><strong>ὅτι</strong></span> <span class='ocrx_word' id='word_1_644' title='bbox 897 3081 1099 3118; x_wconf 83' lang='grc' dir='ltr'>ἐπίστευσε·</span> 
     </span>
    </p>
   </div>
   <div class='ocr_carea' id='block_1_13' title="bbox 85 3208 1086 3294">
    <p class='ocr_par' dir='ltr' id='par_1_13' title="bbox 85 3208 1086 3294">
     <span class='ocr_line' id='line_1_84' title="bbox 131 3208 1086 3258; baseline 0.009 -21"><span class='ocrx_word' id='word_1_645' title='bbox 131 3208 146 3230; x_wconf 68' lang='grc' dir='ltr'><strong>Ι»</strong></span> <span class='ocrx_word' id='word_1_646' title='bbox 164 3208 240 3238; x_wconf 83' lang='lat' dir='ltr'><strong>Haec</strong></span> <span class='ocrx_word' id='word_1_647' title='bbox 255 3230 261 3239; x_wconf 84' lang='lat'><strong>.</strong></span> <span class='ocrx_word' id='word_1_648' title='bbox 276 3212 373 3242; x_wconf 71' lang='grc' dir='ltr'>ταῦτα</span> <span class='ocrx_word' id='word_1_649' title='bbox 396 3213 498 3252; x_wconf 69' lang='grc' dir='ltr'>λέγων,</span> <span class='ocrx_word' id='word_1_650' title='bbox 517 3217 566 3246; x_wconf 72' lang='grc' dir='ltr'><strong>καὶ</strong></span> <span class='ocrx_word' id='word_1_651' title='bbox 583 3216 629 3245; x_wconf 73' lang='grc' dir='ltr'>ἵνα</span> <span class='ocrx_word' id='word_1_652' title='bbox 654 3216 731 3258; x_wconf 68' lang='grc' dir='ltr'>δείξῃ</span> <span class='ocrx_word' id='word_1_653' title='bbox 747 3214 943 3254; x_wconf 67' lang='grc' dir='ltr'>ὅτι,(165υι]ῑ</span> <span class='ocrx_word' id='word_1_654' title='bbox 961 3215 993 3246; x_wconf 88' lang='lat' dir='ltr'><strong>in</strong></span> <span class='ocrx_word' id='word_1_655' title='bbox 1011 3214 1086 3257; x_wconf 86' lang='lat' dir='ltr'><strong>qui-</strong></span> 
     </span>
     <span class='ocr_line' id='line_1_85' title="bbox 85 3259 320 3294; baseline -0.004 -1"><span class='ocrx_word' id='word_1_656' title='bbox 85 3259 226 3294; x_wconf 86' lang='lat' dir='ltr'><strong>busdam</strong></span> <span class='ocrx_word' id='word_1_657' title='bbox 244 3260 320 3293; x_wconf 83' lang='lat' dir='ltr'><strong>Mss.</strong></span> 
     </span>
    </p>
   </div>
   <div class='ocr_carea' id='block_1_14' title="bbox 131 3316 1087 3412">
    <p class='ocr_par' dir='ltr' id='par_1_14' title="bbox 131 3316 1087 3412">
     <span class='ocr_line' id='line_1_86' title="bbox 131 3316 1087 3360; baseline 0.002 -12"><span class='ocrx_word' id='word_1_658' title='bbox 131 3324 144 3338; x_wconf 77' lang='lat'><strong>³</strong></span> <span class='ocrx_word' id='word_1_659' title='bbox 169 3317 209 3348; x_wconf 66' lang='grc' dir='ltr'><strong>Οὐ</strong></span> <span class='ocrx_word' id='word_1_660' title='bbox 232 3318 291 3357; x_wconf 74' lang='grc' dir='ltr'><strong>γὰρ</strong></span> <span class='ocrx_word' id='word_1_661' title='bbox 306 3316 411 3347; x_wconf 72' lang='grc' dir='ltr'>τούτου</span> <span class='ocrx_word' id='word_1_662' title='bbox 427 3319 470 3353; x_wconf 74' lang='grc' dir='ltr'><strong>ἦν.</strong></span> <span class='ocrx_word' id='word_1_663' title='bbox 496 3317 661 3349; x_wconf 81' lang='lat' dir='ltr'><strong>Dounaeus</strong></span> <span class='ocrx_word' id='word_1_664' title='bbox 683 3319 729 3349; x_wconf 87' lang='lat' dir='ltr'><strong>sic</strong></span> <span class='ocrx_word' id='word_1_665' title='bbox 753 3316 948 3350; x_wconf 81' lang='lat' dir='ltr'><strong>vertendum</strong></span> <span class='ocrx_word' id='word_1_666' title='bbox 974 3326 1087 3360; x_wconf 78' lang='lat' dir='ltr'><strong>putat,</strong></span> 
     </span>
     <span class='ocr_line' id='line_1_87' title="bbox 272 3388 450 3412; baseline 0.006 -1"><span class='ocrx_word' id='word_1_667' title='bbox 272 3388 365 3411; x_wconf 85' lang='grc' dir='ltr'>ΤΟΜ.</span> <span class='ocrx_word' id='word_1_668' title='bbox 398 3390 450 3412; x_wconf 83' lang='grc' dir='ltr'><strong>ῙΧ.</strong></span> 
     </span>
    </p>
   </div>
   <div class='ocr_carea' id='block_1_15' title="bbox 1131 2216 2161 2279">
    <p class='ocr_par' dir='ltr' id='par_1_15' title="bbox 1131 2216 2161 2279">
     <span class='ocr_line' id='line_1_88' title="bbox 1131 2216 2161 2279; baseline 0.006 -14"><span class='ocrx_word' id='word_1_669' title='bbox 1131 2216 1156 2243; x_wconf 75' lang='lat' dir='ltr'>A</span> <span class='ocrx_word' id='word_1_670' title='bbox 1176 2237 1210 2266; x_wconf 88' lang='lat' dir='ltr'><strong>et</strong></span> <span class='ocrx_word' id='word_1_671' title='bbox 1235 2227 1336 2279; x_wconf 85' lang='lat' dir='ltr'><strong>quasi</strong></span> <span class='ocrx_word' id='word_1_672' title='bbox 1373 2226 1529 2279; x_wconf 86' lang='lat' dir='ltr'><strong>hospites</strong></span> <span class='ocrx_word' id='word_1_673' title='bbox 1555 2228 1751 2279; x_wconf 82' lang='lat' dir='ltr'><strong>provocati.</strong></span> <span class='ocrx_word' id='word_1_674' title='bbox 1790 2229 1828 2267; x_wconf 84' lang='lat' dir='ltr'><strong>Si</strong></span> <span class='ocrx_word' id='word_1_675' title='bbox 1856 2240 1975 2269; x_wconf 85' lang='lat' dir='ltr'><strong>autem</strong></span> <span class='ocrx_word' id='word_1_676' title='bbox 2010 2247 2079 2270; x_wconf 92' lang='lat' dir='ltr'><strong>non</strong></span> <span class='ocrx_word' id='word_1_677' title='bbox 2111 2234 2161 2271; x_wconf 86' lang='lat' dir='ltr'><strong>ibi</strong></span> 
     </span>
    </p>
   </div>
   <div class='ocr_carea' id='block_1_16' title="bbox 1173 2289 2161 2528">
    <p class='ocr_par' dir='ltr' id='par_1_16' title="bbox 1173 2289 2161 2528">
     <span class='ocr_line' id='line_1_89' title="bbox 1173 2289 2161 2347; baseline 0.007 -20"><span class='ocrx_word' id='word_1_678' title='bbox 1173 2290 1394 2337; x_wconf 84' lang='lat' dir='ltr'><strong>mansissent,</strong></span> <span class='ocrx_word' id='word_1_679' title='bbox 1415 2303 1530 2327; x_wconf 90' lang='lat' dir='ltr'><strong>sermo</strong></span> <span class='ocrx_word' id='word_1_680' title='bbox 1553 2303 1622 2327; x_wconf 89' lang='lat' dir='ltr'><strong>non</strong></span> <span class='ocrx_word' id='word_1_681' title='bbox 1644 2289 1790 2328; x_wconf 76' lang='lat' dir='ltr'><strong>habitus</strong></span> <span class='ocrx_word' id='word_1_682' title='bbox 1806 2291 1938 2330; x_wconf 85' lang='lat' dir='ltr'><strong>fuisset.</strong></span> <span class='ocrx_word' id='word_1_683' title='bbox 1960 2293 2028 2332; x_wconf 89' lang='lat' dir='ltr'><strong>Hic</strong></span> <span class='ocrx_word' id='word_1_684' title='bbox 2044 2295 2161 2347; x_wconf 84' lang='lat' dir='ltr'><strong>primo</strong></span> 
     </span>
     <span class='ocr_line' id='line_1_90' title="bbox 1176 2351 2159 2405; baseline 0.005 -15"><span class='ocrx_word' id='word_1_685' title='bbox 1176 2352 1347 2403; x_wconf 87' lang='lat' dir='ltr'><strong>praedicat</strong></span> <span class='ocrx_word' id='word_1_686' title='bbox 1362 2352 1506 2390; x_wconf 87' lang='lat' dir='ltr'><strong>Paulus.</strong></span> <span class='ocrx_word' id='word_1_687' title='bbox 1528 2351 1575 2388; x_wconf 88' lang='lat' dir='ltr'><strong>Et</strong></span> <span class='ocrx_word' id='word_1_688' title='bbox 1602 2352 1687 2390; x_wconf 78' lang='lat' dir='ltr'><strong>vide</strong></span> <span class='ocrx_word' id='word_1_689' title='bbox 1707 2353 1782 2404; x_wconf 86' lang='lat' dir='ltr'><strong>ejus</strong></span> <span class='ocrx_word' id='word_1_690' title='bbox 1801 2353 2028 2405; x_wconf 87' lang='lat' dir='ltr'><strong>prudentiam</strong></span> <span class='ocrx_word' id='word_1_691' title='bbox 2062 2373 2069 2393; x_wconf 92' lang='lat'>:</span> <span class='ocrx_word' id='word_1_692' title='bbox 2099 2358 2159 2395; x_wconf 88' lang='lat' dir='ltr'><strong>ubi</strong></span> 
     </span>
     <span class='ocr_line' id='line_1_91' title="bbox 1175 2414 2159 2466; baseline 0.005 -14"><span class='ocrx_word' id='word_1_693' title='bbox 1175 2429 1290 2452; x_wconf 88' lang='lat' dir='ltr'><strong>sermo</strong></span> <span class='ocrx_word' id='word_1_694' title='bbox 1306 2427 1449 2466; x_wconf 86' lang='lat' dir='ltr'><strong>sparsus</strong></span> <span class='ocrx_word' id='word_1_695' title='bbox 1474 2414 1600 2461; x_wconf 79' lang='lat' dir='ltr'><strong>fuerat,</strong></span> <span class='ocrx_word' id='word_1_696' title='bbox 1621 2415 1880 2465; x_wconf 86' lang='lat' dir='ltr'><strong>praetercurrit;</strong></span> <span class='ocrx_word' id='word_1_697' title='bbox 1897 2416 1960 2454; x_wconf 84' lang='lat' dir='ltr'><strong>uhi</strong></span> <span class='ocrx_word' id='word_1_698' title='bbox 1975 2432 2059 2456; x_wconf 82' lang='lat' dir='ltr'><strong>vero</strong></span> <span class='ocrx_word' id='word_1_699' title='bbox 2079 2420 2159 2457; x_wconf 89' lang='lat' dir='ltr'><strong>nul—</strong></span> 
     </span>
     <span class='ocr_line' id='line_1_92' title="bbox 1174 2474 2156 2528; baseline 0.006 -16"><span class='ocrx_word' id='word_1_700' title='bbox 1174 2475 1231 2513; x_wconf 90' lang='lat' dir='ltr'><strong>lus</strong></span> <span class='ocrx_word' id='word_1_701' title='bbox 1249 2476 1377 2523; x_wconf 81' lang='lat' dir='ltr'><strong>fuerat,</strong></span> <span class='ocrx_word' id='word_1_702' title='bbox 1397 2474 1532 2512; x_wconf 87' lang='lat' dir='ltr'><strong>diutius</strong></span> <span class='ocrx_word' id='word_1_703' title='bbox 1545 2483 1675 2525; x_wconf 74' lang='lat' dir='ltr'><strong>mane13</strong></span> <span class='ocrx_word' id='word_1_704' title='bbox 1695 2483 1779 2512; x_wconf 87' lang='lat' dir='ltr'><strong>utet</strong></span> <span class='ocrx_word' id='word_1_705' title='bbox 1796 2474 1870 2528; x_wconf 90' lang='lat' dir='ltr'><strong>ipse</strong></span> <span class='ocrx_word' id='word_1_706' title='bbox 1880 2477 2036 2516; x_wconf 85' lang='lat' dir='ltr'><strong>scribens</strong></span> <span class='ocrx_word' id='word_1_707' title='bbox 2054 2478 2156 2518; x_wconf 88' lang='lat' dir='ltr'><strong>dicit:</strong></span> 
     </span>
    </p>
   </div>
   <div class='ocr_carea' id='block_1_17' title="bbox 1174 2542 2338 2592">
    <p class='ocr_par' dir='ltr' id='par_1_17' title="bbox 1174 2542 2338 2592">
     <span class='ocr_line' id='line_1_93' title="bbox 1174 2542 2338 2592; baseline 0.005 -11"><span class='ocrx_word' id='word_1_708' title='bbox 1174 2543 1235 2581; x_wconf 84' lang='lat' dir='ltr'><strong>Sic</strong></span> <span class='ocrx_word' id='word_1_709' title='bbox 1249 2543 1516 2581; x_wconf 77' lang='lat' dir='ltr'><strong>autemstztdui</strong></span> <span class='ocrx_word' id='word_1_710' title='bbox 1539 2542 1822 2592; x_wconf 75' lang='lat' dir='ltr'><strong>evangelizare,</strong></span> <span class='ocrx_word' id='word_1_711' title='bbox 1856 2557 1933 2581; x_wconf 82' lang='lat' dir='ltr'><strong>non</strong></span> <span class='ocrx_word' id='word_1_712' title='bbox 1949 2547 2014 2582; x_wconf 74' lang='lat' dir='ltr'><strong>ubi</strong></span> <span class='ocrx_word' id='word_1_713' title='bbox 2036 2551 2156 2585; x_wconf 84' lang='lat' dir='ltr'><strong>nomi-</strong></span> <span class='ocrx_word' id='word_1_714' title='bbox 2171 2557 2258 2586; x_wconf 74' lang='lat' dir='ltr'><strong>Rom.</strong></span> <span class='ocrx_word' id='word_1_715' title='bbox 2287 2558 2338 2587; x_wconf 85' lang='lat'><strong>15.</strong></span> 
     </span>
    </p>
   </div>
   <div class='ocr_carea' id='block_1_18' title="bbox 1129 2608 2210 3066">
    <p class='ocr_par' dir='ltr' id='par_1_18' title="bbox 1129 2608 2210 3066">
     <span class='ocr_line' id='line_1_94' title="bbox 1177 2608 2210 2663; baseline 0.006 -14"><span class='ocrx_word' id='word_1_716' title='bbox 1177 2620 1288 2650; x_wconf 79' lang='lat' dir='ltr'><strong>natus</strong></span> <span class='ocrx_word' id='word_1_717' title='bbox 1307 2620 1363 2649; x_wconf 78' lang='lat' dir='ltr'><strong>est</strong></span> <span class='ocrx_word' id='word_1_718' title='bbox 1385 2612 1572 2649; x_wconf 74' lang='lat' dir='ltr'><strong>Christus.</strong></span> <span class='ocrx_word' id='word_1_719' title='bbox 1593 2609 1669 2647; x_wconf 90' lang='lat' dir='ltr'><strong>Hoc</strong></span> <span class='ocrx_word' id='word_1_720' title='bbox 1688 2624 1770 2648; x_wconf 81' lang='lat' dir='ltr'><strong>vero</strong></span> <span class='ocrx_word' id='word_1_721' title='bbox 1785 2625 1921 2663; x_wconf 64' lang='lat' dir='ltr'><strong>magnae</strong></span> <span class='ocrx_word' id='word_1_722' title='bbox 1936 2614 2157 2655; x_wconf 77' lang='lat' dir='ltr'><strong>fortitudinis</strong></span> <span class='ocrx_word' id='word_1_723' title='bbox 2173 2608 2210 2629; x_wconf 74' lang='lat'><strong>²⁰</strong></span> 
     </span>
     <span class='ocr_line' id='line_1_95' title="bbox 1175 2675 2157 2728; baseline 0.005 -12"><span class='ocrx_word' id='word_1_724' title='bbox 1175 2686 1261 2716; x_wconf 89' lang='lat' dir='ltr'><strong>erat.</strong></span> <span class='ocrx_word' id='word_1_725' title='bbox 1285 2679 1381 2716; x_wconf 74' lang='lat' dir='ltr'><strong>Vere</strong></span> <span class='ocrx_word' id='word_1_726' title='bbox 1398 2691 1417 2714; x_wconf 87' lang='lat' dir='ltr'><strong>a</strong></span> <span class='ocrx_word' id='word_1_727' title='bbox 1438 2676 1614 2728; x_wconf 86' lang='lat' dir='ltr'><strong>principio</strong></span> <span class='ocrx_word' id='word_1_728' title='bbox 1630 2675 1852 2715; x_wconf 85' lang='lat' dir='ltr'><strong>admirabilis</strong></span> <span class='ocrx_word' id='word_1_729' title='bbox 1865 2678 1923 2716; x_wconf 78' lang='lat' dir='ltr'><strong>vir</strong></span> <span class='ocrx_word' id='word_1_730' title='bbox 1931 2680 1999 2717; x_wconf 87' lang='lat' dir='ltr'><strong>fuit</strong></span> <span class='ocrx_word' id='word_1_731' title='bbox 2014 2697 2021 2717; x_wconf 95' lang='lat'><strong>:</strong></span> <span class='ocrx_word' id='word_1_732' title='bbox 2045 2685 2157 2721; x_wconf 84' lang='lat' dir='ltr'><strong>cruci-</strong></span> 
     </span>
     <span class='ocr_line' id='line_1_96' title="bbox 1176 2744 2157 2800; baseline 0.006 -17"><span class='ocrx_word' id='word_1_733' title='bbox 1176 2746 1282 2793; x_wconf 76' lang='lat' dir='ltr'><strong>fixus,</strong></span> <span class='ocrx_word' id='word_1_734' title='bbox 1316 2745 1353 2782; x_wconf 89' lang='lat' dir='ltr'><strong>in</strong></span> <span class='ocrx_word' id='word_1_735' title='bbox 1378 2744 1451 2782; x_wconf 86' lang='lat' dir='ltr'><strong>acie</strong></span> <span class='ocrx_word' id='word_1_736' title='bbox 1483 2744 1633 2796; x_wconf 77' lang='lat' dir='ltr'><strong>positus,</strong></span> <span class='ocrx_word' id='word_1_737' title='bbox 1656 2744 1788 2782; x_wconf 79' lang='lat' dir='ltr'><strong>sciebat</strong></span> <span class='ocrx_word' id='word_1_738' title='bbox 1818 2756 1948 2796; x_wconf 87' lang='lat' dir='ltr'><strong>quanta</strong></span> <span class='ocrx_word' id='word_1_739' title='bbox 1984 2750 2157 2800; x_wconf 85' lang='lat' dir='ltr'><strong>potiretur</strong></span> 
     </span>
     <span class='ocr_line' id='line_1_97' title="bbox 1175 2809 2156 2864; baseline 0.006 -15"><span class='ocrx_word' id='word_1_740' title='bbox 1175 2811 1312 2864; x_wconf 78' lang='lat' dir='ltr'><strong>glatia3</strong></span> <span class='ocrx_word' id='word_1_741' title='bbox 1349 2825 1414 2863; x_wconf 87' lang='lat' dir='ltr'><strong>par</strong></span> <span class='ocrx_word' id='word_1_742' title='bbox 1449 2809 1598 2848; x_wconf 77' lang='lat' dir='ltr'><strong>induxit</strong></span> <span class='ocrx_word' id='word_1_743' title='bbox 1631 2810 1802 2848; x_wconf 87' lang='lat' dir='ltr'><strong>studium.</strong></span> <span class='ocrx_word' id='word_1_744' title='bbox 1842 2813 1921 2850; x_wconf 90' lang='lat' dir='ltr'><strong>Non</strong></span> <span class='ocrx_word' id='word_1_745' title='bbox 1957 2817 2156 2855; x_wconf 88' lang='lat' dir='ltr'><strong>succensuit</strong></span> 
     </span>
     <span class='ocr_line' id='line_1_98' title="bbox 1174 2876 2152 2931; baseline 0.004 -14"><span class='ocrx_word' id='word_1_746' title='bbox 1174 2878 1330 2918; x_wconf 89' lang='lat' dir='ltr'><strong>Joanni:</strong></span> <span class='ocrx_word' id='word_1_747' title='bbox 1349 2891 1418 2915; x_wconf 90' lang='lat' dir='ltr'><strong>non</strong></span> <span class='ocrx_word' id='word_1_748' title='bbox 1439 2876 1532 2915; x_wconf 90' lang='lat' dir='ltr'><strong>enim</strong></span> <span class='ocrx_word' id='word_1_749' title='bbox 1546 2877 1655 2929; x_wconf 87' lang='lat' dir='ltr'><strong>hujus</strong></span> <span class='ocrx_word' id='word_1_750' title='bbox 1676 2886 1762 2927; x_wconf 84' lang='lat' dir='ltr'><strong>er‚at</strong></span> <span class='ocrx_word' id='word_1_751' title='bbox 1774 2879 1835 2916; x_wconf 89' lang='lat' dir='ltr'><strong>sed</strong></span> <span class='ocrx_word' id='word_1_752' title='bbox 1855 2880 1951 2931; x_wconf 87' lang='lat' dir='ltr'><strong>operi</strong></span> <span class='ocrx_word' id='word_1_753' title='bbox 1975 2881 2152 2922; x_wconf 81' lang='lat' dir='ltr'><strong>haer.ebat</strong></span> 
     </span>
     <span class='ocr_line' id='line_1_99' title="bbox 1129 2944 2156 2994; baseline 0.005 -10"><span class='ocrx_word' id='word_1_754' title='bbox 1129 2963 1151 2991; x_wconf 73' lang='lat'><strong>1,</strong></span> <span class='ocrx_word' id='word_1_755' title='bbox 1175 2960 1244 2984; x_wconf 91' lang='lat' dir='ltr'><strong>non</strong></span> <span class='ocrx_word' id='word_1_756' title='bbox 1264 2944 1590 2994; x_wconf 65' lang='lat' dir='ltr'><strong>f01midax1t7non</strong></span> <span class='ocrx_word' id='word_1_757' title='bbox 1616 2945 1735 2982; x_wconf 86' lang='lat' dir='ltr'><strong>timuit</strong></span> <span class='ocrx_word' id='word_1_758' title='bbox 1762 2945 1798 2983; x_wconf 93' lang='lat' dir='ltr'><strong>in</strong></span> <span class='ocrx_word' id='word_1_759' title='bbox 1818 2946 1934 2984; x_wconf 88' lang='lat' dir='ltr'><strong>media</strong></span> <span class='ocrx_word' id='word_1_760' title='bbox 1954 2949 2156 2989; x_wconf 89' lang='lat' dir='ltr'><strong>multitudi-</strong></span> 
     </span>
     <span class='ocr_line' id='line_1_100' title="bbox 1175 2974 2155 3066; baseline 0.006 -14"><span class='ocrx_word' id='word_1_761' title='bbox 1175 3028 1218 3052; x_wconf 88' lang='lat' dir='ltr'><strong>ne</strong></span> <span class='ocrx_word' id='word_1_762' title='bbox 1233 3013 1429 3052; x_wconf 83' lang='lat' dir='ltr'><strong>conclusus.</strong></span> <span class='ocrx_word' id='word_1_763' title='bbox 1447 2974 1545 3052; x_wconf 85' lang='lat' dir='ltr'><strong>Vide</strong></span> <span class='ocrx_word' id='word_1_764' title='bbox 1564 3013 1740 3063; x_wconf 83' lang='lat' dir='ltr'><strong>quomodo</strong></span> <span class='ocrx_word' id='word_1_765' title='bbox 1760 3015 1982 3066; x_wconf 63' lang='lat' dir='ltr'><strong>ploxidetur,</strong></span> <span class='ocrx_word' id='word_1_766' title='bbox 2005 3031 2047 3056; x_wconf 90' lang='lat' dir='ltr'><strong>ne</strong></span> <span class='ocrx_word' id='word_1_767' title='bbox 2063 3020 2155 3058; x_wconf 92' lang='lat' dir='ltr'><strong>Pau-</strong></span> 
     </span>
    </p>
   </div>
   <div class='ocr_carea' id='block_1_19' title="bbox 1173 3080 2154 3137">
    <p class='ocr_par' dir='ltr' id='par_1_19' title="bbox 1173 3080 2154 3137">
     <span class='ocr_line' id='line_1_101' title="bbox 1173 3080 2154 3137; baseline 0.009 -20"><span class='ocrx_word' id='word_1_768' title='bbox 1173 3081 1230 3118; x_wconf 88' lang='lat' dir='ltr'><strong>lus</strong></span> <span class='ocrx_word' id='word_1_769' title='bbox 1249 3080 1460 3133; x_wconf 84' lang='lat' dir='ltr'><strong>praedicetin</strong></span> <span class='ocrx_word' id='word_1_770' title='bbox 1474 3080 1667 3119; x_wconf 80' lang='lat' dir='ltr'><strong>Jerusalem</strong></span> <span class='ocrx_word' id='word_1_771' title='bbox 1688 3081 1906 3120; x_wconf 83' lang='lat' dir='ltr'><strong>:sufficiebat</strong></span> <span class='ocrx_word' id='word_1_772' title='bbox 1924 3083 1992 3122; x_wconf 92' lang='lat' dir='ltr'><strong>hoc</strong></span> <span class='ocrx_word' id='word_1_773' title='bbox 2018 3086 2154 3137; x_wconf 87' lang='lat' dir='ltr'><strong>audire,</strong></span> 
     </span>
    </p>
   </div>
   <div class='ocr_carea' id='block_1_20' title="bbox 1154 3214 2157 3352">
    <p class='ocr_par' dir='ltr' id='par_1_20' title="bbox 1154 3214 2157 3352">
     <span class='ocr_line' id='line_1_102' title="bbox 1154 3214 2157 3264; baseline 0.007 -17"><span class='ocrx_word' id='word_1_774' title='bbox 1154 3215 1239 3248; x_wconf 86' lang='lat' dir='ltr'><strong>Non</strong></span> <span class='ocrx_word' id='word_1_775' title='bbox 1266 3216 1353 3246; x_wconf 79' lang='lat' dir='ltr'><strong>enim</strong></span> <span class='ocrx_word' id='word_1_776' title='bbox 1385 3217 1441 3246; x_wconf 66' lang='grc' dir='ltr'><strong>ἱνα,2</strong></span> <span class='ocrx_word' id='word_1_777' title='bbox 1462 3215 1591 3246; x_wconf 73' lang='lat' dir='ltr'><strong>deditus</strong></span> <span class='ocrx_word' id='word_1_778' title='bbox 1617 3222 1708 3245; x_wconf 73' lang='lat' dir='ltr'><strong>erat:</strong></span> <span class='ocrx_word' id='word_1_779' title='bbox 1728 3214 1778 3247; x_wconf 72' lang='lat' dir='ltr'><strong>vel</strong></span> <span class='ocrx_word' id='word_1_780' title='bbox 1800 3218 1846 3247; x_wconf 87' lang='lat' dir='ltr'><strong>sic</strong></span> <span class='ocrx_word' id='word_1_781' title='bbox 1878 3216 2027 3252; x_wconf 81' lang='lat' dir='ltr'><strong>fortassis</strong></span> <span class='ocrx_word' id='word_1_782' title='bbox 2052 3221 2157 3264; x_wconf 74' lang='lat' dir='ltr'><strong>expli—</strong></span> 
     </span>
     <span class='ocr_line' id='line_1_103' title="bbox 1155 3266 2156 3315; baseline 0.006 -16"><span class='ocrx_word' id='word_1_783' title='bbox 1155 3266 1301 3299; x_wconf 79' lang='lat' dir='ltr'><strong>candum</strong></span> <span class='ocrx_word' id='word_1_784' title='bbox 1317 3280 1323 3297; x_wconf 93' lang='grc'>;</span> <span class='ocrx_word' id='word_1_785' title='bbox 1340 3267 1424 3300; x_wconf 75' lang='lat' dir='ltr'><strong>IVon</strong></span> <span class='ocrx_word' id='word_1_786' title='bbox 1446 3269 1531 3298; x_wconf 74' lang='lat' dir='ltr'><strong>enim</strong></span> <span class='ocrx_word' id='word_1_787' title='bbox 1558 3268 1659 3310; x_wconf 72' lang='lat' dir='ltr'><strong>ipsius</strong></span> <span class='ocrx_word' id='word_1_788' title='bbox 1682 3276 1773 3309; x_wconf 61' lang='grc' dir='ltr'>σαι,</span> <span class='ocrx_word' id='word_1_789' title='bbox 1790 3268 1823 3300; x_wconf 86' lang='lat' dir='ltr'><strong>id</strong></span> <span class='ocrx_word' id='word_1_790' title='bbox 1841 3277 1906 3309; x_wconf 79' lang='lat' dir='ltr'><strong>est,</strong></span> <span class='ocrx_word' id='word_1_791' title='bbox 1926 3282 1992 3304; x_wconf 89' lang='lat' dir='ltr'><strong>non</strong></span> <span class='ocrx_word' id='word_1_792' title='bbox 2009 3271 2080 3315; x_wconf 84' lang='lat' dir='ltr'><strong>ille,</strong></span> <span class='ocrx_word' id='word_1_793' title='bbox 2099 3275 2156 3307; x_wconf 81' lang='lat' dir='ltr'><strong>sed</strong></span> 
     </span>
     <span class='ocr_line' id='line_1_104' title="bbox 1159 3318 1647 3352; baseline 0 0"><span class='ocrx_word' id='word_1_794' title='bbox 1159 3319 1326 3352; x_wconf 83' lang='lat' dir='ltr'><strong>Barnabas</strong></span> <span class='ocrx_word' id='word_1_795' title='bbox 1342 3318 1433 3351; x_wconf 85' lang='lat' dir='ltr'><strong>illum</strong></span> <span class='ocrx_word' id='word_1_796' title='bbox 1451 3318 1647 3352; x_wconf 77' lang='lat' dir='ltr'><strong>adduxerat.</strong></span> 
     </span>
    </p>
   </div>
   <div class='ocr_carea' id='block_1_21' title="bbox 1926 3386 1975 3422">
    <p class='ocr_par' dir='ltr' id='par_1_21' title="bbox 1926 3386 1975 3422">
     <span class='ocr_line' id='line_1_105' title="bbox 1926 3386 1975 3422; baseline 0.041 -2"><span class='ocrx_word' id='word_1_797' title='bbox 1926 3386 1975 3422; x_wconf 71' lang='lat'><strong>18</strong></span> 
     </span>
    </p>
   </div>
  </div>
 </body>
</html>
