2466 3805
1047 183 1288 212 PRAEFATIO.
2150 189 2208 218 vll

222 356 301 393 Cur
319 355 501 393 Homilioe
518 357 558 392 in
574 355 614 393 A
617 363 681 393 cta
696 355 899 393 humiliore
914 355 1020 406 stylo
1040 357 1258 408 conscripta
1278 356 1507 403 videantur,
1530 370 1649 408 quam
1666 366 1812 398 coeteroe
1831 360 2111 409 Chrysostomi.

176 497 237 535 Ait
267 497 417 536 Photius
435 499 638 550 conciones,
656 514 743 551 quas
768 499 966 538 Antiochiae
988 500 1114 538 habuit
1133 500 1428 554 Chrysostomus,
1449 503 1644 542 ornatiores
1670 503 1907 556 cultioresque
1929 519 2002 543 esse
2024 505 2096 544 illis
2120 520 2210 557 quas

122 560 427 613 Constantinopoli
449 564 704 614 pronuntiavit.
730 563 840 612 Quod
870 573 909 601 ut
936 564 1135 616 plurimum
1165 578 1292 603 verum
1322 578 1395 603 esse
1427 566 1612 605 fatendum
1634 576 1696 605 est.
1729 567 1825 607 Cave
1846 577 1963 606 tamen
1984 568 2052 606 hoc
2072 568 2209 608 dictum

119 636 184 673 pro
203 637 324 661 norma
346 625 494 678 habeas,
519 635 553 665 et
579 626 665 665 hinc
692 641 830 679 semper
847 626 1026 679 judicium
1059 627 1244 665 ferendum
1269 641 1422 666 censeas.
1445 630 1537 667 Nam
1557 629 1587 668 is
1611 632 1686 682 ipse
1705 631 1877 681 Photius,
1899 632 1961 682 qui
1980 631 2072 669 hanc
2090 633 2210 684 posuit

118 692 306 733 tesseram,
340 686 514 726 Homilias
550 687 587 726 in
619 688 788 727 Genesim
819 688 911 725 inter
931 687 1120 725 incultiora
1152 688 1399 740 Chrysostomi
1427 703 1534 741 opera
1568 691 1720 742 locatas,
1754 692 2061 745 Constantinopoli
2096 692 2210 731 dictas

119 746 226 784 fuisse
244 747 457 796 affirmavit,
477 762 555 798 quae
574 758 690 787 tamen
712 748 909 786 Antiochiae
929 748 1134 797 certissime,
1156 749 1232 800 ipso
1254 748 1434 787 indicante
1455 751 1709 804 Chrysostomo
1723 783 1733 803 ,
1755 754 1887 792 habitae
1916 755 2074 792 fuerunt.
2099 754 2203 793 Nihi-

117 809 273 848 lominus
295 819 362 848 stat
381 810 492 858 illud,
513 810 608 860 quod
627 824 734 862 supra
751 810 888 847 dictum
908 819 976 859 est,
994 810 1187 848 Conciones
1206 824 1331 862 nempe
1349 810 1386 848 in
1407 813 1492 848 Acta
1505 841 1517 861 ,
1537 827 1615 864 quae
1635 814 1942 867 Constantinopoli
1963 816 2066 854 dictae
2090 817 2210 863 fuere,

117 870 209 908 inter
233 872 423 924 jejuniores
454 872 730 923 humilioresque
759 873 879 923 quoad
909 886 1074 924 magnam
1105 873 1161 910 sui
1188 882 1326 925 partem
1351 874 1609 925 computandas
1639 889 1740 914 esse:
1772 877 1811 914 id
1842 891 1926 916 vero
1944 878 2031 916 hinc
2051 880 2210 918 evenisse

116 942 284 984 putatur,
309 934 407 985 quod
430 934 663 987 imperatoriae
683 935 782 974 urbis
801 935 933 988 praesul
959 935 1168 974 constitutus
1195 935 1474 988 Chrysostomus
1501 946 1535 975 et
1561 938 1806 990 negotiorum,
1829 953 1907 990 quae
1926 948 2032 977 tantae
2052 941 2209 980 civitatis

115 1009 199 1033 cura
222 996 424 1045 adferebat,
442 999 534 1036 mole
554 998 723 1050 obrutus,
744 998 913 1037 ornandis
932 998 1180 1051 poliendisque
1199 999 1428 1038 concionibus
1448 1000 1603 1052 spatium
1622 1015 1691 1040 non
1712 1001 1878 1041 habuerit
1899 1018 1907 1039 :
1930 1003 2088 1042 maxime
2121 1018 2207 1043 vero

100 1053 215 1096 ‘annis
230 1060 309 1097 400
327 1069 360 1098 et
377 1061 447 1098 401
467 1091 477 1110 ,
502 1062 601 1112 queis
619 1061 759 1100 habitas
773 1071 941 1114 putamus
962 1062 1067 1100 hasce
1080 1062 1268 1112 homilias,
1287 1071 1327 1099 ut
1346 1076 1429 1101 mox
1451 1062 1602 1102 dicetur.
1629 1066 1735 1103 Tunc
1751 1065 1847 1103 enim
1873 1065 1991 1104 Gaina
2019 1074 2053 1103 et
2073 1066 2205 1105 Gothis

113 1121 271 1158 tumultu
302 1122 420 1160 omnia
447 1123 685 1175 replentibus,
709 1124 1006 1177 Chrysostomus,
1037 1124 1101 1175 qui
1120 1138 1243 1162 eorum
1262 1124 1446 1162 conatibus
1470 1139 1536 1177 pro
1565 1125 1665 1164 virili
1693 1126 1907 1175 obsistebat,
1938 1126 2057 1164 minus
2091 1141 2206 1179 operae

110 1184 324 1223 adornandis
338 1186 565 1225 concionibus
583 1187 758 1225 insumere
776 1187 939 1238 valebat,
962 1202 1025 1225 nec
1043 1187 1176 1225 mirum
1193 1187 1220 1225 si
1242 1187 1437 1240 praepedito
1457 1196 1508 1226 tot
1526 1188 1707 1240 tantisque
1725 1189 1877 1240 negotiis
1894 1188 2048 1239 artifice,
2068 1191 2205 1228 tumul-

111 1247 267 1285 tuarium
281 1248 417 1299 aliquid
428 1249 464 1287 in
485 1249 551 1288 hoc
569 1264 673 1302 opere
688 1250 986 1302 deprehendatur.
1009 1251 1090 1289 Alia
1110 1265 1195 1289 vero
1216 1251 1393 1303 perplexae
1413 1260 1447 1289 et
1466 1251 1649 1290 nonnullis
1668 1252 1705 1290 in
1720 1252 1807 1290 locis
1821 1251 1950 1289 hiulcae
1977 1251 2077 1290 seriei
2102 1266 2206 1290 causa

111 1324 179 1348 non
202 1311 263 1348 abs
282 1325 319 1349 re
346 1312 515 1360 affertur,
540 1313 635 1364 quod
660 1314 826 1352 videlicet
844 1314 1009 1361 librarii,
1044 1314 1106 1365 qui
1125 1313 1223 1351 dicta
1253 1313 1364 1351 sancti
1383 1312 1538 1351 doctoris
1554 1314 1770 1366 excipientes
1802 1314 2072 1364 describebant,
2092 1315 2128 1352 in
2149 1324 2208 1353 tu-

110 1372 312 1411 multuariis
332 1373 421 1423 illis,
440 1383 474 1412 et
502 1389 547 1413 ex
565 1384 723 1428 tempere
738 1376 887 1428 prolatis
907 1377 1115 1414 concionum
1136 1376 1324 1428 partibus,
1347 1375 1410 1413 alii
1438 1375 1540 1413 aliud
1563 1377 1838 1415 conscriberent.
1862 1376 1955 1415 Hinc
1974 1376 2071 1414 haud
2093 1376 2204 1416 dubie

111 1444 187 1473 orta
206 1444 257 1473 cst
272 1436 335 1474 illa
357 1446 454 1476 tanta
472 1438 645 1488 varietas,
664 1453 743 1490 quae
764 1440 800 1476 in
825 1439 1017 1477 Codieibus
1038 1439 1102 1477 has
1122 1439 1289 1477 homilias
1305 1438 1534 1476 efferentibus
1552 1439 1774 1479 observatur.
1797 1441 1847 1478 Ut
1862 1439 1959 1477 enim
1978 1439 2015 1478 in
2046 1439 2118 1477 ima
2141 1455 2206 1492 pa—

110 1496 192 1548 gina
211 1497 399 1547 aliquoties
422 1500 645 1549 monuimus,
666 1509 762 1538 tanta
781 1500 818 1538 in
838 1501 1095 1553 Manuscriptis
1126 1500 1280 1539 occurrit
1298 1500 1492 1538 lectionum
1510 1499 1721 1550 diversitas,
1740 1509 1781 1539 ut
1807 1500 1835 1538 si
1859 1499 1979 1538 omnia
1997 1499 2206 1552 exscripsis—

109 1573 240 1611 semus,
264 1575 394 1601 novam
419 1564 546 1601 seriem
565 1563 794 1602 concionibus
816 1564 1039 1615 longitudine
1056 1578 1145 1616 pene
1163 1576 1286 1616 parem
1313 1563 1555 1601 attulissemus
1566 1579 1578 1613 3
1600 1563 1708 1614 idque
1727 1563 1827 1601 nullo
1848 1563 1980 1600 fructu.
2001 1561 2202 1601 Varietates

108 1624 203 1662 enim
222 1625 294 1663 illae
311 1634 384 1664 tam
403 1627 612 1678 frequentes,
633 1628 692 1666 vel
710 1627 872 1666 ordinem
892 1627 1084 1667 verborum
1105 1626 1270 1680 periodos
1293 1626 1586 1665 constituentium
1601 1625 1787 1666 diversum
1801 1627 1952 1665 efferunt
1969 1625 2205 1676 solummodo,

108 1688 165 1726 vel
177 1702 396 1742 synonymas
412 1704 516 1728 voces
532 1691 771 1743 suppeditant.
791 1692 915 1743 Neque
928 1691 1068 1729 animus
1087 1699 1160 1729 erat
1178 1699 1316 1728 tantam
1334 1704 1481 1743 operum
1495 1689 1748 1743 Chrysostomi
1770 1690 1916 1740 molem,
1931 1697 2101 1741 quantam
2117 1689 2205 1729 scri-

107 1758 252 1803 ptorum
270 1752 390 1791 nullus
420 1766 578 1803 unquam
598 1752 867 1805 suppeditavit,
889 1753 1077 1806 superfluis
1097 1752 1360 1791 accessionibus
1381 1766 1524 1804 augere.

159 1815 281 1852 Unum
296 1823 402 1853 restat
416 1815 690 1867 explorandum,
712 1830 776 1853 cur
790 1829 918 1867 nempe
935 1817 1088 1854 Joannes
1107 1824 1224 1853 noster
1242 1813 1278 1852 in
1295 1814 1461 1852 omnibus
1481 1814 1552 1852 fere
1566 1813 1605 1852 in
1625 1816 1714 1853 Acta
1736 1813 1991 1864 Concionibus,
2011 1821 2199 1866 postquam

105 1878 190 1915 libri
213 1877 408 1916 versiculos
427 1878 667 1931 explanandos
683 1878 835 1931 protulit
855 1893 896 1916 ac
916 1878 1020 1917 brevi
1046 1877 1337 1930 interpretatione
1362 1876 1534 1927 donavit,
1561 1876 1671 1915 aliam
1692 1877 1864 1927 illamque
1882 1876 2027 1917 brevem
2059 1890 2202 1914 eorum-

105 1940 187 1978 dem
214 1941 473 1979 versiculorum
500 1941 774 1993 explicationem
800 1941 1032 1992 aggrediatur
1047 1970 1058 1990 ,
1078 1940 1148 1977 hoc
1174 1940 1230 1978 vel
1257 1940 1368 1976 simili
1392 1939 1576 1991 praemisso
1600 1938 1720 1988 dicto,
1745 1938 1824 1976 ἀλλ’
1848 1939 1978 1988 ἴδωμεν
2005 1939 2135 1977 ἄνωθεν
2158 1940 2202 1977 τὰ

107 2004 293 2055 εἰρημένα,
313 2005 381 2041 sed
400 2007 571 2054 superius
591 2005 697 2040 dicta
716 2011 931 2054 repetamus
950 2018 959 2039 ε
980 2002 1019 2039 id
1038 2001 1135 2052 quod
1159 2001 1194 2038 in
1209 2000 1289 2038 aliis
1312 2000 1420 2038 nullis
1441 2001 1517 2051 ejus
1539 1999 1577 2038 in
1598 1999 1823 2052 Scripturam
1843 2013 1980 2038 sacram
2007 2000 2201 2038 Commen-

105 2067 206 2103 tariis
220 2066 440 2104 observatur.
457 2067 537 2117 Ipse
555 2066 702 2103 fortasse
721 2065 997 2117 Chrysostomus
1013 2065 1122 2116 hujus
1139 2063 1318 2102 solvendae
1337 2063 1542 2114 quaestionis
1562 2063 1709 2102 modum
1729 2063 2030 2112 subministravit,
2058 2063 2203 2113 quando

105 2127 141 2165 in
161 2128 287 2180 primae
307 2127 484 2166 concionis
503 2127 680 2179 principio
703 2127 773 2178 ait,
798 2129 967 2164 Actorum
986 2126 1120 2163 librum
1140 2125 1188 2162 ita
1209 2125 1372 2176 ignotum
1388 2124 1594 2162 auditorum
1614 2123 1793 2176 plerisque
1814 2137 1905 2174 esse,
1929 2131 1969 2160 ut
1988 2137 2032 2160 ne
2053 2123 2201 2173 quidem

106 2190 269 2227 noverint
290 2204 333 2227 an
353 2198 485 2237 exstet,
524 2198 557 2227 et
575 2203 619 2226 an
641 2189 691 2226 ita
710 2189 884 2241 pretiosus
906 2188 997 2226 liber
1017 2187 1108 2225 inter
1134 2187 1293 2225 Biblicos
1314 2194 1530 2239 compareat.
1553 2187 1605 2224 Ut
1623 2185 1734 2237 igitur
1753 2185 1866 2236 ignoti
1885 2194 1985 2223 antea
2011 2185 2097 2223 libri
2119 2186 2199 2238 ple-

105 2252 240 2289 niorem
264 2252 426 2290 notitiam
447 2251 661 2301 inculcaret,
680 2260 760 2303 post
781 2250 936 2303 priorem
960 2249 1270 2302 explanationem,
1292 2249 1440 2286 alteram
1466 2247 1661 2300 adjecerit,
1687 2247 1784 2298 quod
1798 2248 2037 2299 extemporale
2059 2247 2200 2286 addita-

103 2323 259 2353 mentum
274 2316 486 2368 plerumque
505 2315 712 2353 intricatum
727 2323 760 2352 et
779 2327 1036 2364 nonnunquam
1066 2312 1231 2350 hiulcum
1255 2321 1320 2350 est.
1355 2311 1439 2349 Haec
1470 2311 1565 2350 enim
1593 2309 1681 2364 styli
1699 2310 1919 2362 perplexitas
1942 2310 1978 2348 in
2008 2310 2063 2349 his
2083 2312 2199 2349 maxi-

104 2395 160 2417 me
179 2377 430 2418 additamentis
449 2377 673 2414 observatur.
697 2376 729 2413 N
732 2389 790 2413 am
808 2375 935 2424 ἠθικὰ,
962 2384 995 2412 et
1010 2389 1049 2412 ea
1062 2388 1140 2425 quae
1161 2374 1209 2412 ad
1229 2388 1345 2412 mores
1363 2372 1605 2411 informandos
1625 2381 1705 2424 post
1720 2372 1963 2410 additamenta
1984 2382 2197 2423 sequuntur,

102 2457 202 2481 suam
218 2455 356 2494 semper
368 2448 509 2481 servant
524 2439 758 2492 dignitatem,
777 2448 810 2477 et
833 2452 914 2479 vere
933 2437 1183 2491 Chrysostomi
1201 2437 1440 2490 eloquentiam
1457 2435 1710 2489 utplurimum
1730 2435 1855 2475 saltem
1874 2450 1946 2488 prae
1967 2449 2003 2474 se
2023 2436 2150 2475 ferunt.

628 2599 711 2650 Quo
733 2611 840 2637 anno
863 2598 923 2636 hae
945 2599 987 2635 in
1009 2596 1118 2635 Aeta
1140 2596 1326 2636 Homilioe
1345 2594 1670 2647 habitoefuerint.

152 2725 234 2777 Ipso
262 2725 517 2778 Chrysostomo
547 2724 639 2763 duee
663 2733 696 2763 et
724 2724 844 2762 locum
864 2732 898 2762 et
916 2735 1051 2761 annum
1080 2721 1269 2760 statuimus
1290 2750 1300 2770 ‚
1323 2733 1393 2772 quo
1412 2718 1478 2756 has
1498 2717 1682 2756 conciones
1703 2715 1840 2755 hahuit.
1865 2716 1944 2755 Non
1963 2716 2071 2754 semel
2099 2717 2192 2755 enim

101 2787 235 2826 indicat
246 2802 282 2826 se
295 2789 501 2841 episcopum
519 2796 553 2826 et
571 2788 608 2826 in
627 2787 820 2840 episcopali
835 2786 924 2825 solio
946 2785 1126 2824 sedentem
1142 2783 1346 2823 concionari
1367 2797 1375 2819 t
1396 2781 1712 2830 indubitatumque
1730 2787 1782 2817 est
1808 2778 1914 2816 hasce
1943 2779 2126 2817 conciones
2154 2780 2190 2818 in

102 2850 500 2903 Constantinopolitanis
517 2850 704 2890 censendas
726 2864 812 2889 esse.
836 2849 972 2888 Habuit
1002 2857 1121 2887 autem
1143 2848 1222 2886 illas
1249 2860 1341 2885 anno
1361 2845 1586 2898 episcopatus
1606 2843 1660 2882 sui
1680 2842 1804 2891 tertio,
1836 2851 1876 2880 ut
1902 2841 2111 2880 testificatur
2130 2842 2192 2880 ille

101 2913 256 2952 Homilia
273 2914 543 2966 quadragesima
561 2923 687 2966 quarta
705 2928 744 2967 p.
765 2914 841 2953 555
855 2944 867 2962 ,
883 2915 917 2952 D
943 2929 951 2950 ε
984 2912 1056 2951 ἰδοὺ
1083 2914 1126 2964 τῇ
1148 2911 1270 2964 χάριτι
1297 2913 1357 2948 τοῦ
1384 2911 1476 2948 Θεοῦ
1500 2907 1559 2947 καὶ
1589 2909 1692 2957 ἡμεῖς
1719 2905 1840 2944 λοιπὸν
1867 2904 2019 2958 τριετίαν
2048 2904 2188 2957 ἔχομεν,

100 2975 205 3014 νύκτα
225 2977 287 3028 μὲν
313 2978 372 3016 καὶ
392 2977 527 3030 ἡμέραν
546 2979 583 3016 οὔ
602 2979 896 3030 παρακαλοῦντες,
916 2976 974 3015 διὰ
992 2979 1096 3029 τριῶν
1113 2975 1147 3014 δὲ
1167 2973 1337 3017 πολλάκις
1356 2973 1497 3025 ἡμερῶν
1516 2969 1539 3018 ἢ
1559 2969 1603 3008 δι’
1623 2969 1713 3008 ἑπτὰ
1739 2973 1840 3007 τοῦτο
1860 2972 2037 3011 ποιοῦντες
2055 2983 2064 3004 ²
2086 2970 2190 3007 Ecce

99 3043 348 3092 pergratiam
369 3042 444 3079 Dei
470 3055 538 3079 nos
561 3044 768 3080 triennium
780 3043 869 3094 jam
890 3041 1096 3086 habemus,
1127 3051 1204 3076 non
1225 3037 1380 3089 quidem
1403 3042 1514 3073 nocte
1533 3042 1568 3071 et
1589 3033 1651 3070 die
1672 3032 1894 3078 hortantes,
1917 3031 1985 3069 sed
2003 3039 2089 3081 post
2111 3039 2187 3070 tres

100 3116 198 3154 soepe
217 3104 316 3149 dies,
342 3105 409 3142 vel
421 3114 507 3157 post
526 3113 669 3157 septem
689 3105 760 3143 hoc
765 3105 979 3158 facientes.
1001 3102 1074 3141 Ubi
1095 3101 1258 3140 observes
1275 3097 1387 3148 illud,
1404 3095 1557 3149 τριετίαν
1579 3095 1715 3148 ἔχοντες
1728 3124 1738 3143 ,
1756 3095 1964 3162 triennium
1982 3094 2182 3144 hahentes,

101 3165 130 3203 si
147 3164 287 3204 literam
304 3168 482 3217 sequaris,
502 3168 703 3219 significare
721 3167 1019 3220 Chrysostomum
1036 3164 1072 3203 in
1094 3164 1299 3216 episcopatu
1316 3162 1391 3214 jam
1410 3158 1605 3198 triennium
1623 3170 1806 3195 emensum
1825 3155 1933 3193 fmsse
1946 3184 1957 3205 ,
1977 3155 2185 3225 quando-ad

100 3227 191 3266 hanc
209 3228 516 3281 quadragesimam
541 3239 703 3282 quartam
732 3229 921 3268 homiliam
939 3227 1101 3282 pervenit
1115 3243 1128 3278 3
1150 3239 1303 3277 cumque
1331 3223 1609 3276 Chrysostomus
1628 3220 1665 3258 in
1684 3219 1805 3258 sedem
1825 3218 2184 3288 Constant1n01201ita-

102 3303 182 3328 nam
200 3302 341 3331 evectus
358 3293 463 3331 fuerit
476 3308 567 3332 anno
583 3293 680 3344 598,
699 3293 827 3331 mensis
842 3291 1028 3331 Februarii
1075 3290 1134 3329 die
1153 3289 1324 3341 vigesimo
1344 3295 1463 3336 sexto,
1479 3285 1564 3322 hinc
1584 3291 1788 3334 sequeretur
1807 3281 1938 3350 dictam
1959 3280 2057 3318 illam
2074 3281 2182 3351 fuisse

101 3365 190 3391 anno
210 3354 297 3391 401.
318 3356 363 3393 At
384 3365 621 3407 praeterquam
636 3356 734 3408 quod
753 3370 822 3395 non
843 3355 987 3395 omnino
1011 3363 1147 3394 constat
1166 3353 1224 3392 hic
1244 3360 1410 3390 exactum
1429 3348 1608 3387 triennum
1627 3345 1757 3384 diserte
1777 3353 1913 3391 notari,
1929 3345 2004 3396 jam
2023 3357 2114 3396 saepe
2128 3358 2182 3382 vl-
