2466 3805
694 288 737 315 ΙΝ
778 288 892 317 ACTA
934 287 1279 317 APOSTOLORUM.

116 382 233 430 ἐπειδὴ
255 382 354 434 λόγον
383 384 443 420 οὐκ
469 381 743 435 ἐγκεχείρισται,
773 382 826 420 ὅτι
855 385 892 420 οὐ
918 382 1038 436 χρείαν
1058 382 1131 435 ἔχει

113 443 234 496 σοφίας
253 446 271 481 ὃ
290 448 459 486 τοιοῦτος·
487 443 610 496 χρῄζει
640 443 706 497 γὰρ
736 443 796 482 καὶ
826 445 972 490 πολλῆς.
1008 443 1132 495 εΗμεῖς

115 503 175 552 δὲ,
209 504 313 556 φησὶ,
340 507 383 556 τῇ
410 507 589 556 προσευχῇ
612 504 671 542 καὶ
700 507 743 556 τῇ
773 505 930 557 διακονίᾳ
950 504 1132 556 τοῦλόγου

114 565 479 618 προσκαρτερήσομεν.
516 565 586 602 Καὶ
615 565 804 617 ἀρχόμενοι
824 565 884 603 καὶ
905 567 1132 607 τελευτῶντες

115 627 381 675 ἀπολογοῦνται.
411 626 786 679 Προσκαρτερήσομεν,
805 625 920 678 φησίν.
945 625 1050 664 Οὕτω
1065 625 1133 677 γὰρ

113 686 199 734 ἔδει,
219 689 284 738 οὐχ
294 688 413 730 ἁπλῶς
428 687 504 725 οὐδὲ
521 690 567 730 ὡς
583 686 703 739 ἔτυχεν
714 717 723 734 ,
741 687 831 725 ἀλλὰ
850 691 1131 739 προσκαρτερεῖν.

114 747 184 786 Καὶ
203 747 318 800 ἤρεσε,
338 747 440 799 φησὶν
456 776 465 794 ,
499 750 516 785 ὃ
537 747 637 799 λόγος
655 746 799 785 ἐνώπιον
819 747 947 789 παντὸς
965 749 1025 783 τοῦ
1044 745 1134 791 πλή-

117 812 208 851 θους.
248 808 317 845 Καὶ
339 811 440 846 τοῦτο
469 811 531 854 τῆς
557 810 668 845 αὐτῶν
700 807 822 859 σοφίας
848 806 954 850 ἄξιον.
993 806 1132 848 Πάντες

115 868 287 919 ἐπῄνεσαν
315 868 354 906 τὸ
385 868 525 919 λεχθέν·
559 867 666 910 οὕτως
683 862 724 913 ἦν
745 866 897 904 συνετόν.
931 866 1002 904 Καὶ
1022 866 1132 910 ἐξελέ-

116 927 229 977 ξαντο,
250 929 335 981 φησί
356 928 475 980 (πάλιν
497 927 593 965 αὐτοὶ
612 927 838 978 ἐκλέγονται),
859 925 1049 977 Στέφανον,
1075 926 1134 963 ἅν-

116 990 181 1042 δρα
200 990 318 1043 πλήρη
339 989 488 1029 πίστεως
510 987 569 1025 καὶ
589 987 794 1037 Πνεύματος
823 986 919 1037 ἁγίου
935 1016 944 1033 ,
978 985 1037 1023 καὶ
1057 985 1131 1023 Φί-

115 1053 242 1089 λιππον
257 1051 316 1088 καὶ
329 1049 521 1101 Πρόχορον,
535 1048 594 1085 καὶ
611 1047 803 1099 Νικάνορα,
820 1047 878 1084 καὶ
893 1045 1057 1096 Τίμωνα,
1074 1045 1134 1083 καὶ

114 1113 303 1163 Παρμενᾶν
317 1141 327 1158 ,
343 1109 402 1147 καὶ
426 1107 597 1147 Νικόλαον
623 1107 839 1159 προσήλυτον
866 1106 1056 1158 Ἀντιοχέα·
1078 1106 1135 1150 οὒς

113 1170 263 1218 ἔστησαν
293 1169 438 1208 ἐνώπιον
467 1171 535 1206 τῶν
559 1167 774 1206 ἀποστόλων.
809 1167 877 1206 Καὶ
897 1167 1134 1219 προσευξάμε-

113 1245 164 1268 νοι
192 1229 362 1277 ἐπέθηκαν
389 1231 504 1272 αὐτοῖς
533 1228 594 1272 τὰς
622 1235 755 1280 χεῖρας.
793 1228 859 1266 Ἐκ
875 1229 997 1267 τούτου
1018 1229 1134 1276 δῆλον,

112 1290 165 1328 ὅτι
182 1290 359 1343 ἀφώρισαν
378 1289 498 1333 αὐτοὺς
513 1294 572 1328 τοῦ
585 1290 749 1338 πλήθους,
772 1289 831 1328 καὶ
848 1290 945 1328 αὐτοὶ
962 1289 1133 1338 ἕλκουσιν,

113 1353 178 1404 οὐχ
195 1354 226 1389 οἱ
250 1351 436 1390 ἀπόστολοι
454 1351 608 1401 ἄγουσιν.
627 1349 735 1404 ΕὈρα,
753 1353 827 1394 πῶς
845 1353 906 1388 οὐκ
920 1350 994 1389 ἔστι
1013 1366 1135 1402 περιτ-

113 1413 170 1456 τὸς
202 1415 245 1450 ⁰6
269 1411 501 1465 συγγραφεύς·
530 1414 567 1449 οὐ
595 1410 662 1463 γὰρ
681 1411 774 1463 λέγει
799 1413 885 1458 πῶς,
907 1411 985 1449 ἀλλ’
1002 1413 1133 1459 ἁπλῶς,

113 1474 166 1512 ὅτι
183 1474 491 1527 ἐχειροτονήθησαν
514 1472 570 1510 διὰ
588 1475 798 1526 προσευχῆς·
814 1477 914 1511 τοῦτο
929 1472 997 1524 γὰρ
1018 1476 1039 1519 ἡ
1055 1489 1134 1525 χει·

115 1535 250 1588 ροτονία
277 1535 384 1572 ἐστίν.
421 1534 466 1572 ‘H
496 1534 574 1586 χεὶρ
597 1533 768 1572 ἐπίκειται
789 1537 847 1572 τοῦ
869 1534 989 1586 ἀνδρὸς
1005 1564 1014 1582 ,
1039 1534 1079 1572 τὸ
1098 1533 1133 1572 δὲ

113 1603 183 1634 πᾶν
205 1598 222 1633 ὁ
241 1595 330 1639 Θεὸς
346 1595 539 1647 ἐργάζεται,
556 1596 615 1633 καὶ
629 1598 651 1641 ἡ
670 1595 774 1633 αὐτοῦ
790 1594 866 1647 χείρ
883 1596 974 1632 ε’στιν
989 1598 1010 1641 ἡ
1029 1595 1135 1633 ἁπτο-

115 1657 201 1709 μένη
229 1659 291 1703 τῆς
317 1658 470 1709 κεφαλῆς
498 1660 557 1695 τοῦ
589 1655 913 1708 χειροτονουμένου,
941 1655 999 1693 ἐὰν
1019 1658 1066 1698 ὡς
1085 1657 1135 1693 δεῖ

113 1720 367 1769 χειροτονῆται.
399 1717 470 1755 Καὶ
489 1719 505 1754 ὃ
524 1716 643 1767 λόγος,
675 1716 777 1768 φησὶ,
807 1721 866 1755 τοῦ
886 1719 976 1755 Θεοῦ
996 1715 1134 1765 ηὔξανε,

114 1777 174 1815 καὶ
194 1777 406 1823 ἐπληθύνετο
425 1780 442 1814 ὅ
461 1777 604 1829 ἀριθμὸς
627 1780 694 1814 τῶν
713 1779 890 1827 μαθητῶν.
922 1779 1001 1829 Οὐχ
1016 1778 1135 1820 ἁπλῶς

114 1832 189 1876 εἷπε
213 1842 333 1887 τοῦτο,
369 1840 446 1876 ἀλλ’
473 1840 529 1875 ἵνα
555 1837 673 1890 δείξῃ,
688 1837 751 1883 ὅση
777 1841 839 1885 τῆς
859 1837 1091 1888 ε’λεημοσύνης
1111 1841 1132 1884 ἡ

114 1898 209 1951 ἷσχυς
228 1916 286 1937 και
299 1916 359 1946 της
373 1898 572 1943 διατάξεως.
587 1899 656 1938 Και
673 1916 714 1949 υ.-
701 1899 791 1937 έλλει
805 1899 925 1937 λοιπὸν
941 1899 1134 1950 διηγεῖσθαι

112 1960 157 1999 τὰ
185 1961 275 1998 κατὰ
294 1961 490 2013 Στέφαᾚον
521 1961 573 1998 διὸ
586 1960 646 1998 καὶ
665 1960 726 2003 τὰς
747 1959 859 2003 αἰτίας
879 1961 991 1998 αὐτων
1011 1960 1133 2013 προτί-

1319 288 1472 317 nomn„
1514 288 1607 317 xiv.
2099 278 2180 319 1¹53

1201 382 1352 420 verbum
1372 396 1440 420 non
1459 383 1545 435 ipsis
1565 381 1808 420 concreditum
1837 383 1965 432 fuerat,
1993 396 2062 420 non
2095 398 2182 435 opus

1202 442 1366 481 habuisse
1390 443 1590 495 sapientia:
1622 444 1733 481 multa
1762 452 1854 481 certe
1889 457 1980 495 opus
2013 443 2180 482 habuere.

1201 505 1281 541 Nos
1301 518 1394 542 vero
1415 507 1583 542 orationi
1595 514 1631 542 et
1650 507 1862 543 ministerio
1891 507 2003 542 verbi
2029 508 2179 543 instan-

1202 573 1256 602 tes
1269 567 1419 603 erimus.
1436 565 1504 602 Et
1494 565 1596 603 initio
1613 574 1645 603 et
1656 565 1726 603 fine
1741 579 1812 603 sese
1826 574 2005 604 excusant.
2025 568 2051 603 Ι
2050 575 2183 604 nstan-

1202 633 1256 662 tes
1276 628 1430 675 erimus,
1469 626 1645 676 inquiunt.
1679 626 1738 664 Sic
1763 626 1857 664 enim
1880 627 2078 679 oportebat,
2113 641 2182 665 non

1199 684 1337 733 leviter,
1350 700 1419 723 non
1441 695 1644 737 utcumque,
1660 686 1720 724 sed
1740 701 1822 725 cum
1832 688 2102 739 perseverantia.
2128 690 2183 726 Et

1198 746 1360 797 placuit,
1376 746 1504 796 inquit,
1519 761 1641 784 sermo
1655 761 1785 785 coram
1799 751 1904 786 omni
1917 750 2179 787 multitudine.

1201 805 1250 842 Et
1262 805 1329 842 hoc
1347 805 1492 843 illorum
1504 807 1708 858 sapientiam
1723 807 1880 845 decebat.
1902 809 2034 847 Omnes
2046 810 2184 847 dictum

1157 873 1181 902 D
1202 865 1394 903 laudarunt
1403 881 1422 914 ;
1439 866 1486 903 ita
1505 867 1696 918 prudentia
1715 868 1862 919 plenum
1880 878 1965 906 erat.
1982 871 2019 907 E
2023 879 2037 907 t
2063 871 2184 922 elege-

1202 934 1306 972 runt,
1342 926 1458 976 inquit
1492 927 1732 978 (rursumipsi
1747 928 1909 978 eligunt),
1931 929 2180 980 Stephanum,

1201 987 1267 1022 vir
1269 999 1332 1022 um
1345 986 1503 1036 plenum
1508 987 1548 1038 s
1536 987 1597 1023 de
1612 995 1646 1024 et
1659 987 1803 1038 Spiritu
1815 996 1964 1037 sancto,
1978 998 2014 1026 et
2033 991 2184 1042 Philip-

1199 1056 1304 1093 pum,
1327 1051 1365 1080 et
1376 1045 1630 1090 prochorum,
1656 1053 1694 1082 et
1709 1046 1960 1096 Nicanorem,
1992 1055 2029 1084 et
2059 1049 2092 1084 T
2091 1050 2186 1085 imo—

1205 1114 1303 1148 nem,
1326 1109 1362 1138 et
1382 1102 1634 1148 Parmenam,
1660 1111 1697 1139 et
1712 1103 1922 1140 Nicolaum
1943 1106 2187 1155 proselytum

1203 1158 1495 1197 Antiochenam
1510 1176 1520 1196 .-
1542 1174 1637 1212 quos
1651 1169 1870 1199 statuerunt
1885 1175 2016 1200 coram
2036 1172 2186 1215 aposto-

1205 1219 1263 1256 lis.
1286 1220 1339 1256 Et
1355 1228 1509 1258 orantes
1529 1223 1791 1272 imposuerunt
1810 1221 1890 1259 illis
1922 1236 2074 1261 manus.
2096 1224 2187 1261 Hinc

1203 1279 1323 1331 palam
1331 1289 1396 1329 est,
1411 1280 1506 1331 quod
1519 1281 1784 1333 segregaverint
1800 1282 1880 1320 illos
1896 1297 1916 1320 a
1928 1284 2157 1322 multitudine
2174 1301 2183 1334 3

1203 1349 1237 1378 et
1251 1340 1306 1378 illi
1325 1341 1486 1391 trahunt,
1505 1356 1573 1379 non
1585 1343 1734 1394 apostoli
1756 1342 1903 1381 ducunt.
1942 1344 2050 1392 Vide,
2080 1360 2187 1396 quam

1204 1416 1273 1440 non
1290 1404 1468 1455 superflue
1495 1403 1648 1456 scriptor
1663 1404 1831 1454 loquatur
1854 1421 1863 1442 :
1883 1419 1952 1444 non
1983 1407 2078 1444 enim
2101 1407 2190 1445 dicit

1204 1463 1381 1515 quomodo
1396 1494 1407 1513 ,
1441 1464 1502 1502 sed
1540 1465 1752 1517 simpliciter
1787 1466 1883 1516 quod
1914 1467 2068 1505 ordinati
2111 1469 2184 1506 sint

1158 1540 1182 1569 Ε
1204 1539 1268 1577 per
1301 1525 1496 1563 orationem
1514 1542 1521 1562 ε
1542 1525 1610 1563 hoc
1632 1526 1726 1563 enim
1761 1536 1816 1564 est
1842 1527 2028 1566 ordinatio.
2059 1531 2189 1567 Manus

1207 1585 1278 1625 viri
1326 1587 1579 1639 superponitur
1588 1602 1600 1637 3
1642 1595 1756 1624 totum
1794 1601 1880 1626 vero
1924 1589 2020 1626 Deus
2057 1603 2187 1641 opera—

1204 1655 1275 1697 tur,
1291 1648 1436 1700 ejusque
1470 1661 1596 1686 manus
1633 1657 1684 1686 est
1701 1662 1779 1698 quae
1798 1648 1913 1701 tangit
1943 1659 2050 1702 caput
2087 1651 2188 1688 ordi-

1205 1707 1291 1757 nati,
1321 1708 1351 1746 si
1389 1707 1692 1758 quemadmodum
1729 1718 1867 1760 oportet
1907 1709 2102 1748 ordinetur.
2136 1713 2190 1750 Et

1200 1782 1337 1815 sermo,
1358 1768 1489 1819 inquit,
1525 1770 1602 1805 Dei
1631 1771 1841 1817 crescebat,
1877 1779 1915 1808 et
1955 1771 2192 1823 multiplica-

1206 1831 1323 1867 batur
1337 1844 1518 1868 numerus
1527 1830 1816 1881 discipulorum.
1830 1831 1909 1869 Non
1923 1831 1997 1870 sine
2007 1846 2111 1871 causa
2125 1833 2193 1872 hoc

1205 1889 1321 1939 dixit,
1341 1890 1404 1928 sed.
1424 1900 1462 1928 ut
1478 1890 1688 1941 ostenderet,
1705 1900 1836 1941 quanta
1855 1891 1900 1929 sit
1915 1892 2144 1945 eleemosynae
2160 1903 2194 1932 et

1203 1951 1288 1989 boni
1307 1952 1443 1990 oidinis
1464 1952 1592 1990 virtus.
1614 1953 1663 1989 Ac
1683 1951 1850 2004 deinceps
1876 1967 1954 2003 quae
1969 1954 2193 2006 Stephanum

114 2024 213 2067 θησι
234 2021 301 2059 Καὶ
317 2021 453 2066 πολλοὶ,
470 2020 568 2072 φησὶ,
587 2023 655 2057 τῶν
676 2020 794 2072 ἱερέων
815 2020 989 2067 ὓπηχουον
1009 2024 1052 2072 τῇ
1073 2021 1131 2059 πί-
1147 2035 1192 2060 115
1205 2020 1362 2063 spectant
1381 2020 1590 2050 narraturus
1615 2020 1686 2061 est3
1718 2011 1798 2049 ideo
1831 2021 1863 2050 et
1898 2027 2019 2052 causas
2043 2015 2192 2053 illorum

113 2097 199 2120 στει.
235 2081 378 2128 Ἐπειοὴ
402 2080 469 2132 γὰρ
490 2082 576 2119 εἶδον
596 2097 652 2118 τον
672 2081 823 2133 ἄρχοντα
843 2096 902 2118 και
922 2081 1130 2120 ὃιοοίσκαλον

110 2146 220 2180 ταῦτα
239 2142 516 2194 ἀπο-οηνάμενον,
532 2141 601 2180 ἀπο
614 2144 681 2179 τῶν
700 2140 809 2193 ἔργων
825 2141 944 2179 λοιπὸν
966 2141 1028 2188 την
1049 2149 1126 2180 πεῖ·

113 2220 174 2256 ραν
194 2203 400 2253 ἐλάμὲανον.
433 2202 501 2241 Καὶ
527 2201 703 2253 θαυμάσαι
722 2201 834 2248 ἄξιον,
854 2204 929 2245 πῶς
950 2204 1011 2240 οὐκ
1031 2202 1130 2255 ἐσχί-

111 2269 174 2310 σθη
190 2265 228 2302 τὸ
239 2266 366 2310 πλῆθος
382 2265 415 2301 ἕν
426 2266 470 2314 τῇ
486 2262 616 2314 αἱρέσει
628 2265 695 2300 τῶν
714 2263 860 2314 ἀνδρῶν,
877 2264 950 2305 πῶς
967 2265 1029 2301 οὐκ
1042 2266 1110 2302 ἀπε
1121 2285 1130 2289 <

111 2323 371 2375 δοκιμασθησαν
399 2324 456 2361 ὑπ’
493 2324 604 2360 αὐτων
636 2324 667 2360 οἱ
689 2323 888 2361 ἀπόστολοι
924 2323 1069 2362 Ὁποῖον
1096 2324 1131 2363 οε

109 2385 177 2437 ἄρα
196 2384 236 2429 αξ
241 2385 333 2435 ίωυ.α
353 2388 446 2435 εἰχον
463 2388 570 2431 ουτοι,
592 2399 651 2421 και
670 2383 772 2422 ποίαν
793 2383 952 2428 ἐδέξαντο
968 2400 1129 2437 χειροτο

107 2446 193 2494 νίαν,
223 2449 288 2484 ἀνα
290 2451 410 2497 (καῖον
453 2449 586 2494 μαθεῖν.
623 2438 711 2497 ’Ἆρα
740 2444 803 2492 τὴν
831 2462 899 2483 των
932 2446 1127 2496 διακόνων;

107 2506 176 2546 Και
203 2506 269 2557 μην
288 2521 388 2544 τουτο
407 2508 440 2544 ἐν
459 2511 535 2548 ταῖς
560 2505 788 2553 Ἐκκλησίαις
807 2508 868 2544 ουκ
887 2506 979 2545 ἔστιν
996 2536 1006 2554 ,
1038 2507 1129 2546 ἀλλὰ

104 2571 171 2606 τῶν
193 2567 435 2621 πρεσὸυτέρων
465 2567 556 2606 ἐστὶν
586 2570 608 2613 ἡ
637 2567 837 2618 οἰκονομία·
857 2568 973 2606 καίτοι
991 2568 1128 2607 οὐδέπω

1019 2628 1127 2669 εὈθεν

105 2690 183 2728 οὔτε
211 2688 402 2737 διακόνων,
438 2688 515 2727 οὔτε
549 2689 793 2743 πρεσὸυτέρων
825 2684 923 2740 οἶμαι
949 2690 988 2728 τὸ
1018 2691 1127 2742 ὄνομα

108 2628 216 2672 οὐδεὶς
234 2627 420 2671 ἐπίσκοπος
439 2622 494 2674 ἦν,
517 2627 594 2666 ἀλλ’
614 2630 644 2665 οἱ
666 2627 853 2667 ἀπόστολοι
874 2628 988 2680 μόνον.

105 2744 192 2789 εἶναι
211 2751 313 2796 δῆλον
336 2750 395 2788 καὶ
414 2749 558 2803 φανερόν
570 2765 577 2772 ·
598 2749 688 2788 ἀλλὰ
705 2750 792 2794 τέως
806 2753 855 2794 εἷς
870 2754 971 2789 τοῦτο
988 2754 1125 2804 ἐχειρο-

104 2812 309 2858 τονήθησαν.
321 2812 390 2851 Καὶ
408 2813 473 2862 οὐχ
491 2812 609 2854 ἁπλῶς
625 2811 922 2863 ἐνεχειρίσθησαν,
944 2812 1127 2852 ἀλλ’ἓπεύ-

107 2871 205 2915 ξαντο
229 2875 344 2916 αὐτοῖς
362 2872 520 2923 γενέσθαι
536 2871 692 2922 δύναμιν.
723 2871 820 2925 '‘Opoe
840 2871 876 2909 δέ
900 2889 970 2922 μοι,
988 2875 1017 2911 εἷ
1036 2873 1124 2912 ἑπτὰ

107 2933 236 2985 ἀνδρῶν
259 2933 396 2981 ἐδέησεν
417 2935 465 2976 εἷς
482 2936 594 2979 τοῦτο,
613 2937 766 2971 τοσαῦτα
785 2933 867 2976 ἴσως
881 2933 1020 2986 ἐπέρρει
1035 2950 1060 2986 χ
1064 2934 1123 2987 ρή-

109 3008 215 3041 ματα,
244 2994 413 3032 τοσούτων
439 2997 559 3046 χηρῶν
579 2995 710 3040 πλῆθος
725 2987 780 3040 ἦν.
810 2993 897 3046 Ἄρα
919 2997 985 3047 οὐχ
1003 2996 1123 3039 ἁπλῶς

108 3055 143 3090 αἱ
161 3053 260 3104 εὐχαὶ
278 3054 446 3105 ἐγίνοντο,
464 3054 554 3093 ἀλλὰ
571 3054 661 3105 μετὰ
681 3056 812 3101 πολλῆς
827 3058 888 3102 τῆς
906 3058 1048 3107 σχολῆς·
1064 3056 1123 3094 καὶ

108 3116 223 3160 τοῦτο,
256 3113 372 3166 ὥσπερ
395 3115 435 3153 τὸ
462 3115 646 3167 κήρυγμα,
679 3115 786 3158 οὕτως
816 3115 956 3162 ἠνύετο·
989 3115 1033 3154 τὰ
1057 3116 1124 3169 γὰρ

109 3172 217 3210 πλείω
241 3174 380 3219 ταύταις
404 3176 518 3222 ἤνυον.
551 3175 656 3214 Οὕτω
680 3175 724 3214 τὰ
753 3177 973 3227 πνευματικὰ
1001 3179 1123 3216 ἐπελέ-

110 3249 230 3284 γοντο,
250 3234 336 3273 οὕτω
355 3236 413 3274 καὶ
432 3237 517 3289 πρὸς
534 3236 732 3287 ἀποδημίας
749 3237 973 3276 Βέστέλλοντο
986 3269 996 3286 ,
1017 3238 1124 3282 οὕτως

158 3366 170 3379 ⁰
187 3359 201 3389 ὁ
218 3359 396 3402 συγγραφεὺς
409 3356 501 3390 deest
515 3358 549 3391 in
567 3370 644 3391 uno.

158 3418 169 3430 ’Δ
186 3406 299 3441 noret
314 3413 500 3452 ἐστέλλοντο,
512 3417 545 3442 et
563 3419 638 3453 post
654 3411 722 3444 haec
738 3411 853 3445 eadem
869 3410 988 3454 repetit
1003 3429 1007 3446 :
1031 3412 1114 3444 infra

1157 2075 1181 2102 Α
1202 2073 1413 2124 praemittit:
1436 2074 1489 2110 Et
1510 2073 1638 2118 multi,
1669 2072 1800 2123 inquit,
1833 2076 2076 2113 sacerdotum
2106 2078 2192 2113 obe-

1203 2135 1361 2170 diebant
1375 2133 1479 2183 fidei.
1500 2133 1594 2179 Quia
1613 2133 1709 2170 enim
1741 2133 1912 2172 videbant
1931 2135 2131 2188 principem
2159 2146 2192 2173 et

1204 2193 1387 2231 doctorem
1419 2193 1496 2230 haec
1538 2193 1794 2244 proferentem,
1833 2208 1878 2232 ex
1919 2196 2086 2247 operibus
2116 2198 2191 2249 jam

1203 2254 1404 2306 periculum
1419 2254 1607 2292 faciebant.
1625 2254 1672 2291 Et
1693 2254 1928 2294 admiratione
1943 2257 2095 2309 dignum
2126 2270 2189 2309 est,

1202 2315 1300 2367 quod
1317 2316 1473 2368 populus
1493 2330 1562 2354 non
1578 2316 1707 2354 scissus
1726 2317 1834 2355 fuerit
1854 2317 1890 2355 in
1907 2318 2075 2358 electione
2095 2322 2189 2360 viro-

1201 2391 1294 2425 rum,
1309 2376 1488 2427 quomodo
1504 2390 1573 2414 non
1590 2377 1770 2428 reprobati
1783 2377 1853 2415 sint
1868 2378 1913 2415 ab
1927 2378 2000 2418 illis
2027 2382 2188 2433 apostoli.

1201 2438 1321 2485 Quam
1340 2452 1422 2490 ergo
1444 2438 1655 2489 dignitatem
1679 2438 1886 2477 habuerunt
1914 2440 1982 2488 illi,
2018 2451 2051 2480 et
2082 2457 2189 2493 quam

1199 2509 1409 2553 acceperunt
1440 2499 1714 2550 ordinationem,
1749 2500 1826 2551 jam
1859 2501 2069 2540 discendum
2119 2514 2183 2542 est.

1199 2563 1297 2600 Num
1323 2561 1581 2600 diaconorum?
1608 2561 1717 2612 Atqui
1742 2561 1819 2599 haec
1849 2562 1886 2599 in
1917 2563 2087 2603 Ecclesiis
2113 2579 2183 2604 non

1197 2635 1287 2673 erat3
1311 2624 1372 2662 sed
1393 2623 1682 2676 presbyterorum
1716 2632 1790 2660 erat
1824 2625 2029 2663 oeconomia.

1197 2756 1348 2785 tantum.
1367 2744 1471 2784 Unde
1489 2753 1576 2796 puto
1592 2757 1655 2781 Dec
1674 2742 1906 2782 dlaCODOI'Um
1933 2759 1996 2783 DCC
2025 2748 2177 2800 preSby-

1200 2878 1311 2916 stum;
1326 2866 1415 2905 sed
1401 2881 1477 2918 Jam
1498 2865 1628 2903 adhoc
1647 2864 1803 2902 ordinati
1819 2875 1914 2903 sunt.
1938 2867 2011 2905 Nec
2035 2868 2180 2921 simpli-

1199 2929 1284 2967 citer
1301 2929 1370 2966 hoc
1386 2941 1515 2965 munus
1534 2926 1606 2964 illis
1619 2925 1861 2964 concreditum
1880 2936 1931 2964 est
1941 2943 1952 2976 5
1973 2928 2036 2965 sed
2048 2931 2182 2981 precati

1197 2999 1294 3041 sunt,
1313 2999 1352 3027 ut
1363 2996 1516 3042 potestas
1532 2987 1605 3025 illis
1632 2986 1894 3025 concederetur.
1921 2988 2014 3027 Vide
2045 2999 2178 3041 autem,

1196 3065 1329 3103 quaeso,
1354 3050 1384 3088 si
1406 3058 1540 3102 septem
1559 3047 1649 3086 viris
1667 3056 1741 3084 erat
1762 3061 1865 3099 opus,
1887 3056 1992 3086 tantae
2022 3049 2182 3089 fortassis

1197 3113 1391 3151 affluebant
1410 3110 1581 3164 pecuniae,
1604 3118 1699 3146 tanta
1715 3118 1789 3146 crat
1806 3108 1998 3148 viduarum
2020 3113 2183 3150 multitu-

1196 3175 1256 3212 do.
1279 3175 1376 3226 Ergo
1390 3187 1458 3211 non
1476 3171 1684 3223 simpliciter
1701 3184 1822 3222 preces
1835 3170 2098 3220 emittebantur,
2122 3174 2180 3211 sed

1197 3251 1279 3275 cum
1315 3235 1427 3273 multa
1464 3232 1674 3279 attention03
1710 3232 1862 3282 hocque,
1898 3233 2046 3283 perinde
2079 3244 2183 3285 atque

1182 3369 1260 3390 vero
1286 3357 1382 3389 series
1405 3355 1471 3397 ejus
1487 3351 1669 3385 admodum
1693 3353 1807 3386 vitiata
1824 3364 1862 3385 ex
1877 3353 1977 3387 Savil.
1995 3363 2028 3389 et
2042 3358 2118 3390 Mss.
2136 3369 2186 3391 re-

1183 3411 1298 3443 stituta
1315 3416 1375 3441 est,
1394 3406 1523 3440 Ibidem
1538 3406 1614 3437 Mss.
1633 3404 1768 3448 quidam
1785 3409 1854 3439 ἀλλ’
1870 3411 1902 3440 οὐ
1920 3410 2009 3449 λέγει,

1918 3460 1977 3496 10.

2072 2629 2182 2678 Atqui
2221 2649 2384 2688 Presbyteri

1198 2686 1318 2724 nullus
1339 2685 1458 2723 adhuc.
1470 2683 1655 2736 episcopus
1669 2692 1757 2732 erat,
1778 2694 2012 2736 praeterquam
2031 2689 2181 2739 apostoli
2196 2696 2223 2717 e!
2274 2691 2385 2719 Diaco-

2195 2743 2225 2759 ΠΙ
2274 2743 2381 2761 nomen

2214 2774 2309 2801 nando
2333 2775 2382 2801 ad-

1198 2818 1250 2846 tel
1252 2822 1292 2846 01
1294 2821 1355 2845 um
1373 2815 1457 2844 tunc
1470 2805 1579 2843 fuisse
1594 2819 1720 2842 nomen
1735 2804 1931 2843 admissum
1954 2820 2017 2844 nec
2032 2810 2180 2847 manife-
2194 2784 2327 2842 iinissum
