2466 3805
328 170 385 212 30
771 184 809 215 s.
845 185 1030 216 JOANNlS

324 272 373 301 tet
394 263 529 315 adesse,
560 264 703 303 cae‘teros
732 265 905 303 affecisset
936 265 1160 303 contumelia.
1198 265 1303 302 Nunc

323 333 441 362 autem
458 325 609 377 tempori
624 339 698 363 rem
712 325 889 363 commisit
903 339 915 373 ;
935 338 997 361 nec
1016 324 1111 361 dixit
1124 323 1303 374 simplici-—

322 394 388 433 ter,
415 386 493 435 Qui
504 389 725 437 congregati
741 393 844 430 sunt,
869 384 932 421 sed
949 383 1103 432 addidit,
1129 386 1179 420 In
1199 386 1305 420 omni

324 453 500 497 tempore,
517 459 591 496 quo
603 447 765 482 intravit
780 452 817 481 et
834 445 953 481 exivit
968 446 982 479 i
985 451 1070 480 nter
1083 455 1151 479 nos
1168 444 1305 480 Domi-

324 519 395 543 nus
413 507 540 550 Jesus,
566 506 627 542 ⁶22.
651 505 836 554 incipiens
869 516 894 539 a
922 504 1152 553 baptismate
1171 503 1305 540 Joan-

323 569 396 612 nis,
419 578 536 617 nsque
555 567 595 601 in
613 564 714 600 diem
732 576 810 615 qua
830 572 1022 601 assumtus
1042 572 1099 602 est
1119 578 1144 602 a
1175 566 1300 611 nobis,

322 634 454 664 testem
468 626 756 663 resurrectionis
769 626 851 675 ejus
868 626 1168 677 nobiscumfieri
1183 639 1304 663 unum

320 700 368 723 ex
385 688 479 723 istis.
501 683 557 722 Ad
573 683 662 735 quid
680 684 796 723 illud?
811 685 865 722 Ne
885 685 1014 723 chorus
1030 700 1179 725 numero
1195 696 1300 725 trun-

319 754 417 783 catus
434 754 523 783 esset
553 745 652 791 Quid
665 758 748 796 ergo
767 745 784 782 Ξ)
811 759 856 783 an
873 747 1018 783 Petrum
1035 745 1153 798 ipsum
1175 747 1304 799 eligere

318 819 387 843 non
402 805 557 843 licebat?
580 805 727 843 Licebat
745 806 888 856 utique;
905 806 968 844 sed
987 820 1030 845 ne
1057 808 1240 846 videretur
1256 807 1304 846 ad

319 866 470 917 gratiam
496 867 622 915 facere,
643 866 805 904 abstinet.
836 867 1007 918 Alioquin
1035 882 1122 907 vero
1141 869 1302 907 nondum

319 926 474 978 Spiritus
487 926 664 978 particeps
681 935 765 964 erat.
782 928 833 964 25
858 928 895 965 E
899 936 914 965 t
922 936 1154 976 statuerunt,
1173 930 1302 980 inquit,

319 988 428 1033 duos,
457 988 617 1039 Joseplz,
639 990 706 1039 qui
729 989 950 1026 vocabatur
982 990 1206 1038 Barsabas,
1238 993 1306 1043 qui

317 1051 610 1100 cognominatus
624 1058 680 1086 est
692 1049 840 1095 Justus,
851 1050 1123 1088 etstIattlziam.
1141 1052 1219 1088 Non
1230 1051 1304 1103 ipse

317 1109 397 1147 illos
413 1109 549 1160 statuit,
570 1110 632 1147 sed
649 1123 780 1147 omnes.
800 1110 997 1147 Consilium
1011 1124 1094 1149 vero
1123 1112 1199 1164 ipse
1216 1126 1303 1164 pro—

317 1170 414 1216 tulit,
434 1171 620 1208 ostendens
641 1185 710 1208 non
730 1185 833 1208 suum
854 1185 938 1219 esse,
964 1170 1026 1208 sed
1041 1172 1117 1223 jam
1146 1172 1232 1210 olim
1264 1172 1302 1210 in

317 1232 505 1283 prophetia
530 1231 659 1269 efferri.
679 1232 804 1281 Itaque
822 1231 995 1283 interpres
1013 1231 1095 1282 fuit,
1116 1246 1185 1270 non
1209 1247 1301 1285 prae-

318 1302 448 1344 ceptor.
481 1294 512 1331 J
511 1295 624 1345 oseplz
655 1295 722 1345 qui
750 1295 967 1330 vocabatur
987 1295 1197 1340 Bnrsabas,
1236 1297 1302 1347 qui

318 1357 610 1405 cognominatus
629 1362 683 1391 est
703 1354 734 1391 J
733 1362 850 1392 ustus.
867 1354 972 1391 Forte
987 1353 1084 1404 quod
1101 1355 1221 1406 plures
1243 1369 1302 1393 co-

319 1414 502 1464 gnomines
534 1423 660 1464 essent,
688 1423 881 1464 utrumque
909 1414 1028 1466 posuit
1058 1430 1066 1451 :
1102 1429 1184 1453 nam
1211 1415 1302 1454 inter

318 1474 494 1526 apostolos
510 1488 652 1525 quoque
668 1475 866 1526 complures
881 1484 977 1512 erant
989 1476 1225 1525 cognomines,
1241 1478 1302 1515 Ja-

319 1535 429 1572 cobus
451 1535 628 1585 Zebedaei,
657 1535 810 1574 Jacobus
831 1535 987 1587 Alphaei‚
1008 1535 1132 1574 Simon
1157 1537 1298 1588 Petrus,
1322 1546 1348 1576 D

318 1597 442 1635 Simon
456 1597 602 1645 Zelotes,
631 1598 651 1636 J
655 1596 742 1634 udas
762 1597 899 1644 Jacobi,
919 1606 953 1635 et
970 1599 990 1636 J
996 1597 1081 1635 udas
1100 1599 1299 1638 Iscariotes.

317 1657 487 1708 Alioquin
505 1671 591 1696 vero
609 1666 745 1709 poterat
766 1657 956 1710 appellatio
975 1672 1048 1696 esse
1067 1659 1126 1697 vel
1145 1674 1191 1698 ex
1219 1661 1302 1698 vitae

317 1718 526 1767 mutatione,
543 1718 604 1757 vel
623 1732 669 1756 ex
699 1718 812 1771 ipsius
840 1718 1034 1757 voluntate.
1058 1721 1299 1768 Statuerunt,

317 1778 447 1829 inquit,
469 1780 627 1831 Joseph,
659 1781 725 1831 qui
755 1782 974 1819 vocabatur
991 1782 1202 1829 Barsabas,
1237 1786 1304 1834 qui

318 1844 613 1892 cognominatus
630 1843 844 1888 estJustus,
864 1851 901 1879 et
917 1843 1145 1880 Mamiliam.
1170 1844 1232 1882 94.
1249 1847 1305 1883 Et

318 1897 666 1941 orantes‘dixerzmt
681 1919 692 1940 :
712 1905 746 1941 T
745 1918 782 1950 u,
806 1905 988 1951 Domine,
1009 1908 1076 1957 qui
1094 1908 1215 1944 corda
1236 1921 1303 1945 no-

318 1966 370 2001 sti
386 1966 570 2009 omnium,
587 1966 744 2002 ostende
756 1979 868 2016 quem
881 1965 1039 2016 elegeris
1057 1980 1105 2003 ex
1125 1967 1185 2004 his
1202 1968 1301 2005 dno-

321 2026 390 2062 bus
404 2039 537 2071 unum,
552 2026 615 2065 ⁶25.
630 2029 803 2077 accipere
818 2035 958 2064 sortem
974 2030 1177 2065 ministerii
1190 2030 1304 2081 hujus

319 2092 355 2122 et
373 2086 627 2135 apostolatus,
652 2087 699 2123 de
718 2099 792 2138 quo
803 2089 1082 2137 praevaricatus
1095 2097 1151 2126 est
1164 2090 1303 2138 Judas,

321 2152 363 2182 ut
381 2147 504 2182 abiret
523 2148 565 2182 in
588 2146 714 2183 locum
725 2160 848 2184 suum.
864 2148 971 2184 Recte
991 2157 1187 2186 memorant
1205 2150 1304 2188 illius

319 2213 516 2256 peccatum,
539 2205 756 2243 declarantes
770 2220 806 2244 se
824 2215 947 2244 testem
966 2221 1136 2257 quaerere,
1159 2222 1227 2246 non
1241 2223 1303 2246 au-

320 2274 438 2316 gentes
453 2279 655 2315 numerum,
673 2265 735 2303 sed
750 2266 993 2303 nonimminui
1007 2266 1170 2305 sinentes.
1183 2270 1303 2307 526.Et

318 2327 506 2364 dederunt
520 2336 640 2365 sortes
657 2329 710 2365 eis
725 2326 900 2375 (nondum
915 2327 1009 2364 enim
1023 2327 1180 2379 Spiritus
1199 2329 1304 2368 datus

319 2395 394 2424 erat
410 2390 435 2435 ),
454 2395 490 2424 et
506 2388 644 2424 cecidit
657 2400 738 2424 sors
752 2401 865 2438 super
878 2389 1108 2434 stlatthiam,
1128 2398 1165 2426 et
1178 2404 1304 2428 annu-

320 2456 490 2486 meratus
510 2456 566 2485 est
580 2461 666 2485 cnm
683 2448 861 2485 undecim
881 2449 1080 2498 apostolis.
1101 2451 1221 2497 Tune,
1246 2451 1303 2488 in-

320 2507 413 2557 quit,
434 2511 576 2545 reversi
601 2515 691 2545 sunt
715 2508 1005 2556 Jerosolymam
1026 2522 1051 2545 α
1077 2518 1214 2558 monte,
1236 2515 1303 2563 qui

321 2576 488 2605 vocatur
510 2568 667 2613 Oliveti,
691 2569 758 2618 qni
789 2575 845 2604 est
857 2569 976 2618 juxta
995 2568 1298 2618 Jerosolymam‚

320 2629 476 2665 sabbati
501 2629 648 2666 liabens
677 2630 760 2664 iter.
788 2627 864 2664 Hoc
889 2627 939 2664 ait
957 2636 996 2665 ut
1025 2627 1184 2668 innueret
1206 2631 1300 2683 ipsos
1318 2645 1349 2669 26

320 2700 390 2725 non
409 2688 555 2739 longum
575 2688 642 2725 iter
661 2687 852 2739 suscipere7
874 2701 918 2725 ne
942 2688 1030 2739 quid
1045 2691 1188 2728 terroris
1203 2692 1302 2730 acci-
1321 2683 1345 2712 Α

319 2748 416 2786 deret
436 2749 667 2786 trementibus
685 2747 804 2785 adhuc
822 2748 908 2799 ipsis
926 2757 960 2786 et
978 2751 1228 2790 metuentibus,
1247 2755 1302 2792 Et

320 2822 406 2845 cum
431 2812 668 2855 introissent,
700 2809 957 2846 ascenderunt
980 2812 1022 2847 in
1049 2814 1300 2851 coenaculum.

320 2870 399 2907 Non
419 2869 513 2906 enim
527 2869 704 2907 audebant
717 2869 754 2906 in
769 2868 912 2906 civitate
924 2883 1136 2921 comparere.
1151 2871 1197 2909 Et
1211 2882 1303 2912 recte

321 2930 552 2968 ascenderunt
587 2931 623 2968 in
655 2930 896 2979 coenaculum,
917 2939 956 2967 ut
984 2945 1053 2968 non
1079 2932 1183 2970 facile
1212 2943 1300 2971 esset

322 2992 416 3042 ipsos
433 2990 738 3043 comprehendere.
759 2992 795 3028 E
799 3000 813 3028 t
831 3000 954 3040 erant,
985 2991 1113 3041 inquit,
1127 3008 1300 3044 perseve-

322 3060 451 3090 rantes
466 3054 704 3090 unanimiter
714 3054 755 3088 in
773 3053 958 3089 oratione.
976 3051 1107 3090 Viden'
1119 3066 1225 3104 quam
1238 3055 1296 3092 vi-

1326 814 1349 845 C

367 3199 380 3213 c
405 3189 458 3221 Sic
475 3189 577 3222 Savil.
595 3197 628 3221 et
644 3201 726 3222 unus
741 3189 856 3222 Codex
872 3189 927 3233 qui
946 3190 1047 3223 habet
1063 3195 1126 3235 οὐχὶ
1142 3197 1322 3235 πλεονάζον-

324 3255 381 3277 τες.
399 3239 512 3272 Morel.
537 3245 568 3273 οὐ
586 3245 775 3285 πληροῦντες.
792 3242 854 3284 [D.
879 3245 942 3284 οὐχὶ
959 3245 1152 3287 πληροῦντες,
1175 3244 1230 3285 qui
1246 3255 1324 3276 mox

325 3296 386 3325 ἐπεὶ
399 3295 477 3325 οὔπω
491 3306 523 3325 π.
538 3295 570 3329 ἦν
587 3296 685 3335 κλήρῳ
703 3298 736 3326 τὸ
753 3301 880 3338 πρᾶγμα
897 3301 1032 3328 ποιοῦσιν,
1046 3298 1094 3327 καὶ
1112 3299 1212 3329 ἔπεσεν
1228 3300 1242 3330 ὁ
1259 3297 1323 3338 κλ-]

1065 185 1291 216 CHRYSOST
1298 205 1309 214 .
1350 185 1559 215 ARCHIEP.
1596 183 1952 215 CONSTANTINOP

1375 264 1414 301 τὸ
1432 270 1580 316 πρᾶγμα
1595 264 1795 318 ἐπέτρεψεν,
1807 282 1846 304 ου
1849 282 1875 317 Α
1893 267 2010 309 ἁπλῶς
2025 263 2257 306 Συνελθόντας
2275 263 2393 313 εἰπὼν,

1377 326 1466 370 ἀλλ’,
1479 324 1541 363 Ἐν
1560 325 1664 363 παντὶ
1681 326 1817 379 χρόνῳ,
1840 329 1872 364 ἐν
1888 330 1917 378 ᾧ
1936 328 2073 372 εἷσῆλθε
2093 341 2153 363 και
2173 324 2256 370 εξῆλ
2258 328 2311 362 θεν
2341 326 2393 376 ἐφ’

1374 387 1492 434 ἡμᾶς
1479 398 1496 422 ο
1507 384 1651 436 Κύριος
1654 386 1792 434 Ιησοῦς,
1804 386 2023 437 ἀρξάμενος’
2005 387 2074 425 απὸ
2083 390 2141 424 τοῦ
2153 384 2394 436 βαπτίσματος

1373 442 1586 490 Ἰωάννου,’
1566 460 1628 488 εως
1640 447 1702 490 τῆς
1715 446 1849 498 ἡμέρας
1862 451 1903 492 ἧς
1915 447 2125 498 ἀνελήφθη
2107 448 2163 498 αφ’
2179 448 2293 496 ημῶν,
2305 445 2393 519 μάρ-

1372 520 1459 556 τυρα
1473 521 1534 551 της
1546 505 1767 549 ἀναστάσεως
1779 509 1880 545 αυτοῦ
1895 507 1954 544 συν
1969 511 2052 558 ἡμῖν
2065 508 2248 557 γενέσθαι
2237 507 2296 544 ε’να
2311 506 2392 544 τού-

1371 565 1538 604 των.Ἵνα
1553 565 1589 603 τί
1612 565 1866 616 γένηται;Ἵνα
1883 567 1931 617 μὴ
1947 568 2276 620 ἦκρωτηριασμένος
2294 570 2310 604 ὑ
2330 583 2393 619 χο-

1373 626 1430 678 ρὸς
1449 626 1515 674 εἴη.
1531 626 1579 665 Τί
1596 621 1667 675 οῦν,
1683 627 1820 665 ἑλέσθαι
1836 627 1909 676 [τὸν
1927 628 2078 680 Πέτρον]
2099 629 2199 666 αὐτὸν
2218 631 2279 666 οὐκ
2299 630 2390 675 ἐνῆν;

1370 686 1441 725 Καὶ
1468 687 1558 724 πάνυ
1577 703 1635 738 γε·
1656 689 1731 726 ἀλλ’
1753 686 1810 725 ἵνα
1832 687 1879 738 μὴ
1897 688 1976 739 δόξῃ
1996 689 2220 740 χαρίζεσθαι,
2237 693 2336 726 τοῦτο
2354 689 2392 725 οὗ

1371 753 1477 787 ποιεῖ.
1501 746 1633 792 Ἄλλως
1646 748 1681 786 δὲ
1704 748 1765 786 καὶ
1794 747 1999 799 Πνεύματος
2016 749 2157 801 ἄμοιρος
2183 743 2224 795 ἦν
2240 749 2303 786 ἔτι.
2320 749 2391 787 Καὶ

1372 807 1534 855 ἔστησαν,
1554 808 1659 861 φησὶ,
1680 808 1758 856 δύο,
1779 808 1909 861 Ἰωσὴφ
1928 809 1985 847 τὸν
2015 808 2227 860 καλούμενον
2249 811 2390 861 Βαρσα-

1371 869 1448 917 ὃᾶν,
1471 869 1505 912 ὃς
1523 870 1696 917 ἐπεκλήθη
1719 870 1870 912 Ἰοῦστος
1883 899 1892 917 ,
1907 870 1966 908 καὶ
1986 869 2159 907 Ματθίαν.
2177 870 2270 921 Οὐχὶ
2290 870 2391 912 αυτὸς

1371 930 1492 973 αὐτους
1514 930 1669 978 ἔστησεν,
1691 930 1782 968 ἀλλὰ
1806 930 1944 974 πάντες.
1960 930 2037 976 Τὴν
2062 947 2205 981 γνωμην
2225 930 2260 968 δε
2290 930 2392 972 αὑτὸς

1371 990 1582 1041 εἰσηγήσατο
1596 1021 1606 1038 ‚
1641 991 1752 1035 δείξας
1781 992 1857 1029 οὐδὲ
1883 991 1989 1037 αὐτὴν
2023 992 2127 1028 αὐτοῦ
2162 994 2279 1039 οὖσαν,
2312 992 2388 1029 ἀλλ’

1370 1050 1498 1088 ἄνωθεν
1517 1049 1608 1088 κατὰ
1628 1050 1859 1104 προφητείαν·
1880 1050 1969 1089 ὥστε
1990 1049 2159 1102 ἐξηγητὴς
2183 1049 2332 1101 γέγονεν,
2353 1052 2391 1088 οὔ

1369 1112 1585 1156 διδάσκαλος.
1603 1112 1733 1164 Ἰωσὴφ
1747 1112 1805 1150 τὸν
1818 1113 2028 1163 καλούμενον
2043 1112 2246 1164 Βαρσαῧᾶν,
2263 1111 2298 1155 ὃς
2312 1114 2390 1150 ἕπε-

1368 1173 1479 1219 κλήθη
1501 1173 1661 1215 Ἰοῦστος.
1681 1171 1785 1217 Ἴσως
1814 1173 1872 1211 διὰ
1897 1172 1960 1217 τὰς
1989 1171 2190 1223 ὁμωνυμίας
2209 1171 2391 1224 ἀμφότερα

1367 1233 1516 1272 τέθεικεν
1529 1249 1537 1257 ·
1559 1233 1633 1271 ἐπεὶ
1653 1233 1712 1271 καὶ
1732 1236 1766 1272 ἐν
1784 1240 1855 1277 τοῖς
1875 1234 2082 1276 ἀποστόλοις
2103 1233 2230 1271 πολλαὶ
2253 1237 2390 1283 ὁμωνυ-

1368 1293 1446 1345 μίαι
1466 1289 1572 1341 ἦσαν·
1589 1293 1788 1338 Ἰάκωοος
1775 1311 1792 1332 ο
1810 1294 2019 1340 Ζεὸεδαίου,
2040 1294 2098 1332 καὶ
2119 1293 2285 1336 Ἲάκωὸος
2299 1296 2316 1331 ὃ
2330 1297 2390 1331 τοῦ

1366 1354 1595 1407 Ἀλφαίου,Σ

1367 1417 1427 1459 δας
1449 1414 1643 1463 ’,Ιακωοου,
1664 1431 1724 1453 και
1743 1415 1910 1459 Ιούοας
1898 1429 1915 1453 0
1942 1415 2181 1467 Ἰσκαριώτης.
2203 1413 2372 1458 Ἄλλως
2354 1413 2390 1452 οὲ

1599 1354 1686 1405 ίμων
1703 1354 1836 1407 Πέτρος
1855 1371 1914 1392 και
1935 1355 2084 1405 Σίμων
2072 1371 2089 1392 ο
2105 1354 2280 1401 ζηλωτής·
2299 1353 2389 1392 Ἰου-

1367 1476 1426 1514 καὶ
1447 1476 1644 1526 μεταὸολῆς
1675 1476 1763 1527 βίου,
1787 1476 1870 1519 ἴσως
1892 1475 1927 1514 δὲ
1948 1476 2007 1514 καὶ
2039 1475 2272 1529 προαιρέσεως
2300 1470 2342 1522 ἦν
2367 1479 2390 1522 ἡ

1367 1537 1549 1587 ὀνομασία.
1574 1537 1768 1584 Ἔστησαν,
1794 1537 1911 1588 φησὶν,
1931 1535 2063 1588 Ἰωσὴφ
2091 1537 2148 1575 τὸν
2177 1536 2390 1586 καλούμενον

1369 1598 1572 1649 Βαρσαὲᾶν,
1593 1598 1628 1641 ὃς
1656 1598 1830 1645 ἐπεκλήθη
1855 1597 2023 1645 Ἰοῦστος,
2043 1597 2103 1636 καὶ
2124 1597 2299 1636 Ματθίαν.
2322 1596 2391 1635 Καὶ

1368 1658 1639 1709 προσευξάμενοι
1657 1653 1769 1696 εἷπον·
1788 1658 1847 1705 σὺ,
1864 1658 1972 1710 Κύριε
1984 1689 1994 1707 ,
2017 1659 2280 1710 καρδιογνῶστα
2296 1657 2391 1695 πάν-

1368 1735 1449 1765 των,
1479 1718 1666 1764 ἀνάδειξον,
1688 1719 1723 1757 ὃν
1745 1719 1885 1764 ἐξελέξω
1917 1722 1956 1758 ἐκ
1988 1719 2118 1757 τούτων
2146 1721 2215 1756 τῶν
2239 1718 2298 1756 δύο
2331 1717 2392 1755 ἕνα

1367 1779 1487 1817 λαὸεῐν
1503 1779 1561 1817 τὸν
1581 1781 1708 1831 κλῆρον
1726 1782 1788 1826 τῆς
1814 1778 1988 1822 διακονίας
2013 1779 2142 1826 ταύτης
2161 1779 2220 1817 καὶ
2237 1781 2391 1817 ἀποστο-

1391 1843 1450 1888 ἧς,
1466 1839 1500 1883 ἐξ
1520 1834 1561 1886 ἧς
1589 1841 1727 1892 παρέὸη
1744 1840 1874 1883 Ἰούδας
1892 1844 2102 1892 πορευθῆναι
2131 1843 2178 1883 εἷς
2208 1840 2266 1878 τὸν
2284 1839 2390 1877 τόπον

1368 1901 1426 1938 τὸν
1440 1902 1537 1938 ἴδιον.
1559 1902 1684 1944 Καλῶς
1704 1900 1862 1951 λέγουσιν
1884 1900 2012 1939 ἐκείνου
2029 1901 2068 1938 τὸ
2085 1900 2279 1953 ἁμάρτημα
2292 1930 2302 1947 ,
2322 1901 2390 1938 δει-

1370 1961 1508 2005 κνύντες
1520 1990 1530 2009 ,
1561 1960 1613 1999 ὅτι
1631 1960 1790 2013 μάρτυρα
1810 1963 1974 2007 αἰτοῦσιν,
1992 1963 2054 1999 εοῦ
2073 1961 2315 2005 πλεονάζοντες
2332 1960 2389 1999 τὸν

1370 2020 1528 2072 ἀριθμὸν,
1559 2023 1635 2059 ἀλλ’
1655 2023 1893 2067 ἐλαττωθῆναι
1913 2024 1974 2059 οὐκ
2001 2023 2137 2064 ἐῶντες.
2169 2022 2239 2059 Καὶ
2257 2021 2390 2059 ἔδωκαν

1368 2081 1516 2132 κλήρους
1534 2083 1646 2119 αὐτῶν
1662 2082 1808 2133 (οὐδέπω
1823 2081 1890 2134 γὰρ
1904 2083 2051 2131 Πνεῦμα
2066 2076 2107 2129 ἦν
2116 2085 2140 2129 >,
2155 2082 2215 2120 καὶ
2231 2085 2249 2120 ὃ
2265 2083 2392 2135 κλῆρος

1369 2142 1426 2178 ἐπὶ
1446 2141 1607 2178 Ματθίαν
1631 2140 1751 2188 ἔπεσε,
1786 2141 1846 2179 καὶ
1876 2142 2182 2194 συγκατεψηφίσθη
2205 2142 2293 2193 μετὰ
2322 2147 2390 2181 τῶν

1370 2200 1492 2239 ἕνδεκα
1508 2201 1722 2239 ἀποστόλων.
1750 2202 1839 2240 Τότε
1853 2231 1862 2247 ,
1885 2202 2001 2254 φησὶν,
2021 2202 2238 2254 ὑπέστρεψαν
2262 2207 2309 2247 εἷς
2328 2204 2392 2242 Ἱε-

1371 2260 1553 2312 ρουσαλὴμ
1568 2261 1636 2299 ἀπὸ
1651 2262 1749 2315 ὅρους
1764 2266 1822 2300 τοῦ
1838 2262 2083 2312 καλουμένου
2070 2263 2286 2310 ελαιῶνος,“
2265 2280 2282 2301 ο
2298 2266 2390 2303 ἐστιν

1369 2320 1668 2373 ἓγγὺςἹερουσαλ
1646 2338 1717 2372 ημ
1736 2337 1803 2360 σαο
1785 2322 1949 2359 ρἑῗεπίτου
1935 2322 2012 2374 ε’χον
2033 2323 2122 2360 ὁδόν.
2143 2323 2292 2362 Τοῦτό
2274 2339 2391 2376 φησιν,

1368 2381 1425 2419 ἵνα
1444 2382 1553 2434 δείξῃ,
1575 2382 1626 2420 ὅτι
1650 2383 1785 2435 μακρὰν
1808 2386 1846 2421 οὐ
1879 2383 2106 2434 βαδίζουσιν
2094 2385 2183 2429 οδὸν,
2214 2388 2260 2428 ὡς
2286 2385 2390 2437 gadem

1368 2442 1445 2480 τινὰ
1463 2442 1510 2493 μὴ
1528 2443 1687 2494 γενέσθαι
1712 2443 1895 2496 τρέμουσιν
1911 2443 1961 2481 ἔτι
1975 2445 2033 2482 καὶ
2052 2444 2240 2483 δεδοικόσιν
2259 2448 2389 2490 αὐτοῖς.

1368 2504 1440 2541 Καὶ
1454 2503 1510 2542 ὅτε
1529 2506 1699 2552 εἰσῆλθον,
1715 2505 1889 2550 ἀνέδησαν
1905 2506 1951 2547 εἷς
1966 2505 2005 2542 τὸ
2019 2508 2186 2557 ὑπερῷον.
2207 2507 2282 2544 Οὐκ
2297 2506 2391 2544 ε’τόλ-

1371 2579 1484 2613 μησαν
1516 2563 1583 2617 γὰρ
1615 2568 1764 2616 φανῆναι
1789 2566 1844 2603 ἐπὶ
1865 2569 1926 2612 τῆς
1947 2566 2092 2608 πόλεως.
2119 2566 2189 2604 Καὶ
2209 2569 2323 2611 καλῶς
2343 2570 2391 2611 εἷς

1368 2625 1407 2663 τὸ
1437 2626 1591 2676 ὑπερῷον
1613 2625 1798 2673 ἀνέδησαν,
1819 2625 1910 2663 ὥστε
1931 2626 1978 2677 μὴ
2003 2621 2089 2664 εἶναι
2113 2626 2252 2665 εὔκολον
2273 2629 2312 2665 ἐκ
2330 2633 2391 2666 τοῦ

1369 2685 1507 2735 ἑτοίμου
1528 2686 1767 2737 συλληφθῆναι
1787 2686 1925 2730 αὐτούς·
1952 2687 2010 2724 καὶ
2035 2681 2137 2734 ἦσαν,
2158 2687 2264 2738 φησὶ,
2282 2703 2389 2741 προσ-

1368 2747 1611 2797 καρτεροῦντες
1643 2746 1861 2796 ὁμοθυμαδὸν
1890 2750 1932 2796 τῇ
1955 2750 2144 2798 προσευχῇ.
2162 2746 2290 2798 Ὁρᾷς,
2316 2751 2391 2792 πῶς

1368 2804 1590 2856 ἐγρηγορότες
1611 2799 1721 2851 ίὶἦσαν
1752 2809 1795 2856 τῇ
1825 2809 2000 2858 προσευχῇ
2029 2811 2391 2860 προσκαρτεροῦντες,

1368 2865 1427 2903 καὶ
1446 2865 1662 2916 ὁμοθυμαδὸν
1673 2864 1792 2918 ὥσπερ
1808 2867 1847 2903 ἐκ
1867 2872 1946 2916 μιᾶς
1962 2869 2078 2918 ψυχῆς
2097 2873 2390 2921 προσκαρτεροῦν-

1368 2941 1444 2973 τες;
1465 2925 1534 2964 Δύο
1553 2927 1666 2969 αὐτοῖς
1691 2933 1869 2978 μαρτυρεῖ.
1891 2926 1936 2964 ‘O
1954 2926 2014 2977 μὲν
2035 2927 2166 2980 Ἰωσὴφ
2185 2928 2268 2971 ἴσως
2293 2946 2391 2967 τετε-

1368 2986 1544 3034 λευτηκὼς
1572 2981 1612 3033 ἦν
1628 3002 1636 3009 ·
1665 2987 1716 3024 διὸ
1734 2986 1811 3024 οὐδὲ
1833 2986 1973 3037 μνήμης
2004 2987 2170 3031 ἀξιοῦται.
2191 2991 2243 3027 Οὐ
2264 2989 2332 3041 γὰρ
2350 2991 2390 3027 ἂν

1368 3050 1436 3086 τῶν
1457 3049 1612 3099 ἀδελφῶν
1632 3047 1891 3085 πιστευσάντων
1912 3050 2037 3091 ἐκεῖνος
2066 3048 2259 3095 ἠπίστησεν
2280 3053 2297 3088 ὁ
2321 3050 2390 3102 πρὸ

1433 3204 1446 3219 ⁸
1469 3195 1531 3237 [D.
1556 3199 1639 3234 ἦσαν.
1665 3198 1706 3228 διὸ
1732 3198 1827 3232 αὐτοῖς
1852 3203 2002 3240 μαρτυρεῖ
2028 3201 2079 3229 καὶ
2103 3201 2149 3230 ὅτι
2177 3204 2215 3240 τῇ
2239 3208 2389 3243 προσευχῇ

1389 3252 1656 3292 προσεκαρτέρουν,
1669 3251 1716 3279 καὶ
1730 3250 1775 3279 ὅτι
1788 3249 1840 3287 ὀμ.
1853 3250 1888 3278 ὼ.
1899 3250 1928 3278 ἐκ
1937 3261 1972 3288 μ.
1986 3252 2016 3290 ψ.
2034 3251 2120 3280 τοῦτο
2134 3252 2291 3286 ποιοῦντες.
2303 3253 2318 3283 ὁ
2333 3254 2389 3292 μὲν

1390 3299 1437 3331 οὖν
1453 3297 1475 3334 i.
1494 3298 1571 3330 Mox
1594 3308 1632 3330 ex
1655 3295 1771 3330 eodem
1789 3295 1979 3329 addidimus
1997 3300 2250 3342 διὸ...ἀξιοῦται.]
