2502 3810
709 250 750 280 IN
788 248 929 279 EPtST.

83 335 189 378 θησαν
203 347 210 356 ’
239 331 365 370 3πάλιν
398 325 490 369 οῦτοι
508 329 713 378 ἠπείθησαν,
733 329 792 367 καὶ
811 332 907 380 ὑμεῖς
926 328 1094 375 ἐσώθητε·

81 395 119 431 οὐ
154 392 221 442 μὴν
257 392 364 436 οὕτως
393 391 568 438 ἐσώθητε,
599 394 644 434 ὡς
672 391 776 429 πάλιν
804 392 835 427 5
822 390 960 437 ξελθεῖν,
987 389 1096 427 καθά·

81 467 146 503 περ
175 454 205 489 οἱ
237 451 418 499 Ἰουδαῖοι,
452 453 528 491 ἀλλ7
556 451 646 490 ὥστε
687 451 807 494 αὐτους
838 449 1098 489 ἐπισπάσασθαι

81 528 130 549 τι)
160 512 252 563 ζήλω
288 528 459 562 μενοντες.

82 571 141 609 καὶ
180 571 338 622 γνώσεως
370 575 478 611 Θεοῦ
522 574 567 615 ὡς
600 571 845 623 ἀνεξερεύνητα
875 571 919 608 τὰ
945 569 1100 621 κρίματα

83 633 199 670 αὐτοῦ.
232 632 405 670 Ἐνταῦθα
435 632 491 670 ἐπὶ
520 632 596 676 τοὺς
622 631 810 683 προτέρους
837 631 981 682 χρόνους
1010 632 1100 667 ἐπα-

82 691 224 741 νελθὼν,
251 693 310 730 καὶ
333 693 394 738 τὴν
422 693 549 730 ἀνωθεν
574 697 632 730 τοῦ
661 694 751 731 Θεοῦ
771 690 988 736 κατανοήσας
1008 692 1102 728 οἷκο-

83 753 205 803 νομίαν
238 753 302 799 τὴν
335 753 374 797 ἐξ
401 748 505 805 οἷπερ
537 756 553 791 ὁ
585 753 712 803 κόσμος
744 751 878 803 ἐγένετο
912 751 1016 802 μέχρι
1043 755 1103 788 τοῦ

84 814 271 866 παρόντος,
312 814 370 851 καὶ
408 813 635 865 λογισάμενος
679 829 754 856 πως
790 811 955 853 ποικίλως
988 811 1103 849 πάντα

83 874 285 950 ᾠκονόμησε
301 904 310 921 ,
356 874 529 925 ἐξεπλάγη
572 874 630 911 καὶ
671 872 839 919 ἀνεὸόησε
861 902 871 919 ,
914 871 1104 934 πιστούμε-

84 950 138 977 νος
155 951 232 977 τους
249 934 444 981 ἀκούοντας,
462 935 514 973 ὅτι
533 936 630 971 ἔσται
645 933 783 976 πάντως
800 932 888 985 ἅπερ
909 926 1103 969 εἶπεν.οὖ

84 995 151 1046 γὰρ
176 995 214 1032 ἂν
239 994 404 1041 ἀνεέόησε
424 1010 482 1032 και
504 993 675 1044 ἐξεπλάγη
692 1022 701 1040 ,
728 994 756 1030 εἷ
778 991 826 1042 μὴ
847 991 985 1033 πάντως
1005 989 1104 1052 ἔιέελ-

84 1055 141 1091 λεν
170 1055 306 1093 ἔσεσθαι
332 1058 443 1092 τοῦτο.
477 1054 548 1092 Καὶ
576 1053 628 1090 ότι
659 1053 720 1102 μὲν
755 1052 857 1102 βάθος
882 1050 988 1096 ἐστιν,
1015 1044 1103 1089 οἶδε·

85 1115 189 1152 πόσον
211 1114 245 1152 δὲ
259 1142 268 1159 ,
298 1116 358 1151 οὐκ
378 1109 467 1151 οἰδε-
494 1113 725 1163 θαυμάζοντος
752 1113 819 1165 γάρ
844 1115 935 1150 ἐστιν
954 1114 976 1157 ἧ
995 1114 1104 1161 ρησις,

84 1175 144 1212 οὐκ
171 1173 297 1217 εἰδότος
315 1174 354 1211 τὸ
369 1181 451 1211 πᾶν.
485 1173 683 1223 Θαυμάσας
704 1172 739 1209 δὲ
758 1171 817 1209 καὶ
837 1170 1022 1221 ἐκπλαγεὶς
1041 1169 1103 1216 τὴν

83 1234 305 1288 χρηστότητα
320 1264 330 1281 ,
349 1235 407 1272 καὶ
422 1233 512 1272 κατὰ
528 1234 567 1271 τὸ
584 1235 763 1290 ἐγχωροῦν
775 1234 868 1284 αὐτῷ
889 1231 944 1270 διὰ
964 1231 1022 1269 δύο
1035 1234 1103 1269 τῶν

83 1297 291 1333 ἐπιτατικῶν
317 1295 494 1345 ὀνομάτων
515 1293 621 1341 αὐτὴν
642 1292 828 1345 ἀνεκήρυξε
842 1323 852 1340 ,
875 1296 934 1330 τοῦ
955 1292 1103 1330 πλούτου

83 1355 143 1393 καὶ
163 1360 222 1393 τοῦ
252 1356 394 1406 βάθους,
420 1355 479 1392 καὶ
508 1354 678 1405 ἐξεπλάγη
694 1385 703 1402 ,
726 1354 778 1392 ὅτι
798 1354 856 1391 καὶ
875 1353 1024 1399 ἠθέλησε
1045 1352 1104 1391 καὶ

85 1415 207 1466 ἴσχυσε
233 1419 343 1453 ταῦτα
359 1445 368 1462 ,
388 1415 448 1452 καὶ
476 1414 532 1452 διὰ
548 1417 616 1452 τῶν
637 1414 798 1453 ἐναντίων
819 1413 862 1452 τὰ
882 1413 1019 1451 ἐναντία
1039 1429 1105 1451 κα-

83 1475 302 1514 τεσκεύασεν.
335 1475 397 1518 Ὡς
416 1474 662 1528 ἀνεξερεύνητα
684 1475 728 1513 τὰ
744 1474 899 1526 κρίματα
918 1475 1030 1512 αὐτοῦ.
1052 1474 1105 1511 Οὐ

84 1537 151 1589 γὰρ
178 1537 277 1587 μόνον
311 1539 575 1588 καταληφθῆναι
605 1536 693 1574 αὐτὰ
724 1536 903 1582 ἀδύνατον,
933 1536 1008 1572 ἀλλ’
1030 1533 1105 1572 οὐδὲ

85 1599 323 1649 ἐρευνηθῆναι.
347 1598 416 1635 Καὶ
437 1596 689 1648 ἀνεξιχνίαστοι
719 1599 754 1634 αἱ
780 1596 851 1634 ὁδοὶ
876 1597 990 1634 αὐτοῦ.
1012 1597 1106 1633 Του-

86 1659 214 1705 τέστιν,
242 1660 277 1694 αἱ
307 1657 518 1708 οἰκονομίαι·
549 1657 608 1695 καὶ
629 1657 696 1710 γὰρ
717 1651 818 1695 αῦται
837 1659 874 1694 οὗ
895 1656 996 1707 μόνον
1013 1672 1106 1708 γνω-

88 1722 211 1764 σθῆναι
224 1749 232 1765 ,
251 1720 326 1756 ἀλλ’
343 1717 418 1756 οὐδὲ
434 1719 623 1764 ζητηθῆναι
639 1717 814 1755 δυνάνται.
836 1717 927 1755 Οὐδὲ
943 1716 1010 1768 γὰρ
1026 1714 1106 1767 ἐγὼ,

88 1779 205 1830 φησὶν,
228 1774 323 1830 εῦρον
345 1778 493 1825 ἅπαντα,
519 1778 609 1816 ἀλλὰ
631 1778 732 1830 μέρος
754 1778 888 1831 μικρὸν,
909 1779 946 1815 οὖ
963 1777 1002 1814 τὸ
1020 1783 1106 1814 πᾶν·

91 1839 191 1890 μόνος
209 1839 275 1891 γὰρ
301 1839 399 1881 αὐτὸς
422 1833 491 1876 οἶδε
511 1839 555 1876 τὰ
575 1841 677 1877 αὑτοῦ
696 1842 823 1890 σαφῶς.
857 1838 920 1875 Διὸ
939 1838 998 1875 καὶ
1017 1838 1108 1884 ἐπή-

88 1915 174 1951 γαγε
187 1915 194 1922 ·
217 1900 268 1942 τίς
283 1899 350 1951 γὰρ
368 1899 454 1950 ἔγνω
469 1903 546 1936 νοῦν
568 1900 695 1952 Κυρίου
709 1916 718 1946 ;
734 1899 757 1944 ἢ
773 1898 825 1941 τίς
842 1898 1034 1949 σύμὸουλος
1051 1901 1110 1936 αὖ-

90 1966 149 1998 τοῦ
171 1960 324 2011 ἐγένετο,
346 1959 367 2005 ἢ
384 1959 434 2002 τίς
455 1960 649 2012 προέδωκεν
666 1961 778 2012 αὐτῷ,
800 1959 859 1996 καὶ
877 1959 1111 2005 ἀνταποδοθή-

92 2037 189 2058 σεται
220 2023 333 2070 αὐτῷ;
365 2019 413 2059 ιχΟ
440 2020 475 2058 δὲ
505 2020 611 2070 λέγει,
638 2019 790 2058 τοιοῦτόν
812 2021 904 2057 ἐστιν
920 2035 927 2042 ·
947 2019 1001 2058 ὅτι
1020 2019 1109 2057 οὕτω

92 2082 191 2132 σοφὸς
214 2081 273 2129 ὢν,
308 2080 384 2119 οὐδὲ
412 2083 495 2132 παρ’
521 2081 637 2132 ἑτέρου
660 2080 761 2133 σοφός
783 2082 889 2128 ἐστιν,
910 2082 987 2118 ἀλλ’
1010 2079 1111 2123 αὐτός

91 2144 197 2189 ἐστιν,
231 2146 252 2188 ἡ
287 2142 382 2194 πηγὴ
419 2146 488 2179 τῶν
518 2145 673 2194 ἀγαθῶν·
702 2141 760 2179 καὶ
783 2146 935 2180 τοσαῦτα
963 2141 1112 2195 ἐργασά-

92 2219 192 2252 μενος
226 2203 285 2241 καὶ
316 2204 550 2255 χαρισάμενος
581 2206 677 2254 ἡμῖν,
705 2204 742 2241 οὗ
772 2205 855 2254 παρ’
889 2203 1006 2256 ἑτέρου
1045 2205 1110 2241 δα-

91 2264 288 2314 νεισάμενος
331 2269 440 2303 ταῦτα
485 2265 624 2310 ἔδωκεν,
637 2259 656 2268 ”
674 2265 750 2301 ἀλλ’
783 2263 913 2302 οἴκοθεν
960 2264 1110 2301 ἀναὸλύ-

90 2342 173 2373 σας,
208 2326 283 2364 οὐδὲ
315 2326 466 2376 ἀμοιὸὴν
499 2326 644 2378 ὀφείλων
677 2326 768 2372 τινὶ,
804 2329 850 2369 ὡς
886 2327 969 2377 παρ’
1007 2328 1110 2363 αὐτοῦ

89 2387 239 2439 εἰληφώς
274 2404 325 2435 τι,
370 2389 447 2425 ἀλλ’
481 2387 582 2431 αὐτὸς
613 2386 798 2440 κατάρχων
833 2387 885 2424 ἀεὶ
915 2390 983 2424 τῶν
1017 2389 1111 2438 εὐερ-

90 2452 227 2498 γεσιῶν.
264 2450 377 2486 Τοῦτο
409 2448 475 2501 γὰρ
508 2448 661 2499 μάλιστά
689 2450 763 2486 ἐστι
788 2448 961 2494 πλούτου,
994 2448 1033 2486 τὸ
1052 2447 1111 2486 καὶ

91 2510 315 2559 ὑπερχεῖσθαι
332 2509 391 2546 καὶ
408 2508 456 2558 μὴ
478 2510 610 2546 δεῖσθαι
626 2509 754 2560 ἑτέρου.
767 2508 830 2546 Διὸ
846 2509 905 2546 καὶ
925 2508 1109 2560 ἐπήγαγεν·

90 2568 176 2605 εὈτι
198 2568 231 2612 ἐξ
255 2571 355 2606 αὐτοῦ
367 2599 375 2615 ,
390 2569 449 2606 καὶ
464 2568 507 2605 δι’
524 2570 644 2614 αὐτοῦ,
664 2569 723 2607 καὶ
743 2571 790 2612 εἰς
806 2569 906 2607 αὐτὸν
925 2569 967 2606 τὰ
983 2568 1109 2606 πάντα.

92 2630 201 2672 Αὐτὸς
221 2623 327 2681 εῦρεν,
352 2629 451 2671 αὐτὸς
472 2628 646 2675 ἐποίησεν,
668 2629 767 2672 αὐτὸς
783 2634 796 2649 ³
813 2634 1017 2680 συγκροτεῖ·
1052 2627 1111 2666 καὶ

91 2688 158 2739 γὰρ
177 2689 236 2726 καὶ
257 2688 416 2731 πλούσιός
435 2691 527 2734 ἐστι,
547 2689 606 2725 καὶ
626 2691 662 2726 οὐ
682 2689 789 2726 δεῖται
808 2688 892 2740 παρ’
913 2688 1028 2739 ἑτέρου
1043 2689 1110 2724 λα-

91 2750 164 2786 ὃεῖν
180 2765 186 2772 ·

91 2810 182 2862 λέγω
198 2810 415 2860 συμέούλου,
434 2808 524 2847 Οὐδὲ
544 2808 670 2846 εἰδέναι
696 2825 747 2853 τις
768 2808 908 2846 δύναται
929 2808 972 2845 τὰ
995 2810 1110 2855 αὐτοῦ,

220 2749 279 2787 καὶ
309 2749 410 2800 σοφός
440 2750 536 2796 ἔστι,
561 2748 620 2786 καὶ
640 2751 678 2787 οὐ
697 2749 807 2786 δεῖται
826 2748 1035 2798 συμὸούλου.
1064 2746 1112 2785 Τί

92 2871 170 2909 ἀλλ’
185 2870 206 2916 ἢ
222 2871 323 2921 μόνος
337 2871 438 2913 αὐτὸς
453 2873 470 2908 ὁ
484 2869 644 2913 πλούσιος
659 2870 718 2908 καὶ
733 2869 846 2921 σοφός.
863 2869 934 2907 Καὶ
946 2868 1012 2920 γὰρ
1028 2871 1112 2906 πολ-

90 2934 150 2970 λοῦ
169 2931 332 2977 πλούτου,
352 2931 391 2969 τὸ
408 2930 484 2974 τοὺς
501 2930 535 2974 ἐξ
551 2932 656 2968 ἐθνῶν
671 2929 836 2982 εὐπόρους
850 2929 940 2967 οὕτω
954 2933 1110 2977 ποιῆσαι,

91 2992 150 3030 καὶ
165 2993 296 3038 πολλῆς
313 2991 453 3043 σοφίας,
473 2991 511 3028 τὸ
531 2990 608 3034 τοὺς
628 2990 803 3028 Ἰουδαίων
822 2990 1112 3041 καταδεεστέρους

89 3052 266 3090 Ἰουδαίων
296 3051 524 3095 διδασκάλους
555 3053 828 3092 κατασκευάσαι.
865 3045 967 3098 Εἶτα,
989 3050 1108 3096 ἐπειδὴ

92 3113 261 3165 ἐξεπλάγη
276 3143 286 3160 ,
319 3113 377 3151 καὶ
406 3112 627 3165 εὐχαριστίαν
662 3113 824 3165 ἀναφέρει
847 3113 956 3163 λέγων
971 3127 978 3135 ·
1008 3114 1110 3163 Αὐτῷ

91 3177 113 3219 ἡ
134 3173 214 3217 δόξα
235 3176 280 3217 εἷς
303 3172 379 3216 τοὺς
400 3176 538 3216 αἰῶνας.
569 3173 688 3223 Ἀμήν.
719 3173 835 3212 εὈταν
855 3173 921 3224 γάρ
938 3189 972 3210 τι
993 3177 1109 3210 τοιοῦ-

203 3235 212 3247 l
326 3235 334 3248 Ι
454 3234 461 3248 ἲ
504 3237 513 3249 7
555 3234 583 3247 l,
831 3233 839 3247 Ι
957 3235 967 3247 20
1039 3232 1064 3247 ΙΥ

92 3250 147 3272 τον
173 3237 257 3285 λεγῃ
291 3250 380 3285 μεγα
407 3250 467 3272 και
495 3238 704 3287 απορρητον,
725 3237 908 3285 θαυμαζων
939 3250 985 3277 εις
1009 3234 1108 3276 δοςαν

137 3361 148 3374 n
175 3349 266 3382 t'nus
282 3348 366 3381 Cod.
387 3354 475 3384 πάλιν
492 3353 521 3383 δὲ
539 3352 630 3385 οὗτοι.

137 3413 148 3427 ει
175 3403 249 3434 Mss.
270 3406 355 3439 αὑτὸς
373 3411 533 3448 :toppo-fa.
554 3401 624 3444 [Sic
641 3413 770 3446 quoque
788 3404 822 3434 A.
846 3413 907 3444 ap.
923 3413 983 3443 m.‚
999 3408 1099 3433 recte.

970 247 1027 277 AD
1066 247 1157 277 ROM
1167 266 1175 275 .

1214 246 1369 276 nomn„
1407 244 1501 274 xix.
2058 225 2147 285 725

1167 337 1238 365 tem
1251 343 1260 365 t
1273 340 1336 365 vos
1355 340 1424 363 non
1444 323 1660 374 credidistis,
1680 322 1767 361 ethi
1790 322 1917 361 servati
1948 330 2049 371 sunt3
2068 335 2150 358 rur—

1168 401 1228 425 sus
1247 387 1284 424 hi
1304 401 1373 424 non
1392 384 1629 433 cicdideiunt7
1645 393 1678 421 et
1697 398 1758 422 vos
1774 383 1903 422 servati
1917 374 2021 419 estis·
2039 395 2151 431 neque

1144 457 1286 513 3tamen
1304 447 1352 484 ita
1374 445 1503 483 selvati
1531 444 1625 492 estis,
1646 453 1685 481 ut
1708 443 1822 481 denuo
1847 442 1994 491 exeatis,
2020 455 2149 491 quem-

505 506 553 549 Ω.
585 511 687 562 βάθος
715 511 861 549 πλουτου
892 526 949 548 και
980 509 1099 561 σοφίας
1125 527 1149 554 Α
1144 489 1363 545 ³admodum
1383 505 1512 552 Judaei,
1534 505 1596 543 sed
1615 514 1653 541 ut
1669 503 1841 542 manendo
1859 503 1938 540 illos
1958 516 2020 554 pei
2035 516 2150 539 aemu-

1173 567 1338 604 lationem
1351 565 1548 603 attrahatis.
1563 567 1627 602 55.
1642 565 1851 602 Oalticudo
1871 564 2097 600 divitiarum
2117 569 2154 598 et

1174 629 1370 677 sapientioe
1378 634 1413 662 et
1424 628 1593 663 scientioe
1601 626 1676 662 Dei
1685 623 1699 661 J
1708 638 1823 675 quam
1834 623 2156 674 incomprehensi-

1177 687 1270 724 bilia
1279 695 1367 723 sunt
1375 688 1528 737 judicia
1541 688 1623 737 ejus
1635 684 1651 721 l
1666 685 1732 721 Hic
1746 684 1790 721 ad
1805 683 1921 735 prisca
1934 692 2087 734 tempora
2101 695 2156 718 re-

1176 760 1311 794 versus,
1319 755 1351 783 et
1363 747 1461 783 illam
1471 746 1556 783 olim
1567 744 1796 782 oeconomiam
1810 743 1874 780 Dei
1886 742 2154 793 contemplatus,

1176 821 1220 843 ex
1228 820 1296 856 quo
1309 806 1464 843 mundus
1474 805 1638 844 conditus
1651 813 1712 852 est,
1723 818 1834 854 usque
1848 803 1893 841 ad
1906 817 2059 855 praesens
2068 811 2156 839 tem-

1178 876 1292 918 pus‚et
1305 880 1423 903 seeum
1437 875 1603 917 reputans
1618 879 1725 915 quam
1737 864 1834 903 varie
1850 864 1910 901 illa
1924 863 2088 914 dispensa
2098 876 2159 901 ve-

1178 927 1236 975 rit,
1247 927 1430 978 obstupuit
1441 935 1473 964 et
1486 922 1664 973 clamavit,
1675 924 1897 962 auditoribus
1909 924 2016 961 fidem
2028 924 2160 960 faciens

1178 996 1346 1025 eventura
1379 986 1522 1024 omnino
1542 999 1614 1022 esse
1632 998 1711 1034 quae
1742 984 1893 1021 dixerat.
1914 985 2033 1033 Neque
2065 983 2161 1020 enim

1177 1046 1416 1098 obstupuisset
1437 1055 1469 1083 et
1490 1045 1688 1090 clamasset,
1711 1044 1779 1082 nisi
1798 1044 1867 1081 hoe
1896 1045 2038 1080 omnino
2059 1044 2162 1080 futu-

1178 1121 1257 1144 rum
1279 1116 1379 1144 esset.
1402 1107 1448 1144 Et
1474 1105 1619 1156 quidem
1645 1105 1740 1155 quod
1776 1103 1930 1141 altitudo
1957 1103 2016 1152 sit,
2038 1103 2160 1149 novit;

1179 1177 1309 1217 quanta
1335 1181 1419 1205 vero
1443 1167 1503 1204 illa
1523 1166 1583 1216 sit,
1602 1180 1672 1203 non
1701 1165 1800 1203 novit
1820 1178 1927 1202 :nam
1955 1163 2164 1200 admirantis

1179 1237 1230 1266 est
1247 1227 1384 1266 dietum
1411 1227 1515 1275 illud,
1535 1226 1631 1278 quod
1647 1235 1761 1263 totum
1781 1225 1923 1263 nesciat.
1938 1226 1981 1262 In
2010 1223 2165 1261 admira-

1179 1289 1308 1327 tionem
1326 1298 1360 1327 et
1378 1298 1558 1341 stuporem
1585 1288 1630 1325 ob
1656 1297 1791 1325 tantam
1814 1287 1882 1324 Dei
1900 1286 2093 1324 bonitatem
2112 1299 2165 1322 ra-

1180 1360 1275 1403 ptus,
1295 1359 1469 1402 quantum
1494 1349 1613 1402 potuit
1633 1348 1774 1386 duobus
1793 1348 1997 1386 nominibus
2024 1346 2167 1384 eximiis

1181 1411 1283 1449 illam
1303 1410 1531 1463 praedicavit,
1547 1424 1671 1461 nempe
1687 1409 1897 1447 divitiarum
1905 1417 1938 1446 et
1950 1406 2148 1445 altitudinis
2155 1422 2166 1455 3

1181 1481 1213 1509 et
1225 1472 1489 1524 obstupefactus
1502 1479 1564 1518 est,
1576 1470 1672 1520 quod
1687 1471 1761 1507 haec
1777 1479 1809 1507 et
1827 1469 1980 1508 voluerit
1994 1477 2027 1505 et
2044 1476 2168 1520 potue-

1181 1531 1288 1580 rit,ae
1307 1531 1480 1569 contraria
1495 1544 1556 1582 per
1576 1529 1749 1567 contraria
1770 1529 2166 1579 curaverit.Quamin-

1181 1593 1541 1643 comprehensibilia
1556 1599 1645 1628 sunt
1668 1592 1821 1643 judicia
1844 1589 1949 1642 ejus!
1964 1590 2042 1627 Non
2060 1587 2165 1626 modo

1181 1653 1275 1690 enim
1288 1651 1540 1704 comprehendi
1554 1666 1621 1689 non
1633 1651 1861 1703 possunt,sed
1876 1665 1988 1702 neque
2003 1650 2168 1702 explora-

1181 1714 1225 1753 ri.
1243 1716 1296 1752 Et
1314 1714 1599 1765 investigabiles
1611 1716 1686 1751 vice
1701 1712 1807 1764 ejus!
1818 1713 1857 1751 id
1871 1711 2144 1761 est‚oeeonomiae
2159 1726 2166 1746 :

1182 1776 1237 1813 hae
1266 1776 1396 1827 quippe
1413 1788 1481 1812 non
1502 1774 1616 1811 solum
1636 1774 1799 1825 cognosci
1816 1783 2006 1824 nequeunt,
2026 1772 2089 1810 sed
2107 1785 2170 1809 nee

1183 1835 1351 1888 perquiri.
1386 1837 1508 1885 Neque
1527 1834 1620 1871 enim
1639 1848 1714 1885 ego,
1736 1834 1861 1884 inquit,
1881 1834 1999 1871 omnia
2031 1831 2167 1881 inveni,

1184 1895 1245 1934 sed
1265 1896 1441 1934 modicam
1477 1904 1623 1947 partem,
1642 1908 1711 1931 non
1738 1903 1855 1931 ,totum
1874 1910 1881 1930 ε
1898 1894 1992 1932 solus
2019 1906 2177 1943 namque,

1183 1959 1259 2010 ipse
1277 1958 1368 1995 clare
1390 1957 1490 1995 novit
1512 1970 1549 1993 ea
1572 1970 1649 2006 quae
1669 1955 1781 2007 ipsius
1800 1965 1898 1993 sunt:
1914 1955 1992 1993 ideo
2007 1956 2169 1996 addidit:

1189 2021 1282 2069 Quis
1302 2022 1400 2056 enim
1425 2020 1602 2069 cognovit
1623 2026 1787 2054 mentem
1811 2018 1998 2054 Domini?
2018 2019 2080 2055 54.
2102 2028 2172 2057 aut

1185 2084 1271 2133 quis
1291 2081 1537 2118 consiliarius
1556 2080 1735 2131 ejussuit
1751 2083 1767 2115 P
1787 2079 1849 2117 55.
1872 2088 1940 2117 aut
1963 2082 2048 2131 quis
2067 2084 2174 2132 prior

1158 2187 1161 2189 ‚
1185 2143 1290 2179 dedic
1309 2143 1382 2188 illi,
1404 2150 1440 2178 et
1462 2143 1692 2178 retribuetur
1709 2143 1768 2177 ei?
1783 2139 1825 2177 Id
1845 2149 1908 2186 est,
1932 2156 2013 2178 cum
2028 2151 2098 2179 tam
2116 2157 2171 2180 sa-

1183 2202 1284 2254 piens
1303 2202 1360 2249 sit‚
1378 2215 1445 2238 non
1464 2201 1511 2238 ab
1531 2201 1601 2238 alio
1620 2200 1758 2251 sapiens
1775 2209 1839 2249 est,
1860 2201 1922 2238 sed
1941 2201 2016 2251 ipse
2032 2212 2082 2239 est
2096 2203 2174 2241 fons

1183 2263 1379 2300 bonorum:
1397 2270 1429 2299 et
1451 2261 1512 2312 qui
1531 2270 1627 2298 tanta
1645 2261 1727 2298 fecit
1746 2275 1786 2298 ac
1815 2262 1963 2312 largitus
1986 2271 2036 2299 est
2058 2263 2174 2311 nobis,

1185 2338 1254 2361 non
1274 2324 1319 2361 ab
1332 2323 1401 2360 alio
1417 2330 1600 2359 mutuatus
1613 2320 1726 2368 dedit,
1744 2321 1807 2358 sed
1821 2321 1865 2358 de
1876 2336 1938 2359 suo
1952 2322 2096 2372 effudit3
2112 2338 2175 2362 nee

1185 2393 1351 2422 mutuum
1367 2383 1470 2420 debet
1488 2381 1610 2429 alicui,
1629 2381 1730 2431 quasi
1757 2381 1803 2418 ab
1822 2381 1885 2419 illo
1907 2383 2093 2434 acceperit,
2114 2384 2175 2422 sed

1185 2444 1260 2496 ipse
1275 2458 1412 2496 semper
1431 2442 1684 2480 beneficiorum
1703 2442 1841 2494 primus
1861 2452 1983 2481 auctor
2002 2454 2063 2482 est.
2099 2445 2173 2482 Illae

1184 2520 1336 2556 namque
1352 2519 1440 2543 verae
1455 2513 1536 2541 sunt
1547 2503 1697 2551 divitiae,
1706 2502 1906 2541 redundare
1922 2513 1956 2541 et
1965 2505 2074 2543 altero
2085 2520 2172 2557 opus

1185 2579 1254 2603 non
1273 2565 1413 2602 habere.
1436 2563 1519 2600 Ideo
1539 2561 1677 2599 addidit
1694 2577 1701 2598 ε
1723 2563 1916 2612 Quoniam
1936 2578 1983 2600 ex
2013 2567 2104 2615 ipso,
2136 2575 2172 2603 et

1182 2640 1252 2677 per
1270 2629 1393 2677 ipsum
1409 2633 1445 2661 et
1471 2626 1513 2659 in
1535 2626 1615 2674 ipso
1637 2631 1727 2659 sunt
1746 2624 1892 2660 omnia.
1911 2625 1990 2674 Ipse
2020 2624 2169 2674 invenit,

1184 2687 1259 2737 ipse
1277 2686 1371 2735 feeit,
1392 2685 1467 2736 ipse
1487 2691 1670 2720 conservat
1685 2698 1692 2718 :
1707 2696 1788 2719 nam
1807 2682 1908 2720 dives
1924 2693 1987 2733 est,
2007 2698 2068 2722 nec
2083 2699 2172 2736 opus

1184 2746 1290 2784 habet
1311 2755 1347 2782 ut
1366 2745 1411 2782 ab
1433 2744 1550 2794 aliquo
1573 2742 1748 2793 accipiat3
1771 2743 1908 2794 sapiens
1935 2753 1997 2792 est,
2018 2759 2058 2782 ac
2090 2746 2172 2782 nul-

1183 2807 1254 2844 lius
1267 2820 1370 2857 egens
1387 2802 1656 2850 consilio‚Quid
1674 2803 1756 2840 dico
1776 2803 1950 2853 consilio?
1971 2806 2093 2855 Neque
2115 2820 2172 2844 co-

1186 2880 1350 2917 gnoscere
1362 2865 1441 2916 quis
1460 2872 1573 2916 potest
1593 2877 1670 2913 quae
1693 2863 1791 2900 illius
1813 2873 1905 2912 sunt,
1928 2864 1996 2902 nisi
2016 2865 2092 2917 ipse
2108 2880 2170 2903 so-

1185 2928 1240 2965 lus
1258 2936 1292 2964 et
1319 2926 1420 2964 dives
1438 2933 1471 2962 et
1493 2924 1641 2975 sapiens.
1673 2923 1800 2961 Multis
1828 2924 2001 2975 siquidem
2035 2925 2172 2964 divitiis

1184 2989 1377 3025 instructus
1398 2995 1462 3031 est,
1482 2985 1543 3035 qui
1574 2984 1731 3021 ethnicos
1753 2984 1800 3021 ita
1831 2985 1960 3023 divites
1991 2986 2170 3036 reddidit3

1184 3049 1296 3086 multa
1317 3047 1510 3100 sapientia,
1533 3055 1570 3083 ut
1587 3059 1643 3082 eos
1663 3046 1723 3094 qui
1744 3046 1877 3084 Judaeis
1898 3047 2001 3097 longe
2022 3047 2170 3086 inferio-

1184 3125 1237 3148 res
1256 3118 1367 3156 erant,
1385 3110 1405 3147 J
1410 3108 1592 3145 udaeorum
1606 3106 1766 3144 doctores
1785 3107 2016 3144 constituerit.
2035 3108 2171 3147 Deinde

1183 3179 1371 3223 postquam
1387 3169 1631 3218 obstupuerat,
1656 3167 1850 3218 gratiarum
1870 3167 2043 3205 actionem
2067 3170 2171 3207 refert

1182 3230 1421 3280 dicenstlpsi
1448 3229 1574 3279 gloria
1608 3229 1649 3264 in
1668 3228 1825 3266 soecula.
1847 3228 1990 3267 Amen.
2021 3229 2172 3276 Quando

1167 3346 1352 3391 Legebatur
1370 3345 1553 3391 συγκρατεῖ]

2230 2451 2311 2480 Verae
2328 2453 2375 2480 di-

2187 2495 2263 2520 vitiae
2298 2504 2375 2532 ‹into-

2188 2544 2266 2561 nam.
