2466 3805
68 926 157 954 ,Nmm
184 926 228 956 15.

67 965 116 994 35.

66 1898 180 1939 Gal-31.
198 1907 243 1938 ¹9.

64 2136 198 2176 Philipp.
215 2139 245 2175 4.

285 241 368 269 110
736 241 772 270 S.

275 321 408 357 bonum
423 321 459 358 in
474 320 590 358 anima
607 330 720 358 vestra
736 321 905 372 plantate,
919 328 952 356 et
965 318 1137 370 paulatim
1153 332 1253 369 para-

275 380 374 418 disus
392 381 458 418 Dei
476 381 691 429 efficiemini,
711 380 823 417 multo
848 379 972 415 melior
996 379 1057 415 illo
1086 378 1171 415 olim
1190 392 1251 430 pa-

274 438 404 476 radiso.
428 440 550 488 Neque
575 439 667 475 enim
699 436 795 488 apud
813 450 874 474 nos
893 450 1035 488 serpens
1054 446 1118 482 est,
1139 450 1251 486 neque

272 498 376 535 arhor
410 498 602 541 mortifera,
634 510 742 547 neque
775 496 875 534 aliud
909 497 1036 535 simile.
1070 497 1185 549 Figite
1213 498 1249 535 in

271 558 445 609 profundo
472 558 561 594 hanc
588 556 890 594 consuetudinem.
922 557 996 595 Hoc
1021 558 1051 595 si
1082 559 1159 607 fiat,
1180 572 1249 597 non

270 617 372 654 vobis
409 625 544 654 tantum
573 617 804 668 praesentibus
835 618 1009 669 proderit,
1046 619 1107 657 sed
1143 621 1249 658 etiam

269 677 432 714 omnibus
452 677 512 727 qui
531 677 568 714 in
587 678 671 715 orbe
686 686 787 729 sunt3
806 687 838 716 et
854 692 923 716 non
939 679 996 717 his
1012 688 1168 730 tantum,
1188 681 1250 720 sed

268 747 300 774 et
325 738 369 774 iis
402 738 462 787 qui
489 748 567 790 post
595 739 706 776 futuri
732 748 826 777 sunt.
847 740 1072 779 Consuetudo
1099 756 1249 794 namque

265 798 357 834 bona
387 797 557 848 ingressa,
579 808 613 836 et
637 799 683 836 ab
710 799 876 837 omnibus
900 810 1051 848 servata,
1076 802 1112 840 in
1143 803 1248 855 longa

265 857 429 895 transibit
454 867 626 910 tempora,
651 868 684 896 et
712 860 851 897 nullum
882 860 995 912 ipsam
1023 870 1160 914 tempus
1181 878 1247 901 ex-

267 919 427 958 scindere
444 921 586 972 poterit.
605 921 645 959 Si
664 921 709 970 is,
726 921 787 972 qui
802 922 899 973 ligna
913 923 1102 974 colligebat
1116 925 1152 962 in
1169 926 1248 964 sab-

265 979 361 1028 bato,
376 980 556 1032 lapidatus
573 981 662 1018 suit:
682 981 744 1031 qui
761 982 965 1020 collectione
978 982 1040 1020 illa
1053 984 1157 1036 longe
1170 999 1246 1037 gra-

264 1041 364 1079 viora
394 1041 566 1090 admittit,
599 1052 632 1079 et
661 1052 885 1094 peccatorum
911 1044 1085 1082 sarcinam
1110 1046 1247 1098 colligit

263 1104 347 1152 (boc
364 1105 458 1143 enim
474 1115 524 1143 est
539 1106 820 1157 juramentorum
835 1106 1060 1157 frequentia),
1074 1108 1162 1159 quid
1175 1123 1245 1148 non

264 1166 429 1203 subibit?
445 1165 533 1216 quid
549 1180 616 1204 non
633 1167 813 1218 patietur?
829 1168 1004 1218 Magnum
1023 1183 1042 1206 a
1059 1171 1135 1207 Deo
1150 1170 1245 1207 acci-

264 1226 366 1279 pietis
381 1227 559 1265 auxilium
572 1257 582 1276 ,
599 1227 629 1265 si
650 1227 718 1265 hoc
738 1228 966 1279 perfeceritis.
989 1229 1029 1267 Si
1043 1229 1172 1279 dicam,
1191 1234 1245 1270 Ne

265 1287 476 1325 contumelia
505 1287 658 1335 afficias,
681 1288 800 1326 statim
824 1289 914 1326 mihi
944 1290 1097 1328 furorem
1117 1291 1152 1329 in
1172 1307 1244 1330 me-

263 1347 366 1386 dium
390 1348 517 1385 affers:
538 1348 566 1385 si
597 1347 733 1397 dicam,
756 1349 809 1386 Ne
831 1348 1008 1399 invideas,
1027 1351 1134 1389 aliam
1161 1367 1242 1391 cau-

265 1424 339 1446 sam
355 1410 520 1462 proferes.
542 1410 609 1447 Hic
621 1424 706 1447 vero
725 1410 815 1448 nihil
830 1411 897 1448 tale
912 1411 1020 1450 habes
1034 1413 1239 1454 dicendum.

265 1466 348 1504 Ideo
374 1482 393 1504 a
423 1467 589 1506 facilibus
620 1468 729 1520 coepi,
749 1469 832 1519 quia
860 1469 895 1506 in
919 1470 1054 1508 artibus
1079 1473 1244 1512 omnibus

264 1529 316 1566 sic
342 1528 418 1566 fieri
448 1529 546 1566 solet.
568 1529 627 1567 Sic
648 1530 726 1579 quis
745 1529 792 1567 ad
810 1531 943 1582 majora
961 1533 1144 1583 procedit,
1163 1549 1245 1573 cum

262 1589 362 1640 prius
378 1589 535 1626 faciliora
552 1589 690 1627 didicit.
707 1590 834 1628 Scietis
852 1605 959 1641 quam
975 1592 1020 1629 sit
1037 1593 1104 1631 hoc
1124 1594 1241 1646 facile,

263 1649 404 1700 quando
424 1664 462 1688 re
480 1664 541 1702 per
562 1650 628 1687 Dei
652 1650 803 1701 gratiam
822 1652 988 1702 perfecta,
1014 1653 1121 1692 aliam
1139 1669 1241 1693 acce-

260 1709 383 1760 peritis
410 1710 534 1761 legem.
556 1711 646 1748 Date
677 1710 766 1748 mihi
794 1711 960 1761 loquendi
989 1713 1182 1765 fiduciam,
1210 1725 1243 1754 et

261 1784 378 1807 coram
400 1770 593 1821 gentilibus
609 1779 642 1808 et
661 1785 781 1808 coram
809 1773 830 1811 J
835 1771 960 1822 udaeis,
983 1782 1030 1822 et,
1051 1774 1147 1824 quod
1164 1785 1244 1814 ante

260 1831 376 1868 omnia
397 1841 462 1880 est,
483 1846 600 1869 coram
619 1834 706 1870 Deo.
727 1832 848 1870 Etiam
874 1833 1015 1872 obsecro
1035 1849 1099 1887 per
1118 1837 1245 1876 carita-

258 1900 343 1939 tem,
362 1906 424 1943 per
449 1892 607 1930 dolorem
630 1902 765 1944 partus,
786 1908 855 1944 quo
881 1908 943 1931 vos
965 1896 1156 1946 parturivi,
1177 1900 1244 1936 Fi-

260 1953 344 1990 lioli
370 1955 453 1990 mei.
471 1952 577 1999 Quod
600 1953 761 2003 sequitur
788 1967 856 1991 non
883 1954 1028 2004 addam,
1051 1958 1154 2007 Quos
1171 1961 1244 1996 ite-

259 2027 343 2051 rum
369 2017 562 2065 parturi05
587 2028 698 2065 neque
727 2014 857 2063 dicam,
889 2017 1023 2055 Donec
1057 2020 1247 2069 formetur·

261 2076 436 2113 Christus
453 2078 495 2113 in
511 2078 632 2114 vohis.
660 2076 773 2113 Credo
796 2076 901 2124 enim,
925 2077 1108 2117 Christum
1126 2080 1161 2119 in
1182 2095 1245 2120 vo-

261 2136 316 2173 bis
329 2136 520 2174 formatum
535 2150 618 2174 esse.
630 2136 702 2174 Sed
720 2137 790 2175 alia
808 2138 910 2176 vobis
926 2138 1043 2177 dicam
1060 2156 1067 2176 :
1086 2143 1246 2181 Fratres

263 2200 337 2234 mei
359 2198 492 2234 dilecti
515 2206 550 2235 et
572 2198 793 2245 desiderati,
821 2200 1007 2250 gaudium
1037 2209 1074 2238 et
1101 2215 1247 2240 corona

263 2274 355 2297 mea.
379 2258 518 2296 Credite
543 2259 646 2307 mihi,
669 2273 725 2297 me
742 2273 811 2297 non
831 2260 934 2298 aliter
954 2261 1137 2301 dicturum
1160 2279 1244 2303 esse.

261 2319 298 2356 Si
316 2319 397 2369 quis
415 2319 514 2356 mille
534 2333 679 2356 coronas
695 2319 808 2370 regias
823 2321 971 2370 gemmis
983 2331 1122 2360 ornatas
1140 2325 1248 2376 capiti

262 2394 339 2417 meo
361 2393 454 2417 nunc
472 2380 687 2431 imponeret,
710 2393 779 2417 non
802 2380 850 2417 ita
871 2381 1082 2432 gauderem,
1103 2394 1142 2421 ut
1162 2399 1248 2436 gau-

261 2439 327 2477 deo
346 2440 381 2477 in
400 2440 559 2491 profectu
592 2448 730 2488 vestr03
751 2439 822 2477 imo
840 2454 902 2478 nec
918 2441 1036 2492 ipsum
1054 2444 1249 2496 Imperato-

261 2514 334 2538 rem
368 2501 416 2538 ita
447 2500 599 2552 gaudere
626 2510 729 2552 puto,
749 2510 789 2538 ut
807 2515 871 2553 ego
898 2502 942 2539 de
973 2503 1073 2541 vobis
1097 2506 1245 2556 gaudeo.

261 2562 358 2607 Ouid
376 2562 474 2600 dico.
468 2563 484 2584 ‘’
504 2562 542 2600 Si
562 2562 726 2600 omnibus
756 2562 825 2600 adx
830 2562 915 2601 ersis
938 2565 1101 2615 gentibus
1131 2581 1245 2620 expu-

261 2637 281 2651 ‹·
261 2623 374 2671 natis
398 2623 513 2661 xict01
540 2623 694 2671 lediiet,
720 2637 761 2661 ac
780 2633 908 2676 praetel
926 2625 1066 2663 solitam
1084 2641 1247 2667 eoronam

260 2673 345 2721 ilias
360 2684 532 2736 accipeiet
547 2698 692 2722 C'olonas
711 2694 745 2722 et
760 2685 960 2723 diademata
976 2687 1135 2725 victoriae
1151 2703 1192 2741 sy
1195 2704 1247 2728 m-

259 2744 446 2789 lJ01a‚non
474 2754 561 2796 puto
590 2745 694 2782 illum
722 2744 767 2782 de
795 2746 937 2797 tropaeis
966 2747 1016 2784 ita
1040 2749 1248 2799 gaxisurum

261 2820 346 2853 csse,
371 2815 407 2843 ut
427 2820 492 2857 ego
522 2806 566 2843 de
593 2807 753 2858 profectu
776 2815 892 2844 vestro
913 2807 1060 2858 gaudeo.
1085 2811 1177 2848 Nam
1199 2811 1247 2850 ita

260 2868 415 2915 exsulto,
436 2882 476 2905 ac
503 2869 532 2905 si
559 2867 657 2905 mille
685 2881 829 2905 coronas
855 2868 970 2920 capite
991 2879 1185 2923 gestare1115
1207 2888 1248 2912 ac

263 2929 335 2975 jure
356 2929 494 2966 merito.
517 2929 607 2966 Nam
624 2927 653 2965 si
670 2941 733 2979 per
751 2928 818 2965 Dei
838 2929 988 2980 gratiam
1004 2930 1099 2969 hunc
1114 2947 1248 2972 morem

260 2989 517 3038 assequamini,
556 2997 737 3026 sexcentos
771 2989 887 3026 hostes
923 2992 1133 3042 superastis,
1175 2994 1247 3033 illis

260 3049 361 3100 louge
377 3050 569 3100 graviores,
589 3049 651 3100 qui
669 3057 790 3087 contra
809 3050 919 3087 malos
945 3050 1124 3091 daemonas
1145 3063 1178 3092 et
1195 3056 1245 3093 fe-

261 3124 356 3148 roces
370 3110 614 3162 pugnaveritis
628 3140 636 3158 ,
652 3124 720 3148 non
742 3110 875 3161 gladio,
896 3111 955 3149 sed
970 3112 1092 3164 lingua
1106 3125 1138 3153 et
1157 3131 1245 3168 pro-

263 3171 387 3220 posito.
412 3170 539 3209 Videte
558 3184 707 3221 namque
726 3186 833 3222 quam
853 3172 939 3210 bene
962 3187 1037 3212 rem
1054 3177 1243 3225 gesseritis,

311 3318 315 3329 ¹
336 3306 395 3338 Alii
413 3313 511 3341 ἐκεῖνοι
530 3316 623 3349 μόνος.

306 3360 321 3383 ¹·
339 3358 399 3390 Alii
416 3363 515 3402 πολλῷ
533 3371 650 3399 πρῶτα.-

811 241 920 270 JOAN
928 240 996 270 le
1031 238 1271 269 CHRYSOST.

1272 2702 1297 2732 D

1312 239 1517 269 ARCHIEP.
1555 241 1913 273 CONSTANTINOP.

1324 319 1530 370 τορθωθήτω
1542 335 1550 342 ·
1569 320 1688 360 τούτου
1706 322 1830 362 λάὸετε
1854 328 1911 361 τοῦ
1929 324 2197 376 κατορθώματος
2214 325 2339 372 αἴσθη-

1325 394 1377 417 σιν
1395 380 1575 432 πρότερον,
1591 382 1651 420 καὶ
1673 383 1751 422 τότε
1777 386 1857 434 ὑμῖν
1877 386 1936 422 καὶ
1963 385 2098 437 ἑτέρους
2125 385 2251 429 εἰσάξω
2278 385 2338 422 νό-

1325 455 1428 490 μους·
1450 443 1581 491 μᾶλλον
1599 442 1634 481 δὲ
1662 445 1724 481 οὐκ
1752 445 1842 496 ἐγὼ,
1865 447 1940 484 ἀλλ’
1971 450 1988 485 ὃ
2007 446 2167 498 Χριστός.
2194 445 2337 483 Φυτεύ-

1324 518 1408 540 σατε
1424 505 1458 540 ἐν
1473 506 1516 555 τῇ
1535 506 1630 556 ψυχῇ
1647 508 1690 556 τῇ
1709 507 1860 560 υμετέρᾳ
1875 512 1974 546 τοῦτο
1989 524 2028 546 το
2043 509 2121 546 κα)
2113 524 2164 555 ον,
2178 524 2236 545 και
2247 506 2336 545 κατὰ

1323 564 1444 616 μικρὸν
1473 565 1590 603 ἔσεσθε
1608 566 1817 617 παράδεισος
1837 574 1897 607 τού
1914 571 2027 618 Θεοῦ,
2046 570 2164 607 πολλω
2192 569 2336 620 βελτίων

1322 623 1451 661 ἐκείνου
1480 628 1540 662 τοῦ
1571 626 1794 679 παραδείσου.
1817 629 1909 667 Οὔτε
1939 629 2006 679 γὰρ
2033 630 2108 680 ὄφις
2125 632 2209 681 παρ’
2239 633 2336 678 ἡμῖν,

1322 683 1399 723 οὔτε
1430 684 1565 737 δένδρον
1594 688 1843 741 θανατηφόρον,
1867 689 1944 727 οὔτε
1966 689 2052 728 ἄλλο
2084 706 2153 727 των
2174 690 2336 727 τοιούτων

1321 744 1427 783 οὐδέν.
1447 745 1590 792 Πήξατε
1610 749 1644 785 ἐν
1678 747 1775 798 βάθει
1804 749 1932 795 ταύτην
1963 749 2027 796 τὴν
2056 750 2249 797 συνήθειαν.
2276 747 2336 788 Ἂν

1319 809 1420 843 τοῦτο
1440 806 1601 858 γένηται,
1621 810 1683 859 οὐχ
1702 809 1799 858 ὑμεῖς
1829 813 1859 847 οἳ
1878 809 2046 861 παρόντες
2074 811 2337 862 ὠφεληθήσεσθε

1322 867 1439 916 μόνον,
1462 867 1552 906 ἀλλὰ
1570 869 1628 906 καὶ
1652 869 1780 913 πάντες
1797 873 1828 909 οἱ
1854 873 1888 908 ἐν
1909 873 1952 921 τῇ
1974 871 2176 922 οἰκουμένῃ·
2197 871 2256 909 καὶ
2276 873 2338 910 οὐκ

1320 930 1466 966 Βέκεῖνοι
1487 928 1602 977 μόνον,
1619 928 1708 967 ἀλλὰ
1722 930 1781 968 καὶ
1801 932 1832 968 οἱ
1852 931 1940 981 μετὰ
1959 935 2070 969 ταῦτα
2089 931 2335 983 ἐπιγινόμενοι.

1320 988 1423 1033 Ἔθος
1441 989 1507 1042 γὰρ
1526 989 1631 1028 καλὸν
1655 990 1818 1039 εἰσελθὸν,
1837 991 1896 1029 καὶ
1921 992 2018 1043 παρὰ
2036 991 2176 1030 πάντων
2204 994 2338 1044 φυλατ-

1318 1051 1474 1100 τόμενον,
1492 1053 1539 1094 εἷς
1555 1050 1708 1102 μακροὺς
1724 1052 1964 1098 διαδοθῆσεται
1977 1052 2138 1106 χρόνους,
2156 1053 2215 1091 καὶ
2231 1053 2339 1096 οὐδεὶς

1320 1111 1403 1148 αὐτὸ
1419 1111 1538 1162 καιρὸς
1566 1111 1710 1163 ἐκκόψαι
1741 1113 1936 1159 δυνήσεται.
1958 1114 2002 1151 Εἰ
2029 1113 2113 1158 ξύλα
2145 1129 2196 1156 τις
2217 1113 2338 1152 συλλέ-

1318 1187 1387 1222 γων
1407 1173 1441 1208 ἐν
1462 1171 1628 1225 σαὸὅάτῳ
1646 1172 1863 1217 λιθόλευστος
1876 1172 2012 1224 γέγονεν
2023 1188 2031 1196 ·
2046 1176 2063 1211 ὁ
2082 1173 2125 1211 τὰ
2141 1175 2261 1226 πολλῷ
2276 1177 2338 1220 τ’ἧς

1319 1233 1489 1282 συλλογῆς
1506 1231 1637 1278 ἐκείνης
1662 1232 1891 1285 χαλεπώτερα
1912 1234 2155 1285 ἐργαζόμενος,
2173 1235 2232 1272 καὶ
2252 1250 2338 1287 φορ-

1318 1291 1388 1330 τίον
1413 1292 1592 1344 ἁμαρτιῶν
1615 1293 1788 1344 συλλέγων
1818 1297 1942 1342 (τοῦτο
1969 1294 2035 1346 γὰρ
2059 1297 2128 1332 τῶν
2157 1295 2270 1347 ὅρκων
2298 1295 2338 1333 τὸ

1318 1354 1449 1398 πλῆθος
1464 1356 1494 1400 ),
1515 1352 1550 1390 τί
1568 1355 1633 1406 οὐχ
1665 1355 1917 1401 ὑποστήσεται;
1934 1355 1967 1392 τί
1999 1355 2035 1392 δὲ
2063 1357 2126 1407 οὐχ
2153 1358 2335 1406 ὑπομενεῖς

1319 1413 1459 1460 Πολλὴν
1474 1414 1626 1465 λήψεσθε
1650 1414 1747 1469 παρὰ
1773 1419 1832 1454 τοῦ
1858 1418 1949 1455 Θεοῦ
1971 1415 2034 1463 τὴν
2073 1417 2247 1467 βοήθειαν,
2278 1416 2336 1455 ἐὰν

1318 1480 1418 1513 τοῦτο
1436 1478 1519 1526 ὑμῖν
1538 1476 1812 1529 κατωρθωμένον
1831 1471 1868 1528 ᾗ.
1889 1476 1949 1516 Ἂν
1969 1477 2076 1525 εἴπω,
2105 1477 2152 1528 μὴ
2173 1478 2336 1530 ὑέρίσῃς,

1320 1536 1442 1579 εὐθέως
1459 1536 1516 1574 τὸν
1534 1537 1639 1587 θυμόν
1657 1554 1716 1588 μοι
1736 1538 1848 1590 φέρεις
1873 1540 1920 1581 εἷς
1940 1538 2060 1589 μέσον·
2093 1538 2133 1576 ἂν
2154 1539 2262 1586 εἴπω,
2288 1540 2335 1590 μὴ

1321 1597 1520 1649 βασκήνῃς,
1540 1598 1648 1644 ἄλλην
1668 1598 1780 1636 αἰτίαν
1797 1602 1897 1651 ἐρεῖς.
1921 1600 2095 1638 Ενταῦθα
2115 1599 2210 1638 οὗδεν
2223 1605 2338 1639 τοιοῦ-

1318 1674 1374 1696 τον
1396 1658 1486 1710 ἔχεις
1507 1660 1626 1697 εἰπεῖν.
1650 1659 1719 1697 Διὰ
1746 1664 1845 1699 τοῦτο
1865 1661 1933 1700 ἀπο
1952 1677 2020 1699 των
2051 1661 2200 1700 εὐκό)ων
2228 1662 2337 1714 ἠρξά-

1320 1735 1401 1769 μην,
1422 1719 1496 1756 ἐπει
1511 1735 1570 1757 και
1586 1736 1620 1757 εν
1641 1725 1717 1763 ταῖς
1734 1737 1770 1758 τε
1757 1738 1872 1773 χναις
1891 1721 2044 1764 ἁπάσαις
2061 1721 2100 1760 τὸ
2121 1722 2202 1760 αὐτο
2220 1726 2337 1760 ποιοῦ-

1318 1796 1384 1817 σιν.
1401 1779 1504 1817 Οὕτω
1526 1796 1576 1823 τις
1595 1781 1653 1819 καὶ
1674 1782 1731 1819 ἐπὶ
1744 1781 1788 1819 τὰ
1802 1782 1940 1833 μείζονα
1956 1782 2110 1834 ἔρχεται,
2131 1783 2174 1820 τὰ
2190 1783 2337 1822 εὐκολώ-

1317 1855 1401 1891 τερα
1415 1838 1561 1893 1’πολλῷ
1583 1844 1719 1892 πρῶτον
1746 1844 1939 1893 μανθάνων.
1956 1844 2104 1882 Εἴσεσθε
2119 1874 2128 1892 ,
2148 1847 2220 1886 πῶς
2243 1845 2335 1882 ἐστιν

1319 1901 1457 1939 εὔκολον
1485 1907 1602 1949 τοῦτο,
1623 1902 1704 1940 ὅταν
1734 1906 1778 1954 τῇ
1807 1909 1866 1942 τοῦ
1888 1907 1979 1943 Θεοῦ
2010 1905 2130 1957 χάριτι
2162 1905 2337 1956 κατορθώ-

1319 1978 1457 2008 σαντες,
1485 1963 1544 1999 καὶ
1563 1962 1678 2014 ἕτερον
1703 1963 1843 2011 δέξησθε
1860 1965 1979 2015 νόμον.
1999 1965 2086 2002 Δότε
2119 1981 2176 2015 μοι
2198 1967 2336 2017 παρρη-

1320 2022 1411 2071 σίαν,
1433 2022 1493 2061 καὶ
1522 2023 1579 2061 ἐπὶ
1599 2023 1790 2072 Ἑλλήνιον,
1810 2026 1869 2063 καὶ
1890 2026 1946 2064 ἐπὶ
1973 2025 2164 2074 Ἰουδαίων,
2186 2026 2245 2063 καὶ
2270 2027 2338 2078 πρὸ

1320 2083 1459 2122 πάντων
1476 2083 1533 2122 ἐπὶ
1553 2089 1612 2123 τοῦ
1633 2087 1737 2124 Θεοῦ.
1759 2086 1830 2124 Ναὶ
1849 2088 2045 2138 παρακαλῶ
2061 2086 2146 2138 πρὸς
2165 2089 2227 2132 τ’ῆς
2246 2087 2337 2138 ἀγά-

1320 2160 1410 2192 πης,
1428 2160 1514 2196 προς
1530 2161 1592 2192 της
1611 2147 1730 2190 ὠδῖνος
1744 2176 1753 2193 ,
1769 2148 1812 2185 δι
1823 2141 1863 2192 ἧς
1880 2150 1969 2197 ὑμᾶς
1983 2145 2089 2185 ὤδινα
2101 2176 2110 2193 ,
2126 2147 2244 2185 τεκνία
2261 2165 2337 2198 μου.

1321 2205 1373 2243 Τὸ
1398 2204 1481 2242 δεὲ
1465 2205 1541 2251 εξης
1569 2209 1648 2267 oux„
1661 2206 1776 2250 ἐπάξω
1796 2223 1854 2254 το,
1875 2207 1947 2250 Οὒς
1975 2208 2081 2246 πάλιν
2110 2208 2242 2246 ὠδίνω·
2261 2209 2338 2248 οὐδὲ

1320 2268 1387 2316 ἐρῶ
1401 2264 1456 2313 τὸ,
1476 2264 1596 2319 Ἄχρις
1611 2269 1648 2304 οὑ
1666 2271 1831 2319 μορφωθῇ
1851 2268 2001 2320 Χριστὸς
2018 2269 2053 2304 ἐν
2068 2270 2162 2318 ὑμῖν.
2176 2268 2338 2307 Πιστεύω

1319 2326 1405 2377 γὰρ,
1435 2325 1487 2363 ὅτι
1519 2327 1748 2379 μεμόρφωται
1766 2328 1916 2380 Χριστὸς
1946 2330 1979 2366 ἐν
2000 2331 2092 2377 ὑμῖν.
2113 2328 2204 2366 Ἀλλ’
2236 2329 2337 2380 ἔτερα

1320 2387 1405 2440 πρὸς
1423 2389 1514 2437 ὑμᾶς
1533 2390 1599 2439 ἐρῶ
1612 2404 1619 2411 ·
1641 2387 1795 2439 Ἀδελφοί
1818 2404 1882 2438 μου
1904 2389 2078 2438 ἀγαπητοὶ
2097 2389 2155 2427 καὶ
2172 2389 2337 2436 ἐπιπόθη-

1320 2463 1389 2497 τοι,
1408 2447 1502 2500 χαρὰ
1527 2447 1585 2485 καὶ
1613 2448 1778 2500 στέφανός
1813 2465 1890 2498 μου.
1914 2449 2133 2487 Πιστεύσατε
2161 2450 2228 2502 γάρ
2259 2466 2337 2500 μοι,

1319 2508 1370 2547 ὅτι
1390 2511 1450 2547 οὐκ
1470 2509 1583 2552 ἄλλως
1599 2511 1677 2561 ἐρῶ.
1700 2510 1745 2547 Εἰ
1762 2509 1901 2562 μυρίους
1917 2525 1967 2551 τις
1982 2510 2245 2557 λιθοκολλήτους
2260 2527 2337 2549 στε-

1321 2570 1445 2622 φάνους
1463 2569 1663 2620 βασιλικοὺς
1678 2570 1827 2617 ἐπέθηκέ
1844 2587 1907 2620 μου
1924 2574 1966 2622 τῇ
1983 2573 2116 2623 κεφαλῇ
2138 2576 2207 2619 νῦν,
2218 2573 2278 2609 οὐκ
2295 2572 2336 2609 ἂν

1320 2630 1512 2684 εὐφράνθην
1534 2632 1579 2673 ὡς
1598 2630 1822 2683 εὐφραίνομαι
1843 2631 1900 2668 ἐπὶ
1918 2633 1961 2682 τῇ
1991 2636 2150 2683 προκοπῇ
2179 2635 2221 2684 τῇ
2250 2635 2336 2682 ὑμε-

1319 2691 1421 2743 τέρᾳ·
1439 2693 1571 2742 μᾶλλον
1592 2691 1645 2737 δὲ,
1663 2690 1740 2729 οὐδὲ
1760 2691 1816 2729 τὸν
1834 2692 1980 2743 βασιλέα
2001 2692 2108 2735 οὕτως
2133 2687 2231 2743 οἶμαι
2249 2693 2335 2744 ’χαί-

1322 2768 1403 2805 ρειν,
1419 2755 1465 2796 ὡς
1486 2751 1554 2803 ἐγὼ
1573 2754 1646 2804 ‘²529'
1666 2755 1758 2803 ὑμῖν.
1775 2753 1822 2791 Τί
1850 2753 1958 2805 λέγω;
1980 2756 2023 2791 Εἰ
2048 2754 2164 2792 πάντα
2183 2753 2227 2791 τὰ
2256 2754 2335 2800 ἔθνη

1319 2813 1362 2851 τὰ
1380 2815 1599 2863 πολεμοῦντα
1620 2815 1713 2865 αὐτῷ
1733 2814 1878 2861 νικήσας
1897 2816 2068 2860 ἐπανῆλθε
2081 2844 2090 2861 ,
2113 2814 2172 2852 καὶ
2199 2819 2257 2853 τοῦ
2276 2831 2335 2853 νε-

1320 2874 1527 2925 νομισμένου
1548 2874 1716 2926 στεφάνου
1748 2875 1886 2919 πλείους
1914 2875 2050 2928 ἑτέρους
2074 2874 2176 2912 ἔλαὸε
2209 2876 2335 2927 στεφά-

1321 2951 1412 2982 νους,
1434 2934 1493 2973 καὶ
1512 2934 1613 2986 ἕτερα
1645 2935 1843 2986 διαδήματα
1865 2935 2026 2986 σύμβολα
2049 2937 2110 2981 τῆς
2136 2935 2232 2982 νίκης
2247 2967 2256 2984 ,
2275 2938 2336 2974 οὐκ

1320 2996 1360 3033 ἂν
1382 2995 1483 3034 αὐτὸν
1503 2994 1610 3039 οὕτως
1629 2989 1726 3046 οἶμαι
1747 2996 1880 3047 χαίρειν
1905 2995 1961 3033 ἐπὶ
1986 3001 2056 3038 τοῖς
2076 2996 2274 3047 τροπαίοις,
2291 3000 2336 3040 ὡς

1317 3055 1386 3107 ἐγὼ
1403 3054 1461 3093 ἐπὶ
1479 3059 1521 3107 τῇ
1541 3058 1701 3107 προκοπῇ
1717 3059 1759 3107 τῇ
1781 3056 1940 3108 ὑμετέρᾳ.
1956 3055 2096 3107 ΕὨσπερ
2115 3057 2181 3108 γὰρ
2198 3057 2336 3109 μυρίους

1318 3116 1503 3168 στεφάνους
1517 3116 1574 3153 ἐπὶ
1591 3118 1654 3161 τῆς
1682 3119 1836 3167 κεφαλῆς
1854 3116 1956 3168 ἔχων,
1977 3115 2084 3161 οὕτως
2117 3118 2333 3169 ἀγάλλομαι·

1317 3177 1373 3214 καὶ
1395 3176 1543 3220 εἰκότως.
1562 3176 1621 3214 Ἂν
1641 3176 1708 3227 γὰρ
1724 3179 1767 3227 τῇ
1796 3180 1855 3214 τοῦ
1885 3178 1976 3215 Θεοῦ
1995 3177 2112 3229 χάριτι
2132 3183 2232 3217 τοῦτο
2252 3181 2332 3230 ὑμῖν

1374 3328 1384 3341 r
1404 3321 1446 3361 ἐρ’
1466 3321 1542 3359 :Aut-a,
1563 3322 1588 3350 εἴ
1606 3332 1645 3354 τις
1662 3322 1775 3358 πάντα,
1791 3317 1836 3348 sic
1860 3315 1994 3358 quidam
2009 3316 2083 3348 Mss,
