2502 3810
303 250 395 306 412
749 258 786 286 5.

300 343 385 380 satis
413 340 562 387 habent,
589 336 683 388 quod
706 349 778 373 sese
796 342 921 371 mutuo
942 340 1195 382 corrumpant,
1217 329 1278 368 sed

298 404 404 441 ctiam
423 400 622 453 principem
640 411 710 434 una
727 408 954 446 corrumpere
973 401 1159 444 satagunt:
1182 392 1279 430 ideo·
1302 400 1326 430 E

297 479 364 515 que
383 462 568 514 provisum
587 469 655 504 est,
679 467 719 495 ut
737 457 797 494 ille
819 457 924 494 etiam
950 455 1101 493 disceret
1119 455 1281 507 ipsorum

297 523 453 560 insidias.
474 520 547 572 Ipsi
566 533 648 557 vero
662 533 731 556 non
747 518 863 556 solum
879 531 924 555 ex
939 531 994 569 eo,
1013 515 1107 566 quod
1121 515 1212 552 nihil
1227 515 1283 553 di-

298 583 450 620 cendum
474 581 667 626 haberent,
700 579 762 618 sed
786 579 893 617 etiam
918 592 963 615 ex
995 592 1035 615 eo
1044 607 1054 627 ‚
1076 576 1173 627 quod
1192 577 1284 615 clam

296 643 528 689 molirentur,
548 649 742 693 arguerunt
778 654 813 678 se
838 639 947 678 nihili
968 653 1054 676 esse.
1075 638 1284 677 Verisimile

295 712 411 740 autem
429 712 479 740 est
496 702 595 749 illos,
617 710 804 753 postquam
822 700 955 738 Paulus
975 698 1185 736 amandatus
1202 707 1277 748 est,

295 776 450 800 summos
467 762 662 799 sacerdotes
694 761 848 810 adiisse⁷
874 769 907 797 et
934 773 971 797 re
990 759 1118 796 infecta
1148 757 1284 810 pudore

295 824 447 861 suffusos
467 822 685 860 abscessisse.
706 824 792 861 Jure
821 830 939 858 autem
963 821 1031 858 hoc
1052 819 1135 857 facit
1160 819 1282 857 tribu-

294 898 360 921 nus
379 900 386 920 ε
408 884 549 921 nolebat
569 883 663 920 enim
677 882 733 921 vel
753 881 949 933 gratificari
968 882 1025 920 vel
1047 894 1215 918 annuere.
1234 880 1282 918 Et

295 944 492 995 quomodo,
528 944 684 995 inquies,
718 942 870 981 credidit
899 957 982 980 vera
1015 956 1108 990 esse⁷
1130 955 1208 992 quae
1234 940 1280 978 ab

295 1005 513 1044 adolescente
532 1004 818 1042 nuntiabantur?
838 1004 898 1042 Ex
919 1003 962 1040 iis
975 1033 986 1052 ,
1007 1017 1086 1053 quae
1102 1002 1179 1053 jam
1201 1015 1283 1038 eve-

295 1076 417 1105 nerant
429 1097 438 1115 ,
452 1067 688 1118 conjectabat,
710 1065 793 1115 quia
808 1074 842 1102 et
856 1065 923 1103 hoc
938 1065 1092 1102 facturos
1109 1063 1190 1101 illos
1210 1077 1284 1101 esse
1307 1076 1333 1105 Α

295 1127 492 1164 verisimile
516 1136 601 1165 erat.
625 1126 671 1163 Et
690 1125 773 1164 vide
791 1124 1011 1176 nequitiam:
1037 1124 1135 1174 quasi
1164 1137 1283 1161 neces-

297 1187 437 1225 sitatem
470 1187 618 1224 summis
648 1185 890 1224 sacerdotibus
919 1185 1129 1222 intulerunt.
1167 1184 1215 1221 Et
1242 1198 1285 1222 ne

298 1249 437 1286 mireris
453 1264 460 1284 :
478 1263 559 1285 nam
579 1248 608 1285 si
629 1256 767 1285 tantum
784 1247 818 1284 in
837 1261 873 1284 se
892 1255 1120 1298 susceperunt
1145 1245 1198 1282 illi
1214 1275 1223 1292 ‚
1252 1254 1287 1283 et

298 1324 402 1347 omne
422 1308 624 1361 pericuium
648 1315 899 1359 acceptarunt,
932 1306 1045 1343 multo
1073 1305 1186 1356 magis
1205 1305 1286 1343 illos

299 1369 458 1420 idipsum
495 1369 650 1406 facturos
681 1382 754 1406 esse
788 1366 983 1406 verisimile
1020 1375 1104 1404 erat.
1131 1365 1286 1414 Viden',

299 1431 478 1481 quomodo
493 1440 722 1468 externorum
740 1429 908 1467 sententia
923 1429 1088 1466 innocens
1102 1437 1176 1465 erat
1194 1429 1287 1465 Pau-

298 1493 378 1541 lus,
402 1501 440 1529 ut
461 1501 495 1529 et
517 1491 679 1529 Christus
700 1490 798 1543 apud
816 1490 1003 1527 Pilatum?
1025 1488 1094 1527 Sed
1114 1488 1197 1526 vide
1216 1503 1287 1527 ne—

299 1552 450 1603 quitiam
472 1566 491 1588 a
521 1552 635 1603 seipsa
666 1559 906 1602 expugnatam
930 1565 938 1585 z
961 1563 1042 1586 nam
1065 1547 1289 1585 tradiderunt

299 1614 427 1661 illum,
452 1622 490 1650 ut
521 1612 732 1649 damnarent
753 1610 1050 1659 occiderentque:
1075 1617 1108 1646 et
1141 1616 1288 1645 contra-

300 1674 396 1711 rium
421 1673 564 1719 evenit3
587 1673 663 1723 ipse
688 1683 842 1720 namque
863 1669 982 1706 salvus
1006 1667 1148 1716 evadit,
1171 1676 1204 1704 et
1228 1667 1287 1703 in-

299 1748 426 1771 nocens
447 1732 634 1783 reperitur.
658 1730 735 1768 Nisi
758 1729 852 1767 enim
870 1729 917 1765 ita
938 1727 1138 1771 accidisset,
1158 1726 1290 1763 discer-
1314 1736 1337 1765 B

298 1804 381 1845 ptus
400 1793 523 1830 fuisset
547 1792 604 1829 :si
636 1804 704 1828 non
740 1790 811 1838 ita,
843 1788 1006 1841 periisset
1035 1797 1068 1825 et
1101 1787 1291 1824 damnatus

300 1853 435 1890 fuisset.
460 1853 538 1889 Non
560 1851 675 1888 solum
704 1858 822 1886 autem
844 1849 888 1886 ab
907 1849 974 1886 hoc
994 1848 1130 1900 impetu
1158 1847 1288 1884 liberat

299 1914 419 1966 ipsum
445 1913 633 1960 tribunus;
655 1911 715 1949 sed
734 1911 839 1948 etiam
859 1910 982 1961 juvat,
1019 1919 1059 1947 ut
1095 1909 1170 1947 sine
1188 1908 1288 1961 peri-

299 1974 379 2011 culo
395 1988 476 2011 cum
493 1982 589 2010 tanta
607 1972 764 2009 militum
779 1980 896 2008 turma
914 1969 1053 2008 evadat.
1067 1969 1114 2007 Et
1130 1983 1288 2020 quomo-

300 2036 346 2073 do
359 2065 368 2081 ,
383 2035 490 2074 audi:
509 2034 693 2086 subjungit
709 2033 820 2071 enim:
837 2034 900 2071 95.
919 2034 973 2070 Et
987 2034 1184 2070 accersitis
1198 2032 1292 2068 duo-

302 2099 369 2135 bus
390 2097 619 2148 quibusdam
639 2096 950 2143 centurionibus,
976 2095 1075 2130 dixit
1094 2108 1104 2128 .·
1125 2095 1292 2144 Proepa-

301 2168 386 2196 rate
407 2161 502 2196 milii
531 2159 671 2194 mr'lites
692 2159 876 2194 ducentos
890 2186 899 2204 ,
924 2165 965 2193 ut
993 2156 1295 2209 proficiscantur

304 2221 334 2256 C
337 2233 542 2265 ιεςανεαιη,
564 2227 600 2255 et
617 2220 761 2269 equites
781 2220 1051 2268 septuaginta,
1080 2225 1116 2253 et
1137 2217 1294 2254 lancea-

303 2282 379 2315 rios
408 2280 616 2324 ducentos,
649 2291 674 2313 a
703 2279 818 2313 tertia
859 2277 957 2312 liora
987 2278 1109 2312 noctis
1127 2290 1137 2310 .·
1159 2276 1224 2312 94.
1257 2284 1296 2312 et

297 2342 479 2391 jumenta
505 2346 746 2390 prceparate,
768 2346 809 2374 ut
832 2339 1071 2387 imponentes
1093 2336 1266 2373 Paulum
1280 2365 1292 2381 ‚

305 2401 455 2438 salvum
478 2400 694 2450 perducant
708 2398 761 2434 ad
784 2398 955 2435 Felicem
972 2397 1174 2448 praesidem
1193 2412 1203 2431 :
1227 2397 1293 2434 26.

1295 1039 1343 1063 367

826 253 1009 284 JOANNIS
1045 250 1283 281 CHRYSOST.
1324 250 1531 282 ARCHIEP.
1570 251 1924 282 CONSTANTINOP-

1352 331 1560 382 ἀρκοῦνται,
1578 331 1668 368 ἀλλὰ
1689 331 1748 368 καὶ
1767 331 1825 368 τὸν
1845 331 1998 383 ἄρχοντα
2018 334 2274 387 συνδιαφθεῖραι
2294 334 2369 371 ἐπι-

1350 394 1504 443 χειροῦσι
1520 407 1528 415 ·
1549 392 1606 430 διὰ
1623 396 1724 429 τοῦτο
1743 392 1947 443 ᾠκονομήθη
1966 391 2056 429 ὥστε
2074 395 2230 432 κάκεῖνον
2249 398 2368 444 μαθεῖν

1354 453 1466 489 αὐτῶν
1482 452 1543 499 τὴν
1562 452 1761 499 ἐπιδουλήν.
1782 452 1889 490 Αὐτοὶ
1906 452 1940 490 δὲ
1957 453 1994 489 οὗ
2012 452 2114 503 μόνον
2131 455 2168 490 ἐκ
2186 458 2244 491 τοῦ
2262 454 2368 503 μηδὲν

1353 512 1444 564 ἔχειν
1466 515 1584 560 εἰπεῖν,
1605 512 1695 550 ἀλλὰ
1713 512 1772 550 καὶ
1791 515 1830 551 ἐκ
1850 516 1909 550 τοῦ
1929 513 2042 564 λάθρᾳ
2059 515 2247 565 ἐπιχειρεῖν
2267 514 2370 565 ἤλεγ-

1354 572 1412 617 ξαν
1435 572 1575 615 ἑαυτοὺς
1596 572 1689 611 οὐδὲν
1717 575 1828 616 ὄντας.
1855 573 1959 615 Εἰκὸς
1979 572 2013 611 δὲ
2034 573 2092 611 καὶ
2113 573 2202 623 μετὰ
2220 573 2259 611 τὸ
2281 574 2369 610 ἀπο-

1353 635 1523 679 σταλῆναι
1545 633 1660 678 αὐτὸν,
1679 635 1880 686 προσελθεῖν
1897 632 1972 676 τοὺς
1989 636 2161 686 ἀρχιερεῖς
2181 636 2372 679 αἰτοῦντας,

1352 694 1411 732 καὶ
1426 697 1723 746 καταισχυνθῆναι
1740 695 1937 745 ἀπράκτους
1956 693 2198 738 ἀπολυθέντας.
2216 694 2373 737 Εἰκότως

1354 754 1389 793 δὲ
1411 760 1510 794 τοῦτο
1528 760 1620 793 ποιεῖ
1639 758 1655 793 ὁ
1675 754 1874 807 χιλίαρχος·
1896 758 1933 793 οὐ
1958 755 2025 807 γὰρ
2053 756 2093 802 δὴ
2118 755 2277 793 ἐδούλετο
2296 754 2374 792 οὔτε

1353 816 1564 869 χαρίσασθαι
1583 817 1660 855 οὔτε
1677 818 1866 855 ἐπινεῦσαι.
1886 816 1956 854 Καὶ
1975 818 2066 864 πῶς,
2086 817 2201 868 φησὶν,
2220 816 2375 854 ἐπίστευ-

1355 892 1411 915 σεν
1433 879 1545 924 ἀληθῆ
1574 871 1660 915 εἰναι
1679 877 1723 915 τὰ
1743 877 1999 928 ἐπαγγελθέντα
2020 877 2116 930 παρὰ
2135 881 2194 915 τοῦ
2223 876 2375 923 νεανίου;

1354 936 1422 975 Ἐκ
1448 941 1516 976 τῶν
1545 939 1612 984 ἤδη
1641 937 1834 989 γενομένων
1854 938 2092 990 ἐστοχάσατο,
2117 938 2171 976 ὅτι
2189 937 2249 975 καὶ
2275 942 2376 975 τοῦτο

1356 1000 1446 1043 εἰκὸς
1465 994 1506 1046 ἦν
1538 999 1658 1042 αὐτοὺς
1681 1003 1837 1045 ποι-ἧσαι.
1858 999 1928 1037 Καὶ
1957 999 2020 1050 ὅρα
2049 999 2111 1045 τὴν
2143 997 2375 1051 κακουργίαν·

1355 1060 1473 1112 ὥσπερ
1493 1061 1645 1113 ἀνάγκην
1666 1061 1725 1098 καὶ
1740 1066 1809 1104 τοῖς
1826 1063 2042 1112 ἀρχιερεῦσιν
2058 1059 2264 1106 ἐπέστησαν.
2279 1063 2293 1078 ‘³
2307 1057 2378 1097 Καὶ

1357 1121 1404 1173 μὴ
1424 1121 1604 1172 θαυμάσῃς
1619 1138 1626 1145 ·
1645 1125 1674 1160 εἰ
1689 1121 1756 1173 γὰρ
1773 1125 1935 1160 τοσοῦτον
1953 1121 2085 1159 εἵλοντο
2105 1119 2201 1158 αὐτοὶ
2214 1150 2223 1167 ,
2244 1120 2304 1157 καὶ
2319 1119 2377 1158 τὸν

1355 1182 1509 1221 κίνδυνον
1528 1182 1729 1226 ἀνεδέξαντο
1747 1182 1884 1230 πάντα,
1904 1183 2024 1234 πολλῷ
2048 1183 2179 1231 μᾶλλον
2201 1180 2260 1218 καὶ
2282 1180 2377 1218 ἐκεί-

1357 1259 1433 1286 νους
1449 1248 1548 1282 τοῦτο
1568 1247 1712 1290 ποιῆσαι
1731 1244 1819 1286 εἰκὸς
1838 1237 1893 1289 ἦν.
1913 1242 2042 1294 (Ορᾷς,
2062 1245 2136 1284 πῶς
2152 1241 2208 1278 διὰ
2226 1245 2288 1287 τῖς
2304 1241 2377 1292 ψή-

1357 1320 1419 1356 φου
1440 1307 1507 1342 τῶν
1533 1303 1597 1347 ἔξω
1616 1307 1724 1356 ἀθῷος
1742 1303 1873 1354 γίνεται
1893 1305 1910 1340 ὃ
1927 1304 2086 1349 Παῦλος,
2117 1304 2163 1345 ὡς
2182 1302 2241 1339 καὶ
2256 1305 2273 1339 ὃ
2291 1304 2379 1352 Χρι-

1359 1365 1437 1408 στὸς
1457 1363 1553 1416 παρὰ
1572 1364 1747 1411 Πιλάτου,
1776 1363 1868 1401 Ἀλλ’
1897 1363 1962 1414 ὅρα
1994 1362 2054 1400 καὶ
2076 1362 2138 1409 τὴν
2169 1362 2294 1399 κακίαν
2324 1363 2379 1413 ὑφ’

1359 1427 1483 1471 ἑαυτῆς
1512 1425 1774 1476 ἀναιρουμένην.
1808 1424 2024 1476 Παρέδωκαν
2062 1423 2122 1474 μὲν
2157 1422 2225 1476 γὰρ
2264 1422 2379 1471 αὐτὸν,

1359 1485 1449 1523 ὥστε
1469 1486 1528 1523 καὶ
1549 1488 1680 1523 ἀνελεῖν
1702 1485 1761 1523 καὶ
1780 1485 2034 1523 καταδικάσαι·
2066 1484 2199 1536 γίνεται
2231 1484 2266 1522 δὲ
2301 1486 2379 1522 τοῦ·

1359 1546 1507 1593 ναντίον,
1530 1546 1590 1583 καὶ
1609 1546 1778 1592 σώζεται,
1800 1545 1860 1582 καὶ
1880 1547 1988 1596 ἀθῷος
2018 1545 2227 1598 εὑρίσκεται.
2246 1547 2290 1583 Εἰ
2314 1545 2382 1597 γὰρ

1361 1606 1409 1656 μὴ
1427 1606 1516 1644 οὕτω
1530 1637 1539 1653 ,
1559 1607 1622 1643 κᾶν
1645 1605 1835 1652 διεσπάσθη
1850 1621 1858 1629 ·
1880 1607 1909 1642 εἰ
1929 1605 1977 1655 μὴ
1998 1605 2104 1651 οὕτω,
2120 1606 2184 1642 κᾶν
2200 1606 2380 1653 ἀπώλετο,

1360 1667 1423 1705 κᾶν
1455 1666 1699 1713 κατεδικάσθη.
1729 1669 1781 1704 Οὐ
1815 1666 1917 1716 μόνον
1949 1666 1985 1703 δὲ
2015 1666 2149 1713 ἐκείνης
2187 1667 2288 1704 αὐτὸν
2321 1670 2384 1714 τ’ῆς

1361 1730 1472 1781 ὃρμῆς
1504 1728 1693 1779 ἐξαιρεῖται
1720 1730 1737 1764 ὃ
1755 1726 1960 1780 χιλίαρχος,
1995 1726 2084 1765 ἀλλὰ
2110 1727 2170 1765 καὶ
2207 1727 2384 1781 ὑπηρέτης

1363 1791 1456 1841 αὐτῷ
1473 1788 1623 1839 γίνεται,
1646 1787 1734 1826 ὥστε
1762 1786 1950 1831 ἀκινδύνως
1973 1788 2184 1834 διασωθῆναι
2215 1788 2303 1838 μετὰ
2323 1804 2385 1826 το-

1364 1849 1493 1896 σαύτης
1511 1849 1754 1903 παρατάξεως·
1783 1848 1843 1886 καὶ
1864 1847 1975 1896 ὅπως,
1995 1847 2097 1886 ἄκουε
2112 1864 2119 1871 ·
2152 1848 2274 1899 ἐπάγει
2297 1849 2382 1901 γάρ·

1362 1910 1433 1948 Καὶ
1455 1910 1783 1964 προσκαλεσάμενος
1813 1908 1869 1947 δύο
1892 1908 1986 1952 τινὰς
2013 1911 2081 1947 τῶν
2102 1909 2380 1962 ἑκατοντάρχων,

1363 1966 1460 2010 εἰπε·
1492 1971 1703 2022 ἑτοιμάσατέ
1726 1985 1785 2021 μοι
1811 1969 2027 2023 στρατιώτας
2057 1971 2271 2018 διακοσίους,
2293 1971 2385 2014 ὅπως

1363 2034 1574 2085 πορευθῶσιν
1601 2035 1647 2075 εἰς
1666 2030 1892 2083 Καισάρειαν,
1919 2031 1978 2068 καὶ
1996 2032 2113 2073 ἱππεῖς
2130 2031 2386 2081 ἑὲδομήκοντα,

1363 2094 1422 2131 καὶ
1453 2093 1669 2137 δεξιολάὸους
1696 2092 1888 2134 διακοσίους
1905 2122 1915 2140 ,
1947 2092 2016 2130 ἀπὸ
2052 2092 2170 2145 τρίτης
2203 2092 2296 2145 ὥρας
2324 2096 2387 2140 τῆς

1362 2155 1501 2202 νυκτὸς,
1520 2154 1630 2200 κτήνη
1647 2169 1684 2191 τε
1703 2156 1949 2206 παραστῆσαι,
1968 2152 2024 2190 ἵνα
2045 2153 2309 2197 ἐπιὸιὸάσαντες
2329 2153 2387 2191 τὸν

1363 2217 1516 2262 Παῦλον,
1537 2215 1694 2264 ἀγάγωσι
1710 2214 1794 2266 πρὸς
1813 2213 1958 2258 Φήλικα
1973 2213 2030 2251 τὸν
2047 2214 2202 2265 ἡγεμόνα
2215 2229 2222 2237 ·
2252 2214 2388 2267 γράψας

1362 2275 1563 2321 ἐπιστολὴν,
1584 2274 1812 2325 περιέχουσαν
1838 2274 1895 2311 τὸν
1923 2274 2028 2311 τύπον
2056 2278 2193 2312 τοῦτον·
2217 2275 2390 2318 Κλαύδιος

1366 2335 1553 2387 Λυσίαςτῷ
1562 2335 1736 2386 κρατίστῳ
1749 2333 1892 2385 ἡγεμόνι
1904 2335 2267 2386 Φήλικιχαίρειν.Τὸν
2279 2335 2389 2388 ἄνδρα

1365 2400 1485 2433 τοῦτον
1505 2394 1744 2446 συλληφθέντα
1761 2394 1827 2431 ὑπὸ
1847 2397 1915 2431 τῶν
1935 2394 2125 2441 Ἰουδαίων,
2141 2395 2200 2432 καὶ
2217 2394 2388 2444 μέλλοντα

306 2464 477 2499 scribens
493 2460 695 2512 epistolam
707 2462 966 2496 continentem
983 2459 1064 2495 hoec
1080 2473 1090 2493 :
1109 2458 1297 2495 Claudius
1321 2461 1344 2492 C
1367 2458 1582 2508 ἀναιρεῖσθαι
1598 2458 1655 2492 ὑπ’
1681 2458 1805 2501 αὐτῶν,
1823 2455 1967 2499 ἐπιστὰς
1986 2454 2046 2494 σὺν
2075 2460 2123 2508 τῷ
2153 2457 2389 2508 στρατεύματι

307 2523 452 2569 Lysias
475 2523 619 2572 optimo
641 2521 798 2571 praesidi
814 2519 941 2556 Felici
959 2519 1137 2556 salutem.
1161 2520 1210 2555 97
1234 2519 1299 2555 Vi-

307 2596 392 2619 rum
421 2583 524 2618 hunc
553 2581 869 2632 comprehensum
885 2593 910 2616 a
930 2580 1098 2625 Judaeis,
1134 2586 1171 2615 et
1197 2581 1297 2615 inci-

305 2646 473 2695 pientem
509 2642 677 2694 interfici
713 2643 763 2679 ab
792 2644 869 2687 eis,
909 2641 1181 2691 superveniens
1212 2652 1300 2676 cum

309 2706 479 2740 exercitu
494 2704 616 2753 eripui
629 2731 640 2751 ‚
663 2704 816 2753 cognito
837 2701 941 2752 quod
956 2701 1156 2737 Romanus
1174 2707 1270 2737 esset
1286 2714 1297 2735 .-

308 2766 371 2803 ΞΡ).
388 2766 603 2816 volensque
622 2767 719 2801 scire
735 2777 910 2808 causam,
929 2774 1046 2815 quam
1064 2763 1301 2814 objiciebant

310 2827 389 2871 illi,
408 2827 552 2863 deduxi
566 2839 652 2862 eum
670 2827 712 2861 in
725 2824 932 2862 concilium
943 2837 1085 2861 eorum.
1101 2823 1163 2861 99.
1180 2824 1302 2873 Quem

311 2890 478 2939 comperi
510 2889 687 2924 accusari
716 2887 762 2923 cle
781 2888 1059 2938 qucestionibus
1082 2885 1175 2936 legis
1200 2887 1302 2936 ipso-

311 2963 418 2997 rum,
439 2948 539 2985 nihil
571 2961 664 2985 vero
692 2948 852 2999 dignum
880 2955 1000 2983 morte
1031 2954 1099 2983 aut
1130 2946 1302 2983 vinculis

314 3011 517 3046 habentem
533 3010 716 3046 criminis.
735 3009 797 3046 50.
814 3008 867 3044 Et
884 3020 969 3043 cum
987 3007 1083 3043 milii
1105 3006 1300 3057 perlatum

314 3079 413 3107 esset
434 3071 480 3107 de
499 3070 650 3106 insidiis
663 3098 675 3118 ,
699 3082 796 3120 quas
810 3076 1048 3120 paraverant
1066 3068 1128 3104 illi
1143 3068 1273 3105 Judcei
1287 3096 1299 3117 ‚

1367 2517 1547 2568 ἐξειλόμην
1569 2515 1700 2567 μαθὼν,
1721 2515 1773 2554 ὅτι
1789 2516 1967 2566 εΡωμαῖός
1996 2518 2070 2554 ἐστι
2085 2533 2093 2540 ·
2113 2517 2319 2568 βουλόμενος
2353 2517 2389 2556 δὲ

1367 2582 1495 2632 γνῶναι
1514 2579 1576 2625 τὴν
1600 2578 1726 2625 αἰτίαν,
1747 2579 1789 2615 δι’
1809 2577 1850 2624 ἣν
1879 2578 2058 2617 ἐνεκάλουν
2085 2580 2177 2630 αὐτῷ
2193 2610 2202 2627 ,
2230 2578 2389 2630 κατήγα-

1366 2657 1426 2692 γον
1448 2641 1547 2679 αὖτὸν
1564 2642 1611 2683 εἷς
1628 2639 1665 2677 τὸ
1683 2638 1856 2690 συνέδριον
1876 2641 1999 2676 αὐτῶν.
2021 2638 2088 2677 ”·Ὸν
2107 2633 2202 2691 εῧρον
2224 2639 2390 2689 ἐγκαλού-

1370 2714 1469 2750 μενον
1490 2698 1569 2749 περί
1589 2697 1800 2747 ζητημάτων
1820 2701 1879 2735 τοῦ
1898 2697 2002 2748 νόμου
2025 2700 2151 2745 αὐτῶν,
2173 2699 2280 2749 μηδὲν
2297 2699 2389 2743 ἀξιον

1369 2758 1554 2804 θανάτου-ἢ
1581 2759 1716 2807 δεσμῶν
1746 2757 1906 2809 ἔγκλημα
1934 2758 2070 2810 ἔχοντα.
2102 2759 2324 2806 Μηνυθείσης
2353 2759 2390 2797 δέ

1370 2836 1428 2871 μοι
1443 2819 1630 2864 ἐπιέουλῆς
1650 2818 1785 2868 μέλλειν
1807 2818 1946 2856 ἔσεσθαι
1965 2820 2013 2862 εἰς
2032 2818 2087 2855 τὸν
2107 2819 2215 2871 ἄνδρα
2234 2820 2301 2857 ὑπὸ
2319 2823 2389 2857 τῶν

1368 2880 1544 2919 Ἰουδαίων
1572 2879 1606 2923 ἐξ
1633 2880 1757 2927 αὐτῶν,
1785 2879 1926 2930 ἔπεμψα
1954 2879 2039 2931 πρὸς
2061 2878 2098 2918 σὲ
2114 2910 2124 2927 ,
2151 2880 2389 2932 παραγγείλας

1369 2942 1427 2982 καὶ
1452 2947 1523 2984 τοῖς
1548 2939 1753 2991 κατηγόροις
1780 2939 1893 2991 λέγειν
1914 2939 1958 2977 τὰ
1982 2940 2067 2991 πρὸς
2096 2940 2197 2978 αὐτὸν
2227 2941 2284 2978 ἐπὶ
2314 2944 2388 2980 σοῦ.

1369 3003 1567 3054 δἜῤῥωσο.
1586 3000 1683 3052 εὈρα
1709 3000 1768 3037 καὶ
1787 2999 1849 3046 τὴν
1871 3000 2054 3047 ἐπιστολὴν
2077 3001 2265 3052 ἀπολογίαν
2291 3001 2388 3053 ἔχου-

1369 3080 1431 3103 σαν
1452 3062 1511 3115 μὲν
1533 3061 1619 3112 ὑπὲρ
1642 3062 1744 3098 αὐτοῦ
1767 3059 1902 3108 (Οὐδὲν
1928 3059 1994 3112 γὰρ
2010 3091 2019 3108 ,
2040 3062 2156 3113 φησὶν,
2181 3056 2276 3114 εἶρε-ν
2295 3062 2388 3106 ἄξιον

2137 3123 2151 3134 κ

316 3133 402 3167 misi
419 3144 504 3167 eum
526 3131 580 3167 ad
596 3138 654 3174 te,
683 3131 908 3180 praecipiens
927 3130 1240 3176 accusatoribus,
1259 3136 1301 3165 ut
1322 3136 1347 3165 D
1370 3125 1515 3163 θανάτου
1535 3123 1696 3174 ἔγκλημα
1715 3120 1872 3172 ἔχοντα),
1893 3122 2103 3174 κατηγορίαν
2134 3122 2169 3161 οὲ
2193 3125 2270 3160 κατ’
2295 3122 2387 3160 ἐκεί-

321 3205 403 3241 quoe
425 3199 578 3228 ·contra
608 3190 721 3227 illum
753 3190 921 3238 habent,
954 3189 1088 3225 dicant
1113 3189 1219 3239 apud
1247 3196 1297 3225 te.

359 3340 372 3354 ἢ
397 3335 443 3363 καὶ
459 3337 502 3371 μὴ
523 3335 673 3374 θαυμάσῃς
689 3328 780 3361 deest
796 3330 828 3361 in
847 3340 911 3361 uno
927 3327 1062 3362 Codice.

362 3381 377 3405 b
402 3379 515 3414 Morcl.
534 3386 672 3426 s'fi‘aemos.
692 3381 758 3421 [Sic
783 3388 816 3412 ct
840 3381 875 3412 B.
897 3381 935 3412 D.
961 3388 993 3412 et
1009 3378 1184 3422 Commelf,
1203 3383 1314 3425 ὲργὲωτο

1370 3201 1436 3224 νων
1453 3183 1475 3230 ἢ
1494 3182 1585 3221 κατὰ
1596 3180 1728 3220 τούτου·
1750 3180 1858 3223 οὕτως
1877 3180 2064 3220 ἐθανάτων.
2085 3182 2154 3221 Καὶ
2173 3185 2309 3235 πρῶτον
2324 3181 2386 3234 μέν

1382 3328 1419 3360 Α.
1438 3323 1535 3368 (liber
1553 3336 1618 3359 non
1636 3322 1817 3356 admodum
1835 3322 1956 3367 gratis)
1974 3331 2005 3355 ct
2025 3321 2144 3364 Savil.]
