2502 3810
690 317 732 345 IN
770 315 910 345 EPIST.
950 313 1010 343 AD
1047 311 1151 342 ROM.
1195 310 1349 342 HOMIL.
1388 311 1516 342 xvm.
2038 288 2137 352 699

65 399 130 446 σὶν,
147 399 214 436 οὐδ’
234 397 286 435 ὅτι
310 397 532 448 ἀνθρωπίνων
566 398 616 434 δεῖ
649 397 814 449 ῥημάτων
843 399 987 434 ἀκοῦσαι
1021 393 1081 432 καὶ
1157 393 1364 445 simpliciter
1378 391 1592 431 audiendum
1609 405 1682 429 csse
1697 389 1788 438 dixi,
1806 388 1935 439 inquit,
1956 400 2019 425 nee
2037 384 2134 436 quod

65 463 270 506 πιστεῦσαι,
297 459 373 496 ἀλλ’
407 458 512 505 ἀκοὴν
547 457 702 508 μεγάλην
721 457 813 508 λέγω
827 474 834 481 ·
854 460 875 502 ἦ
906 457 972 508 γὰρ
993 455 1078 501 ἀκοὴ
1157 454 1310 491 humana
1328 455 1437 492 verba
1457 453 1583 492 audire
1599 460 1757 504 oporteat
1776 460 1808 488 et
1826 449 1967 488 eredere
1978 463 1988 497 ;
2008 447 2067 485 sed
2090 446 2134 484 de

66 517 121 554 διὰ
142 518 294 569 ῥήματος
308 521 366 556 τοῦ
384 520 488 557 Θεοῦ.
505 521 558 556 Οὐ
575 517 642 570 γὰρ
655 517 699 557 τὰ
715 520 828 555 αὑτῶν
844 518 974 568 ἔλεγον,
991 515 1080 553 ἀλλὰ
1157 514 1281 551 auditu
1300 528 1427 565 magno
1447 514 1573 564 loquor
1588 529 1595 550 τ
1617 522 1668 551 est
1690 512 1783 550 enim
1802 510 1946 548 auditus
1963 522 2026 561 per
2050 521 2135 545 ver—

65 577 109 614 τὰ
134 577 231 629 παρὰ
253 583 312 615 τοῦ
345 580 436 616 Θεοῧ
467 578 693 628 μανθάνοντες
713 578 947 629 ἀπήγγεᾪτον·
975 575 992 613 ὃ
1011 589 1079 619 ση-
1109 581 1133 610 Ε
1157 574 1245 611 bum
1265 574 1343 613 Dei.
1363 576 1486 624 Neque
1504 573 1599 611 enim
1616 587 1695 623 quae
1715 586 1777 609 sua
1795 579 1916 615 erant,
1939 568 1998 606 sed
2018 581 2095 618 quae
2115 581 2136 603 a

49 638 56 641 ”
69 637 174 688 μείων
192 638 282 675 ἐστὶν
297 638 522 691 ὑψηλότερον.
540 640 602 690 Τῷ
616 638 683 689 γὰρ
697 639 778 689 Θεῷ
795 637 854 675 καὶ
873 637 1009 687 λέγοντι
1023 635 1082 673 καὶ
1158 636 1233 672 Deo
1257 633 1455 672 didicerant
1480 634 1692 671 audiebant:
1718 632 1814 683 quod
1840 630 2030 669 sublimius
2063 636 2134 676 est,

69 702 385 749 θαυματουργοῦντι
402 698 529 748 ὁμοίως
548 697 722 736 πιστεύειν
743 698 802 736 καὶ
817 697 995 735 πείθεσθαι
1016 697 1083 732 δεῖ·
1155 709 1263 745 quam
1283 695 1358 747 ipsa
1377 695 1489 745 signa.
1512 696 1588 732 Deo
1607 694 1700 731 enim
1717 693 1792 730 sive
1810 691 1956 740 dicenti,
1980 691 2054 728 sive
2071 689 2137 727 mi-

69 759 143 796 ἐπεὶ
163 760 222 796 καὶ
238 759 282 796 τὰ
302 758 386 810 ἔργα
407 759 466 796 καὶ
482 759 525 796 τὰ
541 757 702 808 θαύματα
719 758 787 795 ἀπὸ
804 759 872 794 τῶν
885 756 994 807 λόγων
1013 754 1085 792 ἐστὶ
1157 755 1284 792 rabilia
1306 755 1459 806 patranti
1486 753 1631 806 perinde
1650 752 1790 790 credere
1812 761 1843 788 et
1862 751 2009 800 obsequi
2030 763 2137 801 opor-

70 823 137 857 τῖδν
169 819 314 857 ἐκείνου·
343 820 401 857 καὶ
420 819 486 872 γὰρ
507 819 566 857 καὶ
601 821 618 856 ὁ
651 819 791 870 οὐρανὸς
829 816 888 855 καὶ
919 817 964 854 τὰ
997 816 1086 853 ἄλλα
1157 814 1374 852 tet.Etenim
1390 828 1495 864 opera
1510 822 1543 850 et
1558 812 1726 850 miracula
1740 825 1784 848 ex
1798 811 1916 848 verbis
1929 810 2024 847 illius
2039 819 2134 854 sunt,

72 880 185 918 πάντα
204 880 311 923 οὕτως
329 880 425 926 ἔστη.
1159 875 1333 926 siquidem
1351 884 1385 912 et
1406 875 1531 912 catium
1550 883 1583 911 et
1602 882 1724 910 caetera
1745 871 1860 909 omnia
1881 871 1929 908 sic
1951 871 2136 908 constituta

1160 944 1255 974 sunt.

125 1002 247 1046 Δείξας
265 1002 390 1046 τοίνυν,
405 1001 458 1040 ὅτι
473 1002 522 1039 δεῖ
540 1003 722 1039 πιστεῦσαι
737 1004 808 1041 τοῖς
821 997 1016 1050 προφήταις
1035 996 1088 1034 ἀεὶ
1213 999 1250 1033 a.
1279 996 1371 1032 Cum
1386 995 1497 1046 igitur
1511 994 1716 1033 ostendisset
1735 993 1947 1031 credendum
1967 1007 2039 1030 esse
2059 1005 2141 1043 pro-

71 1062 115 1098 τὰ
147 1067 206 1100 τοῦ
234 1065 324 1101 Θεοῦ
345 1062 503 1111 λέγουσι,
531 1061 590 1098 καὶ
618 1059 816 1110 ἀκροάσεως
848 1057 954 1108 μηδὲν
983 1056 1087 1095 πλέον
1160 1056 1290 1108 phetis,
1308 1055 1371 1106 qui
1391 1069 1527 1107 semper
1545 1069 1599 1101 ea,
1628 1068 1706 1105 qnae
1720 1054 1787 1091 Dei
1819 1063 1913 1102 sunt,
1933 1053 2141 1102 loquuntur,

72 1123 299 1167 ἐπιζητῆσαι,
325 1121 447 1170 ἐπάγει
476 1120 596 1159 λοιπὸν
625 1119 688 1165 τὴν
717 1118 900 1165 ἀντίθεσιν,
919 1117 960 1162 ἣν
981 1111 1088 1161 εἶπον,
1160 1117 1320 1167 nihilque
1342 1125 1469 1168 praeter
1494 1116 1562 1153 Dei
1594 1115 1758 1153 auditum
1786 1113 2018 1165 quaerendum
2055 1126 2141 1157 esse,

71 1181 130 1218 καί
157 1197 259 1232 φησιν
272 1197 279 1204 ·
297 1181 400 1218 Ἀλλὰ
427 1180 538 1231 λέγω,
569 1180 617 1230 μὴ
645 1181 706 1216 οὐκ
737 1178 913 1224 ἤκουσαν;
937 1177 984 1215 Τί
1005 1177 1090 1230 γὰρ,
1161 1178 1300 1215 inducit
1317 1177 1464 1215 demum
1483 1177 1595 1223 illam,
1615 1190 1722 1227 quam
1742 1175 1818 1213 dixi
1836 1174 2089 1227 objectionem,
2111 1181 2145 1209 et

71 1242 186 1294 φησὶν,
208 1244 236 1280 εἰ
257 1243 502 1288 ἀπεστάλησαν
524 1244 554 1280 οἱ
572 1240 821 1294 κηρύσσοντες,
842 1240 902 1277 καὶ
921 1239 1090 1290 ἐκήρυξαν
1103 1269 1150 1292 532
1162 1238 1230 1276 ait:
1251 1238 1314 1277 18.
1346 1238 1422 1276 Sed
1444 1239 1543 1283 dic0,
1573 1238 1774 1289 Numquid
1801 1250 1878 1273 non
1908 1236 2146 1272 audierunt?

73 1303 160 1355 ἅπερ
184 1302 448 1350 ἐκελεύσθησαν,
471 1298 562 1341 οὗτοι
579 1301 614 1340 δὲ
633 1303 694 1339 οὐκ
712 1301 884 1347 ἤκουσαν,
908 1295 994 1338 Εἶτα
1015 1301 1090 1351 μεθ’
1115 1306 1141 1334 Α
1163 1299 1262 1347 Quid
1281 1299 1389 1346 enim,
1407 1297 1535 1349 inquit,
1558 1298 1586 1335 si
1606 1298 1704 1335 missi
1718 1306 1798 1335 sunt
1813 1297 1876 1347 qui
1895 1294 2145 1348 praedicarent,

73 1364 266 1416 ὑπερέολῆς
286 1364 400 1411 πάσης
421 1367 441 1409 ἡ
461 1364 556 1407 λύσις
578 1367 640 1409 τ’ῆς
666 1361 891 1404 ἀντιθέσεως·
912 1363 1089 1413 Μενοῧνγε
1163 1370 1195 1399 et
1213 1360 1241 1398 si
1257 1374 1295 1398 ea
1317 1373 1394 1410 quae
1423 1359 1513 1411 jussi
1529 1368 1609 1396 sunt
1628 1358 1883 1410 proedicarunt,
1919 1356 1956 1393 hi
1974 1369 2057 1393 vero
2078 1367 2149 1390 non

75 1427 121 1468 εἷς
148 1432 262 1463 πᾶσαν
280 1424 341 1471 τὴν
362 1428 425 1476 γῆν
446 1424 585 1470 ἐξῆλθεν
605 1427 622 1462 ὃ
642 1423 788 1476 φθόγγος
807 1425 932 1468 αὐτῶν,
956 1423 1015 1461 καὶ
1045 1426 1092 1466 εἷς
1163 1421 1375 1459 audierunt?
1394 1419 1532 1458 Deinde
1547 1433 1628 1457 cum
1641 1418 1838 1471 hyperbole
1858 1417 1955 1455 omni
1975 1417 2148 1469 objectio-

74 1486 116 1523 τὰ
136 1486 269 1536 πέρατα
289 1488 350 1531 τῆς
371 1485 571 1535 οἰκουμένης
590 1484 634 1522 τὰ
655 1484 795 1536 ῥήματα
816 1485 944 1522 αὐτῶν.
963 1484 1010 1522 Τί
1030 1484 1092 1522 λέ-
1163 1483 1217 1520 nis
1230 1483 1358 1520 solutio
1377 1483 1524 1519 affertur
1542 1497 1549 1517 :
1573 1483 1626 1518 Et
1649 1482 1802 1533 quidem
1819 1483 1859 1517 in
1891 1493 2040 1517 omnem
2075 1487 2150 1516 ter·
2165 1497 2252 1525 pfflg·
2269 1494 2349 1527 ι85,

75 1562 162 1598 γεις,
181 1546 303 1598 φησίνς
321 1548 382 1583 οὐκ
403 1545 576 1591 ἥκουσαν,
606 1545 650 1582 Ἥ
672 1545 855 1595 οἰκουμένη
876 1544 936 1582 καὶ
960 1543 1004 1582 τὰ
1027 1542 1091 1581 πέ-
1164 1558 1248 1582 ram
1266 1547 1384 1581 exivit
1404 1557 1520 1581 sonus
1540 1557 1684 1588 eorum,
1704 1550 1741 1579 et
1769 1544 1810 1579 in
1844 1555 1924 1578 mes
1955 1543 2056 1578 orbis
2073 1549 2147 1578 ter-

79 1623 165 1659 ρατα
182 1609 244 1651 τῆς
262 1610 324 1657 γῆς
345 1606 515 1652 ἥκουσαν·
536 1606 595 1643 καὶ
617 1608 732 1656 ὑμεῖς,
755 1608 838 1657 παρ’
863 1600 912 1648 οἷς
931 1609 1093 1643 τοσοῦτον
1165 1619 1218 1643 roe
1237 1607 1359 1642 verba
1384 1618 1528 1642 eorum.
1553 1603 1652 1651 Quid
1683 1602 1785 1650 dieis,
1822 1601 1962 1652 inquit?
1987 1615 2056 1638 non
2085 1615 2151 1638 au-

77 1670 106 1704 οἱ
127 1668 272 1719 κήρυκες
285 1667 460 1720 διέτριψαν
473 1666 609 1718 χρόνον,
626 1667 684 1703 καὶ
702 1665 777 1704 ὅθεν
793 1661 894 1713 ιἦσαν,
914 1668 977 1703 οὐκ
993 1665 1094 1711 ἧκού-
1165 1665 1333 1703 dierunt?
1363 1665 1472 1703 Orbis
1499 1674 1532 1701 et
1564 1665 1652 1702 fines
1673 1672 1771 1700 terrae
1793 1662 2000 1711 audierunt,
2029 1670 2061 1699 et
2091 1675 2151 1699 vos

78 1743 178 1773 σατε;
201 1727 259 1765 καὶ
279 1729 351 1771 πῶς
369 1727 408 1764 ἂν
426 1726 499 1778 ἔχοι
517 1727 638 1778 λόγον,
658 1728 702 1764 Εἰ
728 1726 794 1777 γὰρ
819 1726 864 1764 τὰ
884 1726 1018 1778 πέρατα
1034 1730 1095 1773 τῆς
1166 1727 1284 1775 etiam,
1299 1725 1512 1777 quibuscum
1526 1724 1774 1777 praedicatores
1790 1733 1885 1761 tanto
1897 1733 2053 1775 tempore
2071 1737 2152 1761 ver-

77 1787 279 1838 οἰκουμένης
296 1787 424 1833 ἤκουσε
439 1817 447 1833 ,
465 1789 584 1838 πολλῷ
606 1789 735 1838 μᾶλλον
751 1789 861 1837 ὑμεῖς.
882 1781 972 1825 Eam
989 1787 1094 1825 πάλιν
1168 1787 1233 1825 sati
1261 1796 1342 1825 sunt
1359 1795 1391 1824 ct
1415 1795 1593 1834 vestrates,
1613 1799 1728 1823 annon
1760 1783 1937 1822 audistis?
1958 1797 2066 1833 ecqua
2091 1797 2150 1821 ra-

78 1847 178 1901 ἑτέρα
208 1847 396 1890 ἀντίθεσις·
416 1846 521 1886 Ἀλλὰ
541 1847 632 1898 λέγω
645 1877 654 1894 ,
673 1847 720 1897 μὴ
743 1847 887 1900 Ἰσραὴλ
905 1850 966 1886 οὐκ
981 1847 1069 1898 ἔγνω
1086 1863 1095 1893 ;
1168 1849 1262 1885 tione
1289 1847 1383 1885 illud
1419 1856 1509 1884 stare
1534 1846 1673 1898 possit?
1705 1845 1743 1884 Si
1760 1845 1853 1882 enim
1879 1843 2021 1882 termini
2052 1852 2153 1880 terrae

78 1909 125 1946 Τί
141 1909 207 1961 γὰρ
220 1938 229 1954 ,
249 1910 278 1946 εἷ
293 1908 442 1954 ἥκουσαν
463 1907 537 1958 μὲν,
557 1909 618 1946 οὐκ
636 1907 779 1954 ἐνόησαν
800 1907 834 1946 δὲ
853 1907 896 1945 τὰ
917 1908 1096 1960 εἰρημένα,
1167 1909 1368 1957 audierunt,
1385 1908 1498 1945 multo
1517 1907 1630 1958 magis
1645 1921 1719 1945 vos.
1753 1905 1890 1943 Deinde
1904 1905 1973 1942 alia
1994 1904 2155 1954 sequitur

77 1969 153 2006 οὐδὲ
170 1972 333 2015 συνῆκαν,
348 1968 399 2006 ὅτι
416 1970 539 2006 ἐκεῖνοι
556 1962 648 2006 οὗτοι
667 1963 756 2015 ἦσαν
778 1970 807 2005 οἳ
826 1968 1097 2015 ἀποσταλέντες;
1123 1979 1144 2007 Β
1168 1970 1319 2022 objectio
1337 1985 1344 2005 :
1366 1970 1430 2006 19.
1462 1968 1537 2006 Sed
1561 1969 1661 2013 dico,
1695 1967 1897 2018 Numquid
1923 1966 2050 2003 Israel
2077 1978 2154 2002 non

78 2032 138 2066 Οὐκ
156 2029 243 2072 ἄξιοι
263 2028 468 2080 συγγνώμης
487 2031 548 2073 τῆς
573 2028 711 2079 ἀγνοίας
729 2028 857 2075 ταύτης
872 2027 1004 2075 &venem
1024 2029 1096 2067 Οὒ-
1168 2033 1345 2083 cognovit
1359 2034 1375 2067 Ρ
1389 2029 1489 2078 Quid
1504 2028 1612 2074 enim,
1635 2029 1664 2065 si
1683 2027 1824 2065 audiere
1843 2026 2002 2077 quidem,
2019 2041 2082 2064 nec
2097 2026 2156 2064 di-

80 2091 209 2139 δαμῶς.
231 2089 299 2127 Καὶ
331 2089 397 2141 γὰρ
426 2091 442 2126 ὃ
470 2088 618 2132 Ἡσαΐας
649 2089 925 2141 ἐχαρακτήρισεν
954 2088 1094 2135 αὐτοὺς,
1169 2100 1224 2129 cta
1243 2091 1461 2139 intellexere,
1491 2103 1603 2139 neque
1621 2102 1749 2127 novere
1768 2087 1865 2138 quod
1895 2087 1950 2124 illi
1969 2087 2068 2124 missi
2097 2101 2156 2124 es-

79 2150 197 2196 εἷπὼν,
226 2149 286 2193 Ὡς
314 2153 436 2200 ὡραῖοι
452 2152 482 2188 οἳ
499 2151 599 2192 πόδες
621 2152 687 2187 τῶν
717 2149 1027 2201 εὐαγγελιζομένων
1048 2153 1099 2188 εἷ-
1171 2152 1274 2189 sent?
1297 2165 1414 2189 annon
1441 2151 1487 2188 ob
1518 2150 1624 2187 talem
1655 2148 1892 2200 ignorantiam
1924 2147 2026 2186 venia
2056 2146 2158 2197 digni

80 2211 186 2262 ρήνην
203 2226 210 2233 ·
228 2210 287 2248 καὶ
313 2211 380 2261 πρὸ
398 2209 517 2248 τούτου
537 2210 641 2248 πάλιν
662 2214 678 2248 ὁ
700 2210 887 2260 νομοθέτης
907 2212 1024 2253 αὐτός·
1047 2210 1099 2248 διὸ
1171 2213 1281 2251 sunt?
1300 2212 1461 2250 Minime.
1483 2211 1576 2249 Nam
1592 2210 1702 2248 Isaias
1718 2210 1798 2247 illos
1815 2208 1992 2261 depinxit,
2018 2208 2158 2245 dicens:

78 2271 137 2308 καὶ
153 2271 305 2321 ἐπήγαγε
320 2300 329 2317 ,
346 2272 490 2322 Πρῶτος
510 2271 664 2315 Μωῦσῆς
682 2271 793 2322 λέγει·
817 2270 912 2321 Ἐγὼ
935 2273 1098 2323 παραζη-
1176 2274 1300 2323 Quam
1316 2274 1477 2323 speciosi
1491 2272 1606 2322 pedes
1623 2270 1977 2320 evangelizantium
1997 2266 2159 2319 pacem!

79 2330 180 2369 λώσω
193 2335 282 2381 ὑμᾶς
300 2333 353 2368 ἐπ’
367 2332 429 2367 οὐκ
443 2330 542 2377 ἔθνει,
565 2330 621 2368 ἐπὶ
638 2330 723 2368 ἔθνει
739 2331 892 2383 ἀσυνέτῳ
919 2335 1099 2384 παροργιῶ
1170 2341 1203 2370 et
1225 2341 1305 2370 ante
1322 2332 1418 2370 hunc
1433 2331 1511 2383 ipse
1531 2330 1637 2368 etiam
1651 2329 1832 2380 legislator
1846 2343 1853 2364 ε
1868 2337 2082 2380 quapropter
2098 2327 2161 2365 ad-

79 2390 298 2453 ὑμᾶς.”Ωστε
309 2391 368 2428 καὶ
380 2393 530 2429 ἐντεῦθεν
547 2392 654 2444 ἐχρῆν
667 2391 922 2443 γνωρίσαιτοὺς
933 2392 1100 2446 κήρυκας,
1171 2394 1226 2432 dit
1243 2410 1250 2431 ε
1271 2396 1426 2432 Primus
1455 2395 1615 2441 Moyses
1644 2394 1726 2429 ait.-
1746 2392 1831 2441 Ego
1853 2391 2072 2441 provocabo
2098 2403 2161 2427 vos
2178 2410 2266 2436 Dent.
2288 2410 2337 2439 32,
2386 2382 2392 2386 ⁶

80 2453 142 2489 οὐκ
161 2454 218 2504 ἀφ’
239 2456 285 2489 ὡν
303 2451 502 2498 ἠπίστησαν
529 2447 621 2490 οὗτοι
643 2451 758 2502 μόνον,
776 2453 837 2491 οὒκ
857 2455 915 2505 ἀφ’
934 2447 981 2491 ὧν
1005 2454 1100 2506 εἰρή-
1172 2457 1213 2493 ἱη
1227 2470 1285 2505 eo,
1317 2458 1387 2507 qui
1404 2468 1482 2492 non
1509 2462 1564 2491 est
1577 2452 1764 2504 populum
1791 2454 1831 2488 in
1845 2460 1958 2503 gente
1976 2452 2096 2489 stulta
2111 2454 2162 2488 ir-
2177 2460 2210 2479 2¹
2223 2472 2230 2481 ·

81 2529 142 2559 νην
167 2513 352 2565 ἐκήρυττον
371 2514 514 2557 ἐκεῖνοι,
533 2515 596 2550 οὐκ
622 2515 679 2565 ἀφ’
706 2509 752 2553 ὧν
781 2514 827 2552 τὰ
846 2514 959 2566 ἀγαθὰ
986 2518 1101 2554 ἐκεῖνα
1171 2518 1298 2554 ritabo
1312 2529 1397 2553 vos.
1428 2516 1551 2565 Itaque
1582 2513 1668 2550 hine
1696 2512 1880 2563 oportebat
1911 2511 2163 2563 praedicatores

83 2573 362 2623 εὐηγγελίζοντο,
383 2574 443 2610 οὐκ
466 2572 525 2624 ἀφ’
547 2567 594 2610 ὧν
616 2579 797 2625 πανταχοῦ
819 2578 880 2621 τῆς
899 2575 1102 2625 οἰκουμένης
1173 2577 1254 2614 illos
1287 2588 1514 2627 eognoscere;
1533 2586 1611 2611 'non
1639 2572 1754 2610 solum
1772 2586 1818 2609 ex
1844 2585 1896 2619 eo,
1912 2571 2163 2623 quodillipnon

83 2636 101 2670 ὁ
115 2632 213 2683 λόγος
233 2632 409 2683 ἐσπείρετο
422 2661 432 2678 ,
452 2632 539 2670 ἀλλὰ
556 2633 614 2670 καὶ
634 2636 692 2685 ἀφ’
713 2628 760 2671 ὧν
778 2634 855 2677 τοὺς
869 2635 1103 2672 καταδεεστέ-
1175 2635 1409 2685 crediderint,
1427 2648 1491 2672 nec
1512 2647 1556 2670 ex
1577 2647 1637 2680 eo,
1653 2631 1751 2683 quod
1767 2644 1889 2682 pacem
1902 2630 1955 2667 illi
1975 2632 2164 2667 annuntia-

87 2709 163 2744 ρους
178 2693 290 2729 αὐτῶν
310 2691 389 2735 τοὺς
408 2692 441 2736 ἐξ
462 2695 566 2730 ἐθνῶν
583 2687 670 2731 εἶδον
686 2696 719 2731 ἐν
735 2693 869 2731 πλείονι
883 2694 984 2737 ὄντας
1001 2698 1101 2746 τιμῇ.
1125 2710 1150 2741 C
1175 2696 1326 2746 rint,nec
1338 2710 1383 2734 ex
1398 2708 1450 2742 eo,
1465 2693 1664 2744 quodbona
1683 2692 1745 2729 illa
1760 2690 2165 2742 evangelizave1·int,nec

84 2753 125 2792 Ἃ
147 2753 213 2805 γὰρ
234 2753 406 2802 μηδέποτε
421 2752 571 2798 ἤκουσαν
589 2748 681 2791 οῧτοι
692 2784 702 2801 ,
719 2754 806 2804 μηδὲ
823 2754 953 2793 τούτων
969 2757 1000 2793 οἳ
1021 2755 1105 2807 πρό·
1157 2756 1276 2806 ·quod
1289 2755 1441 2793 verbum
1469 2767 1533 2805 per
1560 2753 1683 2790 orbem
1700 2760 1876 2788 terrarum
1894 2749 2164 2787 disseminatum

85 2830 177 2866 γονοι
189 2845 198 2862 ,
214 2819 324 2853 ταῦτα
342 2813 502 2865 ἐξαίφνης
519 2814 740 2866 ἐφιλοσόφουν
757 2817 902 2853 ἐκεῖνοι·
917 2816 1003 2867 ὅπερ
1024 2819 1105 2854 ἐπι-
1177 2817 1235 2862 sit,
1259 2816 1320 2854 sed
1336 2830 1382 2853 ex
1396 2828 1448 2862 eo,
1469 2813 1566 2865 quod
1598 2827 1655 2851 eos
1674 2812 1735 2863 qui
1762 2826 1797 2849 se
1813 2810 2008 2860 inferiores,
2040 2824 2166 2862 nempe

85 2876 276 2926 τεταμένης
304 2869 346 2920 ἦν
366 2879 470 2925 τιμῆς
485 2905 494 2921 ,
517 2876 795 2926 παρακνιζούσης
814 2876 956 2922 αὐτοὺς,
978 2877 1037 2915 καὶ
1058 2880 1106 2921 εἰς
1177 2877 1239 2925 qui
1258 2891 1303 2914 ex
1323 2875 1489 2927 gentibus
1509 2883 1622 2923 erant,
1643 2874 1679 2910 in
1696 2872 1822 2923 majori
1837 2872 1972 2910 honore
1992 2870 2166 2910 viderent.

87 2936 187 2980 ζῆλον
220 2934 369 2986 ἇγοῦΰης
387 2963 396 2981 ‚
428 2935 488 2972 καὶ
528 2937 574 2978 εἷς
616 2936 758 2985 μνήμην
793 2939 856 2983 τῆς
893 2937 1105 2989 προφητείας
1176 2938 1264 2984 Quae
1279 2937 1374 2974 enim
1397 2949 1589 2986 numquam
1621 2934 1678 2972 vel
1696 2933 1763 2985 ipsi
1787 2933 1843 2970 vel
1859 2933 2009 2983 majores
2029 2932 2084 2969 sui
2099 2947 2164 2970 au-

87 2996 263 3038 Μωῦσέως
280 2998 342 3040 τῆς
356 2995 522 3048 λεγούσης
535 3026 544 3043 ,
564 2996 818 3048 Παραζηλώσω
848 3000 939 3048 ὑμᾶς
965 3000 1017 3036 ἐπ’
1047 3001 1108 3037 οὐκ
1179 2998 1332 3046 dieram,
1348 2997 1425 3034 haee
1445 3005 1586 3048 repente
1601 2993 1943 3047 philosophabantur
1963 2992 2031 3044 ipsi
2050 2992 2168 3042 :quod

90 3053 187 3115 ἔθνει.
204 3056 256 3091 Οὐ
275 3055 342 3107 γὰρ
363 3056 403 3102 δὴ
425 3057 526 3106 μόνον
556 3057 595 3094 τὸ
622 3058 761 3107 μέγεθος
780 3061 842 3103 τῆς
862 3062 967 3107 τιμῆς
990 3059 1107 3098 ἱκανὸν
1184 3073 1264 3097 cum
1275 3057 1442 3096 auctioris
1455 3065 1542 3094 esset
1554 3052 2169 3101 honoris,illosm01·debat‚adaemu-

92 3117 134 3158 ἦν
151 3113 270 3176 αὖτὲὺς
289 3117 336 3157 εἰς
349 3118 448 3160 ζῆλον
466 3117 644 3167 ἐμὸαλεῖν,
668 3117 756 3155 ἀλλὰ
779 3119 838 3156 καὶ
857 3119 896 3156 τὸ
916 3119 1024 3162 οὕτως
1051 3122 1108 3157 εὐ-
1184 3120 1351 3157 lationem
1382 3117 1551 3166 ducebat,
1568 3117 1600 3153 et
1625 3115 1661 3152 in
1691 3123 1844 3151 mentem
1855 3113 2044 3150 revocabat
2064 3112 2169 3151 istam

90 3174 185 3216 τελὲς
204 3178 290 3211 εἶναι
309 3175 357 3237 τὸΝ
367 3174 460 3219 ἔθνος
477 3176 516 3213 τὸ
535 3176 665 3215 τούτων
695 3180 911 3226 ἀπολαῦσαν,
944 3181 989 3222 ὡς
1020 3179 1108 3229 μηδὲ
1186 3179 1323 3232 Moysis
1356 3177 1594 3230 prophetiam,
1617 3177 1843 3214 Provocabo
1864 3187 1936 3211 vos
1963 3176 2004 3210 in
2026 3187 2083 3220 eo,
2104 3177 2170 3226 qui

91 3235 182 3276 ἔθνος
209 3234 299 3277 ἄξων
327 3239 412 3272 Εἶναι
433 3237 639 3287 λΟγίζεσθαι.
661 3238 755 3289 Ἐγὼ
774 3239 842 3291 γὰρ
866 3239 1111 3291 παραζηλώσω
1188 3254 1265 3277 non
1284 3247 1337 3276 est
1351 3238 1530 3289 populus.
1549 3237 1627 3274 Non
1643 3234 1748 3272 modo
1763 3234 1857 3271 enim
1876 3233 2020 3271 honoris
2035 3233 2172 3284 magni-

91 3297 180 3343 ὑμᾶς
195 3296 248 3331 ἐπ’
271 3295 330 3331 οὐκ
346 3294 451 3340 ἔθνει,
472 3296 587 3346 φησὶν,
613 3298 670 3335 ἐπὶ
695 3299 782 3337 ἔθνει
804 3299 959 3351 ἀσυνέτῳ
978 3315 1109 3351 παρορν
1135 3301 1160 3329 D
1188 3299 1274 3337 tudo
1296 3299 1377 3335 illos
1394 3297 1441 3335 ad
1460 3295 1721 3334 :emulationem
1747 3294 1921 3345 conjicere
1938 3302 2075 3345 poterat
2082 3309 2093 3343 3
2110 3294 2171 3332 sed

93 3356 157 3402 Υῑῶ
184 3356 285 3403 ὑμᾶς·
306 3355 351 3391 Τί
370 3355 436 3406 γὰρ
456 3355 633 3402 Ἑλλήνων
655 3359 907 3412 ἀσυνετώτερον
928 3355 990 3409 {¹25
1013 3361 1046 3398 τί
1076 3360 1111 3398 δὲ
1188 3359 1284 3410 quod
1300 3372 1383 3409 gens
1403 3357 1465 3394 illa
1481 3370 1558 3407 quae
1574 3355 1631 3392 his
1649 3355 1850 3403 fruebatur,
1869 3354 1955 3391 adeo
1970 3354 2053 3391 vilis
2070 3363 2172 3402 esset,

94 3414 346 3465 εὐτελέστερον,
363 3415 456 3466 Ὅρα
475 3417 548 3459 πῶς
569 3417 625 3454 διὰ
644 3419 782 3456 πάντων
805 3421 1031 3472 γνωρίσματα
1054 3422 1113 3459 καὶ
1188 3421 1236 3457 ita
1256 3428 1295 3456 ut
1329 3432 1371 3456 nc
1389 3417 1532 3468 quidem
1570 3430 1634 3468 pro
1655 3424 1756 3466 gente
1788 3414 1906 3465 aliqua
1938 3423 2173 3466 reputaretur.

96 3478 223 3522 GRV-53²
250 3477 341 3526 ’ῗΰῑᾯῆ
372 3478 438 3512 τῶν
469 3479 597 3528 καιρῶν
625 3478 755 3516 τούτων
785 3480 913 3519 ἄνωθεν
949 3482 1074 3519 ἔδωκεν
1095 3485 1112 3518 ὃ
1189 3482 1271 3532 Ego
1306 3482 1423 3530 enim,
1456 3477 1581 3528 inquit,
1601 3477 1818 3527 provocabo
1849 3489 1920 3513 vos
1944 3478 1982 3512 in
2015 3490 2069 3525 eo,
2108 3477 2174 3527 qui
