2466 3805
589 221 632 252 m
673 219 787 251 ACTA
823 213 1168 248 APOSTOLORUM.
1211 211 1375 242 HOM1L.
1416 211 1560 242 xxvii.

49 311 182 362 δημων,
202 323 262 347 και
287 305 380 345 οὐδὲν
409 303 584 357 ἐλεύθερον
617 302 755 356 ἔχοντα.
780 299 913 339 Σκόπει
944 298 980 336 δὲ
1007 312 1066 335 και

46 372 108 419 τὴν
129 367 323 408 αὖθεντείαν
339 382 398 404 του
420 365 516 416 ἁγίου
538 363 753 439 Πνεύματος.
772 358 1067 412 Λειτουργούντων

48 433 83 471 δὲ
106 434 231 478 αὐτῶν,
251 428 356 480 φησὶ,
377 444 427 480 τῳ
448 426 565 501 Κυρίῳ
590 425 649 463 καὶ
674 422 909 471 νηστευόντων
931 425 1006 459 εἷπε
1029 419 1069 458 τὸ

47 495 194 542 Πνέῦμα
213 505 253 527 το
273 489 392 540 ἅγιον·
415 487 606 540 ἀφορίσατε
632 485 674 531 δή
708 500 766 536 μοι
792 484 850 521 τὸν
883 481 1069 534 Βαρνάὸαν

49 553 108 593 καὶ
125 554 275 591 Σαῦλον.
290 549 391 593 Τίς
375 566 414 587 αν
431 548 622 598 ἐτόλμησε,
643 546 692 597 μὴ
709 548 771 592 τῆς
791 546 897 589 αὖτῆς
916 541 1070 587 ἐξουσιας

49 615 110 661 ὢν,
131 618 241 651 ταῦτα
262 613 388 658 εἰπεῖν,
418 612 530 648 Τουτο
555 607 589 646 δὲ
610 607 760 658 γίνεται,
786 606 874 643 ὥστε
904 604 952 655 μὴ
985 608 1071 642 εἶναι

52 673 175 718 αὐτοὺς
191 676 288 724 κοινῇ
311 674 383 723 μεθ’
407 673 550 709 ἑαυτῶν.
569 662 696 707 ιΊΕἷδεν
716 666 838 710 αὐτοὺς
862 665 1000 718 μείζονα
1017 664 1071 702 δύ-

51 751 154 786 ναμιν
173 735 336 787 ἔχοντας,
356 732 415 771 καὶ
433 732 573 774 πολλοῖς
593 728 798 779 δυναμένους
815 726 970 779 ἀρκέσαι.
989 727 1072 768 Πῶς

54 795 90 834 δὲ
107 797 224 838 αὐτοῖς
248 799 360 832 εἶπεν
353 824 362 841 ,
381 792 448 831 Διὰ
468 806 656 846 προφητων
675 789 769 833 ἴσως
790 788 859 826 Διὰ
872 791 972 825 τοῦτο
989 800 1072 838 προ-

52 856 170 895 λαὸὼν
195 860 302 902 εἶπεν,
327 870 380 891 οτι
409 869 468 891 και
497 867 674 905 προφηται
695 846 783 897 ησαν
811 863 870 886 και
893 847 1072 893 ἓνήστευον

54 917 140 955 καὶ
127 916 399 968 ἐλειτούργουν,
393 914 447 952 ι’να
463 913 574 964 μάθῃς
585 942 594 960 ,
614 911 666 950 ὅτι
680 912 811 955 πολλῆς
823 907 958 958 νήψεως
972 904 1074 958 χρεία

54 982 109 1024 ἠν.
127 978 189 1016 Εν
213 975 403 1028 Ἀντιοχείᾳ
421 978 687 1027 χειροτονεῖται,
714 970 793 1008 ἔνθα
812 967 986 1020 κηρύττει.
1006 965 1075 1004 Διὰ

55 1038 89 1077 τί
114 1037 162 1089 μὴ
186 1041 279 1084 εἰπε,
298 1038 348 1073 τῶ
370 1033 489 1087 Κυρίῳ
509 1032 716 1084 ἀφορίσατε,
734 1032 830 1077 ἀλλ’,
855 1026 979 1078 Ἐμοί,
994 1025 1076 1064 Δεί-

55 1115 186 1143 κνυσιν,
201 1097 253 1135 ὅτι
271 1096 304 1133 ἔν
324 1111 395 1134 εστι
411 1094 451 1132 τὸ
471 1109 533 1138 της
553 1091 706 1136 ἐξουσίας
724 1090 783 1128 καὶ
800 1093 862 1136 τῆς
883 1087 1072 1139 δυνάμεως.

57 1159 165 1210 Ὁρᾷς
183 1156 260 1194 ὅσον
278 1159 299 1202 ἦ
319 1153 462 1201 νηστεία
483 1151 590 1204 μέγα,
609 1151 800 1198 Δείκνυσιν,
817 1150 870 1189 ότι
895 1148 1010 1188 πάντα
1037 1147 1076 1185 τὸ

54 1219 199 1267 Πνευμα
219 1214 339 1253 ἐποίει.
358 1213 460 1265 Μέγα
482 1229 515 1251 τι
534 1216 556 1260 ἡ
576 1211 719 1258 νηστεία
748 1210 896 1263 ἀγαθόν·
917 1211 982 1261 οὐχ
1008 1209 1077 1262 ορῳ

55 1276 299 1352 περιορίζεται
322 1274 412 1313 εὈτε
431 1279 639 1327 χειροτονεῖν
654 1273 747 1320 ἔδει,
763 1271 841 1309 τότε
857 1288 941 1318 νησ
931 1269 1077 1308 τεύουσι

56 1354 116 1377 και
137 1335 356 1385 νηστεύουσιν
378 1336 493 1377 αὐτοῖς
519 1351 556 1372 ει
554 1350 594 1372 τν
625 1334 664 1371 τὸ
684 1335 841 1383 Πνεῦμα.
862 1331 908 1369 ‘H
935 1330 1080 1378 νηστεία

58 1398 94 1437 δὲ
114 1401 151 1436 06
170 1412 271 1436 τουτο
299 1395 401 1447 μόνον
426 1395 533 1440 ἐστιν,
550 1394 641 1433 ἀλλὰ
661 1394 720 1432 καὶ
741 1410 780 1431 το
803 1408 935 1445 τρυφης
955 1392 1081 1443 ἀπέγε-
1104 1392 1129 1422 D
1153 1394 1289 1447 impero

59 1464 156 1506 σθαι,
171 1457 332 1506 νηστείας
356 1450 442 1500 εἶδός
463 1457 548 1495 ἐστι.
568 1458 744 1494 Τοσοῦτον
774 1454 950 1493 ἓπιτάττω
980 1452 1082 1504 μόνον

58 1520 151 1572 ἐγώ·
172 1519 220 1570 μὴ
235 1517 447 1565 νηστεύσητε
460 1548 469 1566 ,
491 1517 581 1556 ἀλλὰ
599 1520 729 1570 τρυφῆς
745 1515 929 1568 ἀπέχεσθε.
942 1514 1085 1566 Τροφὰς

59 1584 234 1631 ζητῶμεν,
255 1596 303 1630 μη
327 1577 532 1630 διαφθοράν·
553 1578 681 1631 τροφὰς
701 1579 873 1627 ζητῶμεν,
903 1575 950 1626 μὴ
973 1574 1083 1613 νόσων

62 1641 258 1689 ὑποθέσεις,
273 1639 382 1678 νόσων
402 1639 462 1677 καὶ
485 1640 643 1690 ψυχικῶν
673 1638 732 1676 καὶ
762 1639 988 1687 σωματικῶν·
1008 1650 1084 1688 τρο-

62 1701 128 1754 φὴν
150 1704 306 1751 ζητῶμεν
335 1699 460 1747 ἡδονὴν
481 1699 641 1751 ἔχουσαν,
660 1698 707 1750 μὴ
728 1697 860 1751 τρυφὴν
886 1697 1008 1743 ἀηδίας
1027 1697 1085 1748 γε’-

64 1777 215 1812 μουσαν·
252 1766 352 1800 τοῦτο
385 1759 517 1812 τρυφὴ,
545 1761 654 1798 ἐκεῖνο
683 1758 800 1809 λύμη·
829 1764 927 1797 τοῦτο
956 1757 1085 1807 ἡδονὴ,

64 1821 82 1842 ¹³
97 1824 206 1860 ἐκεῖνο
225 1822 328 1865 πόνος
340 1837 347 1845 ·
368 1824 469 1859 τοῦτο
484 1820 574 1858 κατὰ
595 1819 708 1873 φύσιν,
731 1821 840 1858 ἐκεῖνο
858 1819 954 1873 παρὰ
974 1818 1087 1871 φύσιν.

62 1881 153 1921 Εἰπὲ
172 1881 240 1935 γάρ
262 1898 341 1933 μοι,
362 1882 394 1919 εἴ
415 1897 468 1924 τις
497 1880 605 1919 ἔδωκέ
637 1897 690 1919 σοι
718 1879 859 1918 κώνειον
880 1885 984 1925 πιεῖν,
1012 1878 1087 1931 οὐχὶ

63 1942 159 1996 παρὰ
179 1942 280 1995 φύσιν
298 1937 357 1991 {Q
378 1942 411 1980 εἴ
425 1958 476 1985 τις
507 1941 589 1986 ξύλα
618 1942 678 1979 καὶ
695 1941 828 1989 λίθους,
850 1944 910 1980 οὐκ
933 1940 972 1979 ἂν
1005 1941 1089 1978 ἀπε-

64 2003 221 2058 στράφης
240 2021 249 2050 ;
270 2003 427 2047 Εἰκότως
442 2019 450 2026 ·
472 2002 569 2055 παρὰ
590 2002 689 2055 φύσιν
719 2003 788 2056 γάρ
817 2005 901 2041 ἐστι.
922 2005 1088 2041 Τοιοῦτον

65 2066 124 2103 καὶ
146 2070 167 2113 ἦ
187 2065 314 2118 τρυφή.
335 2065 505 2116 Καθάπερ
525 2064 592 2116 γὰρ
625 2066 659 2102 ἐν
679 2065 779 2102 πόλει
811 2063 1011 2116 πολιορκίας
1034 2079 1090 2114 γε·

65 2126 210 2177 νομένης
229 2125 333 2168 πολὺς
355 2125 496 2178 θόρυὸος
515 2125 647 2176 γίνεται
672 2125 730 2162 καὶ
749 2125 902 2178 τάραχος
930 2127 999 2162 τῶν
1023 2138 1089 2160 πο·

64 2187 196 2239 λεμίων
223 2187 491 2226 ἐπεισελθόντων
508 2204 516 2210 ·
539 2186 644 2230 οὕτως
673 2190 707 2225 ἐν
734 2190 776 2238 τῇ
809 2188 902 2238 ψυχῇ
932 2185 1088 2237 γίνεται,

66 2249 156 2287 οἴνου
175 2249 234 2287 καὶ
248 2251 379 2301 τρυφῆς
393 2247 672 2293 ἐπεισελθούσης.
690 2246 770 2286 Τίνι
789 2247 886 2294 οὐαὶ,
905 2246 973 2284 τίνι
994 2246 1090 2299 θόρυ-

67 2309 141 2356 ἔοι,
158 2308 225 2347 τίνι
256 2307 375 2356 ἀηδίαι
404 2308 463 2346 καὶ
496 2308 643 2360 >xio-spu,
672 2308 739 2346 τίνι
766 2308 897 2361 κρίσις;
922 2308 999 2360 οὐχὶ
1020 2314 1090 2350 τοῖς

66 2369 321 2422 ἐγχρονίζουσιν
342 2371 376 2407 ἐν
393 2368 517 2417 οἴνοις,
538 2369 642 2412 Τίνος
660 2369 828 2407 πελιδινοὶ
849 2372 879 2408 οἱ
899 2368 1088 2421 ὀφθαλμοί,

65 2430 171 2469 Ἀλλὰ
195 2430 283 2482 γὰρ,
304 2430 368 2468 ὅσα
394 2429 434 2467 ἂν
453 2430 620 2481 εἴπωμεν,
650 2432 712 2468 οὐκ
740 2429 984 2481 ἀποστ-ἥσομεν
1014 2429 1092 2472 τοὺς

68 2491 147 2543 περὶ
164 2491 224 2538 τὴν
245 2491 378 2543 τρυφὴν
393 2491 706 2543 ἀπησχολημένους
718 2521 728 2539 ,
745 2490 783 2528 ἂν
803 2490 851 2542 μὴ
868 2491 956 2543 πρὸς
975 2490 1090 2544 ἕτερον

70 2552 335 2602 ἀντιστησωμεν
356 2566 396 2589 το
416 2553 534 2594 πάθος.
561 2553 631 2589 Καὶ
658 2568 796 2604 πρωτον
831 2552 892 2603 μὲν
914 2551 1000 2603 πρὸς
1032 2551 1093 2595 τὰς

2023 196 2113 255 237

1138 304 1268 334 autem
1300 295 1382 332 illis
1412 295 1596 341 Domino,
1626 291 1757 345 inquit,
1779 300 1816 331 et
1825 294 2113 345 jejunantibus,

1140 358 1239 396 dixit
1258 356 1420 408 Spiritus
1433 363 1614 394 sanctus:
1637 354 1839 407 Segregate
1854 355 1951 392 mihi
1968 354 2121 391 Barna-

1142 421 1229 456 bam
1251 426 1287 455 et
1304 417 1479 455 Saulum.
1499 416 1590 462 Quis
1609 429 1716 453 ausus
1734 423 1836 465 esset,
1855 413 1924 452 nisi
1940 422 2036 451 tanta
2059 426 2123 465 po-

1141 487 1263 517 testate
1280 477 1406 526 fultus,
1424 477 1501 515 haee
1515 475 1655 514 dicere?
1680 476 1758 513 Hoc
1776 484 1894 514 autem
1916 474 1969 522 fit,
1997 482 2035 511 ut
2055 486 2124 511 non

1143 539 1249 579 simul
1277 539 1346 591 ipsi
1365 547 1540 576 maneant.
1562 537 1668 577 Vidit
1694 537 1774 575 illos
1800 537 1970 588 majorem
1994 535 2126 572 habere

1142 601 1325 648 virtutem,
1355 609 1388 638 et
1406 599 1570 651 pluribus
1601 612 1703 650 posse
1727 598 1900 637 sufficere.
1935 596 2126 645 Quomodo

1143 670 1260 698 autem
1273 660 1345 697 illis
1362 659 1533 709 loquutus
1547 659 1621 696 est?
1636 659 1740 695 Forte
1756 673 1818 710 per
1827 658 2027 710 prophetas.
2039 656 2126 694 Ideo

1110 728 1118 756 ¹.
1143 729 1223 757 ante
1238 720 1355 768 dixit,
1376 728 1409 756 et
1432 718 1622 770 prophetas
1643 718 1752 756 fuisse
1778 727 1811 756 et
1829 719 2005 770 jejunasse
2021 726 2128 767 atque

1143 781 1417 830 ministrasse7ut
1430 779 1547 817 discas
1562 780 1675 816 multa
1690 779 1877 816 sobrietate
1896 793 1984 831 opus
2004 779 2124 816 fuisse.

1145 841 1342 880 Antiochiae
1362 840 1560 889 ordinatur,
1569 839 1631 876 ubi
1646 839 1827 891 praedicat.
1842 841 1914 877 Cur
1930 853 1998 877 non
2016 838 2126 889 dixit,

1146 905 1299 943 Domino
1326 912 1525 955 segregate,
1547 902 1628 951 sed,
1656 903 1759 939 Mihi
1782 906 1798 937 Ρ
1824 902 1989 940 Ostendit
2022 916 2131 939 unam

1145 978 1219 1003 esse
1237 964 1432 1017 potentiam
1452 972 1485 1001 et
1503 963 1689 1002 virtutem.
1708 961 1840 1001 Viden’
1863 971 1994 1012 quanta
2012 976 2066 999 res
2085 962 2132 999 sit

1141 1025 1349 1078 jejunium?
1370 1024 1533 1063 Ostendit
1555 1023 1729 1076 Spiritum
1755 1022 1873 1060 omnia
1898 1022 2029 1060 fecisse.
2048 1023 2130 1059 Ma-

1147 1101 1258 1139 gnum
1283 1085 1465 1137 quoddam
1487 1084 1623 1122 honum
1647 1092 1698 1121 est
1729 1083 1907 1135 jejunium
1927 1098 1934 1119 τ
1957 1096 2027 1120 non
2063 1092 2132 1120 ter-

1148 1147 1243 1185 mino
1268 1145 1587 1184 circumscribitur.
1616 1146 1707 1183 Cum
1732 1144 1898 1182 ordinare
1920 1144 2131 1196 oportebat,

1148 1218 1233 1247 tunc
1248 1209 1433 1261 jejunant:
1449 1217 1483 1246 et
1499 1206 1745 1260 jejunantibus
1764 1206 1837 1244 illis
1859 1206 1952 1243 dixit
1968 1206 2134 1258 Spiritus.

1149 1273 1171 1311 J
1174 1271 1333 1323 ejunium
1350 1284 1433 1309 vero
1452 1284 1521 1308 non
1537 1269 1605 1307 hoc
1618 1269 1733 1307 solum
1744 1277 1795 1305 est
1804 1283 1815 1317 5
1838 1267 1898 1305 sed
1910 1268 2014 1305 etiam
2028 1267 2137 1304 absti-

1151 1347 1232 1371 nere
1248 1347 1267 1371 a
1284 1332 1436 1382 deliciis,
1453 1331 1581 1384 jejunii
1601 1330 1732 1383 species
1750 1338 1813 1368 est.
1828 1329 1903 1367 Hoc
1918 1338 2056 1366 tantum
2074 1342 2138 1380 ego

1309 1410 1316 1431 :
1349 1407 1418 1431 non
1438 1393 1614 1445 jejunate,
1643 1391 1704 1429 sed
1732 1406 1752 1428 a
1786 1390 1925 1428 deliciis
1955 1390 2137 1428 abstinete.

1155 1457 1335 1494 Alimenta
1349 1469 1567 1506 quaeramus,
1587 1467 1657 1491 non
1674 1452 1936 1504 corruptionem
1943 1467 1953 1501 ;
1974 1451 2139 1489 alimenta

1156 1532 1373 1571 quaeramus‚
1387 1531 1457 1555 non
1475 1516 1682 1554 morborum
1704 1515 1902 1552 occasiones
1921 1523 1953 1552 et
1966 1513 2139 1566 spiritua-

1155 1580 1245 1618 lium
1258 1589 1291 1617 et
1306 1592 1576 1632 corporeorum3
1591 1577 1799 1614 alimentum
1817 1590 2033 1627 quaeramus,
2045 1575 2142 1626 quod

1155 1642 1374 1694 voluptatem
1386 1640 1531 1692 quidem
1541 1639 1687 1688 habeat,
1699 1652 1768 1676 non
1780 1652 1865 1677 vero
1877 1637 2022 1676 delicias
2035 1638 2141 1675 mole-

1157 1703 1225 1742 stia
1249 1703 1384 1756 plenas.
1414 1701 1513 1740 Illud
1542 1714 1650 1738 suave
1681 1709 1752 1750 est,
1782 1699 1851 1737 hoc
1871 1698 2141 1751 pernici05um3

1156 1764 1249 1802 illud
1277 1764 1442 1816 voluptas
1474 1771 1543 1810 est,
1572 1761 1641 1799 hoc
1667 1761 1792 1809 labor3
1826 1758 1917 1797 illud
1950 1759 2145 1798 secundum

1157 1835 1341 1873 naturam,
1360 1825 1428 1863 hoc
1446 1833 1574 1876 praeter
1589 1831 1766 1860 naturam.
1785 1821 1852 1860 Dic
1872 1821 1966 1859 enim
1987 1822 2091 1872 mihi,
2115 1821 2145 1859 si

1160 1887 1240 1938 quis
1271 1886 1370 1924 daret
1402 1885 1471 1923 tibi
1500 1884 1661 1922 toxicum
1691 1883 1739 1921 ad
1766 1892 1910 1935 potum,
1938 1897 2052 1922 nonne
2079 1883 2146 1921 hoc

1160 1958 1286 2001 praeter
1311 1958 1476 1986 naturam
1504 1956 1592 1985 esset
1611 1946 1628 1983 ἕ)
1649 1945 1678 1983 si
1700 1945 1780 1996 quis
1804 1945 1902 1996 ligna
1922 1954 1955 1983 et
1976 1944 2113 1998 lapides
2133 1975 2144 1996 ,

1160 2024 1275 2048 nonne
1292 2008 1518 2058 aversareris‚
1535 2017 1569 2045 et
1583 2006 1728 2057 quidem
1746 2006 2037 2044 merito?Praeter
2048 2015 2148 2043 natu-

1162 2087 1238 2110 ram
1254 2072 1349 2109 enim
1362 2071 1430 2108 hoc
1443 2079 1512 2118 est,
1528 2078 1567 2107 ut
1580 2078 1613 2107 et
1626 2068 1774 2106 deliciae.
1785 2069 1878 2105 Nam
1889 2076 1929 2105 ut
1942 2068 1979 2105 in
1992 2067 2148 2116 civitate,

1160 2147 1239 2183 quae
1269 2131 1478 2180 obsidetur,
1497 2143 1627 2180 magua
1653 2128 1874 2181 perturbatio
1913 2137 1947 2165 et
1972 2128 2150 2166 tumultus

1161 2203 1233 2242 est,
1255 2192 1411 2230 inimicis
1431 2189 1569 2242 ingredi
1590 2189 1800 2227 conantibus
1821 2204 1828 2225 :
1850 2188 1897 2225 ita
1920 2197 1953 2226 et
1976 2188 2013 2226 in
2032 2188 2151 2226 anima

1161 2253 1291 2292 accidit
1305 2283 1314 2300 ‚
1336 2253 1422 2290 dum
1440 2253 1565 2291 vinum
1584 2259 1617 2289 et
1637 2249 1775 2288 deliciae
1796 2249 2062 2301 superveniunt.
2079 2250 2152 2288 Cui

1162 2331 1246 2366 vae,
1264 2319 1327 2355 cui
1347 2316 1553 2363 tumultus,
1586 2316 1649 2353 cui
1667 2313 1851 2351 molestiae
1875 2322 1911 2350 et
1938 2327 2066 2365 nugae,
2090 2315 2153 2350 cui

1158 2380 1368 2430 judicium?
1383 2391 1510 2415 nonne
1523 2379 1583 2423 iis,
1601 2378 1667 2428 qui
1678 2378 1817 2413 vinum
1831 2376 1983 2413 assidue
1994 2379 2152 2426 potant?

1164 2441 1283 2492 Cujus
1304 2440 1397 2491 lippi
1416 2448 1506 2477 sunt
1524 2437 1653 2475 oculi?
1666 2438 1805 2476 Verum
1821 2435 2000 2487 quidquid
2018 2435 2152 2473 dixeri-

1163 2514 1257 2551 mus,
1274 2514 1345 2538 non
1362 2514 1406 2539 av
1410 2514 1446 2537 er
1450 2509 1563 2537 temus
1575 2513 1647 2548 cos,
1666 2497 1728 2548 qui
1744 2496 1883 2535 deliciis
1896 2497 1981 2534 dant
1994 2511 2149 2548 opeiam7

1163 2560 1233 2599 nisi
1261 2561 1373 2598 alium
1398 2559 1651 2612 aggiediamur
1679 2557 1789 2595 animi
1813 2558 1992 2596 morbum
2013 2558 2060 2594 Et
2080 2556 2150 2609 p1i-

70 2618 235 2664 γυναῖκας
252 2615 336 2663 ἡμῖν
359 2611 448 2649 ἔστω
469 2629 486 2650 0
507 2612 617 2664 >0705-
647 2612 757 2651 Οὐδὲν
780 2613 1004 2665 atomo-:epm
1026 2629 1092 2664 Υυ-
1105 2647 1153 2672 213
1166 2639 1267 2662 mum
1296 2633 1417 2662 eontra
1451 2623 1579 2661 mullei
1582 2636 1617 2660 es
1648 2622 1693 2659 sit
1726 2635 1851 2659 Ser-mo
1879 2620 1981 2659 Nihil
2009 2620 2150 2672 turpius

71 2687 487 2725 ναιγοςτρυῡωσῆςθουο
492 2672 744 2725 ναῖσχρθτερθν
760 2673 967 2723 QGUOUG'VJG'
981 2675 1095 2723 ἀμαυ·
1119 2685 1144 2714 Α
1167 2687 1315 2724 muliere
1346 2685 1485 2724 deliciis
1514 2684 1655 2731 dedita,
1691 2683 1782 2720 nihil
1812 2683 1952 2734 turpius
1984 2682 2145 2719 ebiiosa·
2166 2693 2291 2731 turpius.

73 2749 189 2785 ρουται
207 2736 312 2780 αὐτῆς
329 2734 366 2771 τὸ
392 2737 453 2780 τῆς
476 2734 538 2786 οἶκε
541 2750 587 2777 ως
615 2734 730 2783 ἄνθος,
750 2736 909 2773 θολουται
925 2735 965 2773 τὸ
984 2736 1094 2786 γαλη-

71 2794 126 2832 νὸν
152 2794 211 2832 καὶ
235 2795 366 2847 ἥμερον
394 2798 461 2832 τῶν
482 2796 683 2847 ὀφθαλμῶν,
715 2796 816 2834 οἱονεὶ
839 2796 982 2848 νεφέλης
1006 2795 1097 2838 τινὸς

73 2857 213 2898 ἀκτῖνας
229 2855 497 2908 ὑποδραμούσης
515 2856 673 2902 ἡλιακάς.
695 2855 925 2910 Ἀνελεύθερον
949 2858 988 2896 τὸ
1007 2864 1096 2909 πρᾶ-

73 2931 147 2965 γμα
167 2915 226 2952 καὶ
256 2917 424 2963 δουλικὸν,
445 2916 504 2955 καὶ
524 2916 639 2964 πάσης
667 2918 862 2969 δυσγενείας
889 2919 1094 2970 ἀνάμεστον.

71 2977 156 3019 Πῶς
175 2977 268 3014 ἐστιν
295 2977 403 3025 ἀηδὴς
425 2977 516 3016 οἴνου
550 2978 772 3016 ἀποπνέουσα
799 2979 885 3031 γυνὴ
909 2979 1094 3026 ὀδωδότος,

75 3037 267 3084 σεσηπότος
281 3052 288 3060 ·
322 3038 530 3090 ἐρευγομένη
567 3041 678 3090 κρεῶν
712 3040 938 3093 διεφθορότων
972 3041 1097 3093 χυμὸν,

77 3098 300 3149 βεὸαρημένη
322 3099 381 3137 καὶ
407 3100 634 3146 διαναστῆναι
667 3101 714 3152 μὴ
747 3103 943 3153 δυναμένη,
975 3102 1099 3155 ἐρυθρὰ

76 3159 164 3203 οῧσα
181 3170 240 3203 τοῦ
257 3166 389 3211 δέοντος
408 3167 526 3216 πλέον,
543 3169 686 3221 χάσμης
705 3169 860 3223 γέμουσα
888 3169 946 3208 καὶ
975 3169 1101 3221 ἀχλύος

79 3233 209 3277 πολλῆς
220 3231 329 3279 ,Ἀλλ’
341 3236 401 3272 οὐκ
415 3234 529 3282 ἐκείνη
548 3238 567 3282 ἡ
582 3239 712 3288 τρυφῆς
726 3236 927 3288 ἀπεχομένη
944 3235 1100 3282 τοιαύτη·

127 3373 139 3386 ³·
165 3361 278 3394 Morel.
294 3365 365 3400 εἶδες
383 3367 498 3402 αὖτοὺς.

1168 2749 1379 2786 obscuratur
1392 2746 1486 2784 enim
1498 2744 1563 2783 flos
1577 2745 1698 2783 vultus
1708 2744 1796 2796 ejus,
1807 2743 1974 2781 turbatur
1986 2742 2153 2781 serenitas

1167 2819 1200 2848 et
1219 2808 1376 2847 suavitas
1392 2808 1597 2857 oculorum,
1615 2805 1718 2857 quasi
1737 2805 1832 2843 nube
1848 2804 2003 2856 quadam
2025 2804 2154 2842 solares

1167 2870 1286 2908 radios
1314 2869 1500 2907 subeunte.
1527 2870 1596 2906 Res
1628 2876 1678 2905 est
1705 2866 1893 2904 illiberalis
1920 2874 1953 2903 et
1982 2865 2122 2903 servilis
2144 2894 2154 2911 ‚

1167 2940 1271 2981 atque
1285 2930 1508 2983 ignobilitate
1521 2929 1635 2981 plena.
1649 2930 1768 2976 Quam
1783 2925 1940 2964 insuavis
1959 2934 2009 2963 est
2026 2925 2156 2962 mulier

1168 2992 1294 3031 vinum
1313 2992 1466 3044 spirans,
1489 2989 1585 3041 quod
1606 2989 1696 3027 oleat
1719 2997 1751 3026 et
1772 2996 1979 3039 corruptum
1998 2986 2044 3024 sit
2067 2985 2154 3023 dum

1169 3060 1304 3090 eructat
1318 3050 1477 3089 carnium
1491 3058 1740 3101 corruptarum
1752 3047 1951 3095 humorem,
1963 3053 2154 3097 aggravata

1168 3122 1208 3150 ut
1222 3127 1366 3165 surgere
1381 3120 1546 3163 nequeat,
1575 3108 1774 3148 rubicunda
1789 3108 1870 3160 plus
1883 3122 1990 3159 quam
2007 3122 2073 3160 par
2087 3115 2153 3156 est,

1170 3174 1344 3223 oscitans,
1365 3182 1399 3211 et
1418 3171 1570 3223 caligine
1589 3169 1732 3208 offusa?
1753 3171 1798 3206 At
1816 3183 1885 3206 non
1904 3168 1984 3206 talis
2004 3179 2054 3207 est
2070 3169 2152 3219 illa,

1171 3250 1248 3286 quae
1265 3250 1285 3273 a
1300 3235 1483 3287 voluptate
1501 3232 1672 3279 abstinct3
1695 3231 1756 3269 sed
1777 3230 1942 3282 honesta,
1958 3240 2156 3284 temperans

1200 3368 1215 3392 b
1240 3362 1330 3397 Alius
1347 3370 1435 3399 ἐκεῖ-,ιο
1453 3367 1481 3398 δὲ
1500 3366 1595 3405 λύμη,
1611 3360 1691 3394 alius
1710 3366 1797 3396 {xe-zm
1816 3364 1845 3395 δὲ
1863 3369 1956 3400 πόνος.

2175 1027 2274 1063 Magna
2289 1038 2332 1054 res

2145 1067 2306 1108 jejunium.

2167 2272 2256 2300 Prov.
2280 2270 2330 2299 23.

2166 2323 2215 2352 29.
2229 2313 2279 2343 30.

2228 2568 2352 2596 Munere

2164 2611 2276 2638 deliciis
2300 2611 2353 2637 de-

2165 2652 2205 2679 dit
2199 2658 2223 2678 ta
2276 2651 2354 2678 nihil
