2502 3810
706 249 748 279 IN
785 250 899 280 ACTA
936 249 1272 282 APOSTOLORUM.

115 332 161 372 ὡς
181 329 282 367 αὐτὸν
305 329 415 381 ταύτῃ
434 330 525 380 μέγα
548 346 582 368 τι
607 330 800 380 νομίζοντες
820 325 918 368 εἶναι.
938 330 1048 374 Ἄξιον
1070 332 1129 368 ε’ν-

113 393 224 427 ταῦθα
240 390 435 440 θαυμάσαι,
454 394 529 434 πῶς
545 393 562 428 ὃ
580 390 710 441 δαίμων
728 393 765 428 οὗ
784 390 991 442 συνέπραξεν
1005 381 1176 435 ἐκεῖνοςυ

113 452 156 500 τῇ
171 453 238 487 τῶν
254 449 459 501 ἐξορκιστῶν
474 451 588 502 πλάνῃ
600 481 609 497 ,
631 451 719 490 ἀλλὰ
734 451 907 504 διήλεγξεν
924 451 1055 500 αὐτοὺς,
1070 452 1130 491 καὶ

114 508 176 554 τὴν
210 509 339 556 σκηνὴν
374 513 484 549 αὐτῶν
516 510 664 562 φανερὰν
699 511 873 557 ἐποίησεν.
906 511 1010 562 Ἐμοὶ
1038 513 1130 550 δοκεῖ

116 570 247 621 σφόδρα
264 572 449 621 θυμωθεὶς,
471 571 589 624 ὥσπερ
609 572 649 609 ἂν
667 571 764 615 εἴτις
781 573 862 625 περὶ
880 574 948 609 τῶν
973 572 1130 624 ἐσχάτων

114 632 328 680 κινδυνεύων,
344 633 412 671 ὑπό
426 648 517 676 τινος
535 635 670 685 οἰκτροῦ
686 633 743 671 καὶ
760 632 982 684 ταλαιπώρου
1000 633 1131 684 διελέγ-

113 707 228 742 χοιτο,
250 693 309 730 καὶ
336 693 451 731 πάντα
478 696 525 735 εἷς
551 696 678 731 ἐκεῖνον
713 695 851 745 ἀφεῖναι
885 693 1045 743 βούλεται
1071 693 1129 730 τὸν

114 752 232 802 θυμόν.
248 752 324 790 Ἵνα
339 753 406 804 γὰρ
426 754 474 802 μὴ
493 754 572 805 δόςῃ
592 757 880 806 καταφρονεῖσθαι
896 753 934 790 τὸ
947 753 1055 802 ὄνομα
1069 755 1129 790 τοῦ

114 812 253 860 Ἰησοῦ,
277 813 442 865 πρότερον
459 814 742 865 ὃμολογήσας,τ
723 813 800 850 τότε
819 812 975 850 ἔλαὸεν’
960 812 1127 856 εξουσίαν.

113 872 197 910 εὈτι
227 873 294 924 γὰρ
322 890 359 911 ου
387 877 445 911 τοῦ
474 874 640 923 ὀνόματος
666 877 707 919 ἠν
736 872 915 916 ἀσθένεια,
949 871 1039 909 ἀλλὰ
1067 873 1130 916 τῆς

112 933 251 971 ἐκείνων
271 934 408 978 ἀπάτης
427 934 465 971 τὸ
483 940 564 977 πᾶν,
585 933 641 971 ἐπὶ
660 931 803 969 Παύλου
820 930 876 967 διὰ
895 930 930 968 τί
949 930 997 981 μὴ
1019 935 1130 968 ταῦτα

111 1009 150 1042 γε
153 994 311 1043 γένηται;
337 993 407 1031 Καὶ
430 994 680 1044 ἐφαλλόμενος,
701 991 816 1043 φησὶν,
839 993 856 1028 ὃ
875 990 1087 1042 ανορωπος’
1072 990 1130 1028 επ’

113 1053 243 1095 αὐτούς.
261 1053 404 1095 Ἴσως
385 1053 522 1129 οιέρρης
507 1053 557 1089 νεν
581 1054 693 1089 αὐτῶν
715 1050 759 1088 τὰ
781 1050 924 1100 ἱμάτια,
941 1050 1000 1087 καὶ
1019 1055 1175 1103 προσ-Ε

110 1113 233 1164 τ’ραξεν
265 1115 377 1150 αὐτῶν
408 1113 469 1156 τὰς
488 1111 658 1164 κεφαλάς·
677 1115 777 1149 τοῦτο
802 1109 869 1162 γὰρ
900 1110 1053 1156 ἐδήλωσε
1078 1128 1127 1163 τῳ

110 1174 231 1219 εἰπεῖν,
253 1171 530 1223 Ἐφαλλόμενος·
552 1170 732 1217 τουτέστι,
757 1170 846 1220 μετὰ
866 1169 1011 1222 ῥύμης’
996 1186 1128 1217 επιπη-

111 1231 276 1278 δήσας,“
253 1247 342 1269 ωστε
362 1232 478 1269 ἱκανὸν
496 1236 537 1278 ἠν
563 1235 664 1270 τοῦτο
682 1231 908 1305 ἐργάσασθαι.
941 1230 988 1267 Τί
1016 1233 1128 1279 ἐστιν;

108 1291 278 1335 Αποστὰς
300 1294 360 1330 ἀπ’
381 1293 493 1330 αὐτων
517 1292 670 1344 ἀφώρισε
686 1307 765 1335 τους
787 1290 962 1341 μαθητάς;
985 1290 1129 1330 Ἐνεκο-

109 1354 170 1404 ψεν
192 1354 303 1391 αὐτῶν
308 1384 319 1400 ,
335 1353 436 1405 φησὶ,
455 1352 518 1399 τὴν
537 1351 760 1403 κακολογίαν.
782 1353 896 1389 Τοῦτο
910 1351 946 1389 δὲ
962 1357 1054 1389 ποιεῖ
1069 1352 1129 1390 καὶ

110 1413 318 1464 ἀφίσταται,
349 1413 424 1451 ἐπεὶ
451 1416 512 1452 οὐκ
542 1412 710 1459 ἠὸούλετο
736 1415 905 1450 ἐκκαῦσαι
936 1412 1050 1450 αὐτῶν
1071 1413 1128 1450 τὸν

109 1474 242 1526 φθόνον,
263 1473 339 1512 οὐδὲ
355 1476 401 1518 εἷς
413 1474 483 1525 ἔριν
498 1473 663 1524 ἕμὸαλεῖν
677 1473 832 1511 πλείονα.
851 1473 904 1511 Τὸ
920 1473 970 1520 δὲ,
989 1473 1127 1525 Ἐπαρ-

109 1535 309 1587 ῥησιάζετο,
328 1535 434 1585 λέγει,
466 1537 579 1582 δηλῶν
609 1533 663 1573 ὅτι
694 1534 752 1573 καὶ
773 1535 857 1587 πρὸς
884 1534 1059 1578 κινδύνους
1085 1529 1128 1582 ἦν

107 1595 438 1646 παρατεταγμένος,
457 1595 517 1633 καὶ
537 1594 770 1648 φανερώτερον
781 1594 984 1674 1,διελέγετῳ
1011 1596 1049 1632 οὐ
1072 1610 1130 1633 συ-

107 1655 256 1699 σκιάζων
291 1655 335 1694 τὰ
368 1655 538 1706 δόγματα.
573 1653 798 1693 Ἐντεῦθενῧ
811 1655 1042 1705 μανθάνομεν,
1078 1653 1126 1706 μὴ

1312 251 1465 282 HOMIL.
1504 253 1594 282 XLI.

2088 241 2178 300 345

1202 341 1312 380 eiant,
1331 331 1524 370 admodum
1543 341 1641 370 erant
1661 331 1794 371 fideles.
1820 333 1874 370 Ita
1893 332 1985 370 nihil
2012 347 2181 385 magnum

1201 392 1374 443 putabant
1403 406 1475 430 esse
1500 394 1643 443 Jesum,
1666 392 1954 443 quandoquidem
1972 402 2005 431 et
2026 396 2178 433 Paulum

1202 451 1411 502 addidere,
1401 466 1518 503 ipsum
1539 452 1622 490 hinc
1638 466 1807 504 magnum
1825 452 2012 505 quidpiam
2028 468 2101 492 esse
2118 470 2180 507 pu-

1202 519 1274 548 tare
1286 512 1513 550 ostendentes.
1523 513 1590 550 Hic
1602 513 1723 551 mirari
1736 513 1842 563 subit,
1854 514 2031 564 quomodo
2042 514 2180 554 daemon

1202 570 1264 608 ille
1279 573 1533 611 exorcistarum
1547 574 1658 612 errori
1671 588 1740 612 non
1756 583 1959 626 cooperatus
1972 584 2036 623 est,
2054 576 2115 614 sed
2129 591 2181 614 re-

1202 629 1346 682 darguit
1375 633 1479 671 illum
1496 663 1508 684 ,
1530 643 1563 672 et
1588 648 1727 671 scenam
1749 648 1871 672 eorum
1893 636 2065 687 patefecit.
2085 637 2181 675 Mihi

1203 689 1347 728 videtur
1364 692 1467 730 valde
1485 694 1734 742 succensuisse,
1753 708 1794 732 ae
1812 695 1841 732 si
1857 696 1935 746 quis
1954 695 1998 734 de
2013 697 2180 735 extremis

1202 751 1416 802 periclitans,
1435 767 1455 789 a
1473 753 1600 790 misero
1615 753 1770 803 quodam
1791 764 1823 792 et
1840 770 2035 795 aerumnoso
2053 758 2182 795 refute-

1202 819 1274 859 tur,
1295 820 1328 848 et
1346 811 1500 849 furorem
1526 826 1631 849 suum
1661 822 1774 851 totum
1797 815 1833 852 in
1861 816 1965 854 illum
1991 832 2182 856 exonerare

1202 870 1298 908 velit.
1316 872 1368 907 Ne
1394 871 1575 909 videretur
1597 873 1692 910 enim
1719 888 1845 912 nomen
1875 878 1957 914 Jesu
1988 877 2179 930 despicere,

1202 930 1318 980 primo
1330 931 1449 982 ipsum
1462 933 1648 981 confessus,
1662 942 1746 970 tunc
1759 943 1967 984 potestatem
1978 940 2123 989 accepit.
2132 941 2181 977 Ut

1201 1001 1319 1030 autem
1336 994 1505 1045 probetur
1525 1008 1593 1032 non
1612 1009 1656 1033 ex
1675 995 1858 1033 debilitate
1873 998 2041 1048 nominis,
2060 1000 2121 1037 sed
2137 1015 2183 1039 ex

1200 1053 1345 1091 illorum
1356 1054 1480 1092 fraude
1495 1063 1608 1094 totum
1621 1055 1803 1106 accidisse,
1825 1071 1888 1095 cur
1903 1072 1971 1096 non
1987 1060 2096 1097 Paulo
2113 1061 2181 1098 tale

1200 1113 1386 1165 quidpiam
1401 1115 1547 1166 contigit
1561 1116 1578 1152 ἶ)
1593 1118 1647 1153 Et
1661 1118 1849 1160 insiliens,
1872 1118 1998 1169 inquit,
2015 1121 2127 1158 lzomo
2140 1124 2182 1158 in

1200 1174 1301 1211 illos.
1320 1175 1424 1212 Forte
1443 1174 1587 1213 discidit
1614 1175 1758 1214 illorum
1778 1186 1890 1215 vestes
1905 1208 1914 1226 ,
1938 1188 1971 1216 et
1991 1180 2105 1231 capita
2123 1180 2182 1218 di-

1200 1235 1349 1274 laniavit
1363 1251 1370 1272 :
1386 1236 1453 1274 hoc
1473 1237 1566 1274 enim
1582 1237 1757 1277 indicavit
1771 1239 1903 1288 dicens,
1919 1242 2101 1280 Insiliens
2111 1259 2127 1287 ;
2144 1242 2181 1281 id

1200 1302 1265 1343 est,
1287 1307 1369 1331 cum
1387 1294 1522 1346 impetu
1540 1295 1690 1345 irruens,
1710 1297 1758 1334 ita
1774 1306 1812 1335 ut
1832 1299 1907 1335 haec
1922 1299 2034 1337 facere
2051 1310 2179 1351 posset.

1202 1354 1302 1402 Quid
1316 1355 1385 1392 sibi
1403 1356 1490 1403 vult,
1501 1357 1711 1395 Discedens
1739 1360 1788 1395 ab
1813 1361 1881 1405 eis,
1899 1363 2112 1412 segregavit
2125 1362 2181 1398 di-

1199 1416 1365 1467 scipulos
1377 1420 1394 1452 Ρ
1405 1415 1568 1466 Illorum,
1584 1417 2002 1468 inquit,maledjcentiam
2015 1421 2177 1459 succidit.

1198 1476 1274 1514 Hoc
1292 1486 1409 1514 autem
1429 1477 1514 1515 facit
1534 1487 1567 1515 et
1586 1479 1754 1528 abscedit,
1776 1481 1859 1531 quia
1878 1482 2017 1520 nolebat
2035 1482 2182 1521 illorum

1198 1538 1371 1576 invidiam
1391 1539 1611 1589 succendere,
1629 1555 1742 1591 neque
1757 1541 1795 1579 in
1813 1543 1983 1594 majorem
1997 1544 2115 1582 rixam
2129 1545 2182 1583 in-

1199 1598 1317 1636 citare.
1337 1599 1437 1637 Illud
1456 1609 1589 1650 autem,
1613 1603 1873 1641 Fiduci'alcter
1891 1607 2043 1656 agebat,
2069 1605 2179 1656 dicit,

1198 1659 1428 1710 significans
1418 1675 1538 1713 ipsum
1551 1662 1598 1700 ad
1610 1676 1673 1714 per
1676 1662 1767 1701 icula
1783 1673 1959 1716 paratum,
1975 1665 2061 1703 cla
2034 1681 2104 1703 rius
2119 1680 2182 1705 nec

105 1716 211 1766 ὁμόσε
242 1722 369 1769 χωρεῖν
404 1723 474 1760 τοῖς
507 1717 765 1766 κακολογοῦσιν,
806 1718 882 1754 ἀλλ’
916 1715 1127 1768 αριστασθαι
1138 1719 1364 1775 510dogmata
1383 1722 1654 1761 obumlnantem
1666 1723 1875 1776 disputasse.
1900 1726 1992 1764 Hinc
2011 1727 2182 1765 discimus

107 1779 232 1815 αὐτων.
261 1779 338 1816 Οὐκ
363 1777 595 1828 ἐκακολόγησε
626 1780 741 1820 κακῶς
767 1777 899 1815 ἀκούων
920 1777 979 1815 καὶ
1008 1777 1124 1825 αὐτὸς,

107 1838 197 1876 ἀλλὰ
224 1840 354 1888 μᾶλλον
385 1838 556 1889 διελέγετο
575 1839 652 1876 καθ’
675 1837 824 1891 ἡμέραν,
844 1837 904 1876 καὶ
922 1838 1031 1890 ταύτῃ
1062 1839 1127 1888 μά.-

103 1900 208 1937 λιστα
235 1899 464 1948 οἰκειούμενος
494 1897 572 1941 τοὺς
604 1897 750 1940 πολλοὺς
777 1901 826 1950 τῷ
846 1899 997 1942 *κακῶς
1014 1899 1128 1938 καίτοι

105 1958 256 2002 ἀκούσας
272 1958 319 2009 μὴ
336 1960 563 2005 ἀποπηδῆσαι
592 1957 679 2008 μηδὲ
700 1961 928 2010 χωρισθῆναι.
952 1960 1023 1997 Καὶ
1046 1960 1126 1998 σκό-

103 2035 183 2067 πει,
204 2019 323 2066 ἐπειδὴ
344 2022 442 2057 ὁτῶν
457 2019 522 2063 ἔξω
542 2019 734 2071 πειρασμὸς
755 2019 952 2067 ἐπαύσατο,
973 2020 1042 2058 ἀπὸ
1055 2022 1124 2057 τῶν

105 2080 277 2130 δαιμόνων
313 2081 454 2131 ἤρξατο.
484 2080 592 2132 (Ορᾷς
629 2079 793 2133 πώρωσιν
830 2079 1041 2128 Ἰουδαϊκῆνς
1067 2081 1124 2119 Τὰ

102 2141 226 2190 ἱμάτια
247 2143 348 2178 αὐτοῦ
377 2140 505 2183 ἰδόντες
532 2143 752 2191 ἐνεργοῦντα,
786 2141 822 2178 οὔ
852 2146 1049 2192 προσεῖχον.
1077 2141 1124 2178 Τί

101 2200 223 2239 τούτου
243 2203 355 2251 μεῖζον
378 2201 416 2238 ἂν
440 2200 589 2252 γένοιτο;
609 2203 692 2244 Τοῖς
711 2201 746 2237 δὲ
766 2202 896 2250 μᾶλλον
917 2203 964 2243 εἷς
983 2203 1123 2239 τούναν-

101 2262 172 2299 τίον
193 2261 370 2312 περιέστη.
393 2261 439 2299 Εἴ
461 2277 512 2304 τις
531 2260 711 2307 Ἑλλήνων
738 2264 904 2307 ἀπιστεῖ,
929 2260 993 2307 τὴν
1021 2261 1121 2299 σκιὰν

102 2325 189 2374 ὁρῶν
219 2326 329 2359 ταῦτα
359 2321 590 2373 ἐργαζομένην
622 2320 828 2359 πιστευέτω.
857 2320 963 2359 Οὕτω
1000 2325 1050 2374 τῷ
1085 2322 1121 2366 ἐξ

102 2384 214 2419 αὐτῶν
244 2385 438 2428 ἀποστῆναι
455 2385 486 2420 οἱ
509 2380 570 2432 μὲν
590 2383 859 2433 κακολογοῦντες
888 2381 948 2419 καὶ
976 2382 1120 2419 διαὸάλ-

99 2444 216 2485 λοντες
234 2442 274 2479 τὸ
288 2441 401 2493 δόγμα
415 2445 587 2489 ἡττῶνται
603 2444 616 2488 <
631 2445 731 2480 τοῦτο
745 2441 813 2493 γὰρ
834 2442 994 2480 ἐκάλεσεν
1010 2442 1117 2492 ὁδόν)-

102 2501 200 2544 αὒτὸς
228 2502 264 2539 δὲ
286 2502 494 2553 ἀφίσταται,
514 2505 560 2545 ὡς
581 2502 672 2551 μήτε
699 2501 777 2545 τοὺς
797 2502 955 2552 μαθητὰς
978 2506 1120 2555 ἀναχω-

102 2565 222 2612 ρῆσαι,
240 2562 327 2612 μήτε
345 2562 493 2604 ἐκείνους
508 2564 554 2605 εἷς
573 2562 678 2612 Ουμὸν
699 2563 830 2615 ἐγεῖραι
845 2593 854 2609 ,
878 2562 1011 2606 δεικνὺς
1028 2580 1121 2601 παν-

98 2625 207 2673 ταχοῦ
242 2621 488 2671 διωθουμένους
520 2621 582 2668 τὴν
611 2622 797 2674 σωτηρίαν.
821 2623 890 2660 Καὶ
916 2623 1036 2661 λοιπὸν
1067 2625 1119 2661 ε’ν-

98 2685 209 2720 ταῦθα
240 2681 316 2720 οὐδὲ
339 2683 560 2733 ἀπολογεῖται
592 2685 725 2729 αὐτοῖς,
748 2683 808 2720 ἅτε
841 2688 1023 2736 πανταχοῦ
1050 2688 1118 2723 τῶν

98 2744 202 2779 ἐθνῶν
222 2742 493 2780 πιστευσάντων.
512 2743 581 2780 Καὶ
607 2742 823 2793 διαλέγεται,
845 2745 909 2794 οὐχ
925 2745 1044 2787 ἁπλῶς
1062 2745 1120 2783 τὸν

97 2802 201 2841 τόπον
224 2803 394 2850 ζητήσας,
423 2804 500 2841 ἀλλ’
520 2801 599 2839 ἔνθα
621 2803 732 2855 σχολὴ
752 2798 806 2851 ἧν,
823 2806 869 2846 ὡς
889 2808 904 2824 ‘³
917 2805 1118 2850 ἐπιτηδειό-

98 2877 194 2915 τερον
218 2862 274 2900 διὰ
291 2863 330 2900 τὸ
350 2865 420 2901 ἐκεῖ
437 2862 655 2914 συνάγεσθαι.

152 2929 285 2976 Βαὸαὶ,
317 2929 409 2975 πόση
439 2932 508 2967 τῶν
538 2928 797 2967 πιστευσάντων
816 2933 838 2976 ἡ
868 2929 1034 2980 δύναμις,
1065 2930 1117 2970 ὅτι

97 2991 155 3028 καὶ
173 2991 300 3043 ἑτέροις
318 2995 377 3028 τοῦ
396 2990 439 3028 τὰ
461 2990 551 3028 αὐτὰ
572 2996 682 3028 ποιεῖν
706 2990 857 3041 γίνεται·
879 2991 971 3038 πόση
989 2991 1024 3029 δὲ
1043 2992 1117 3030 πώ-

100 3067 202 3102 ρωσις
221 3052 288 3087 τῶν
314 3050 372 3088 καὶ
398 3050 486 3100 μετὰ
503 3049 566 3097 τὴν
590 3050 763 3094 ἀπόδειξιν
783 3053 845 3096 τῆς
863 3051 1040 3102 δυνάμεως
1066 3052 1117 3090 ἔτι

100 3110 269 3160 μενόντων
300 3112 343 3161 τῇ
379 3110 536 3163 ἀπιστίᾳ.
557 3110 696 3163 εὨσπερ
721 3105 778 3148 οῦν
801 3110 922 3161 Σίμων
948 3112 1118 3165 ἐμπορίας

99 3171 210 3209 ἕνεκεν
240 3171 352 3218 ἐζήτει
373 3174 431 3209 τοῦ
459 3171 664 3221 Πνεύματος
692 3171 755 3218 τὴν
786 3172 903 3224 χάριν,
937 3174 1027 3212 οὕτω
1058 3174 1116 3212 καὶ

142 3316 158 3338 ¹¹
185 3316 277 3347 Unus
291 3321 481 3358 μανθάνομεν
496 3322 545 3350 καὶ
561 3322 646 3360 ἡμεῖς
660 3323 705 3360 μὴ
722 3321 823 3360 ὁμόσε.

144 3368 158 3383 *
184 3369 260 3410 [lta
284 3368 323 3399 D.
352 3376 383 3399 et
412 3368 573 3401 Commel.
592 3370 730 3402 Latinus
747 3371 926 3413 Inter-pres,
948 3370 1049 3404 Savil.
1074 3379 1106 3403 et

1149 1789 1174 1816 Α
1197 1794 1267 1817 non
1282 1795 1344 1818 nos
1360 1781 1560 1820 immiscere
1573 1797 1652 1821 cum
1671 1784 1868 1835 maledicis,
1883 1785 1944 1823 sed
1955 1786 2000 1823 ab
2014 1787 2086 1825 illis
2098 1788 2181 1826 abs-

1197 1841 1330 1881 cedere.
1353 1843 1431 1880 Non
1462 1843 1648 1881 maledixit
1667 1844 1765 1895 ipse,
1790 1859 1872 1882 cum
1901 1846 1992 1884 male
2014 1847 2179 1897 audiret,

1197 1901 1268 1939 imo
1281 1902 1399 1954 potius
1414 1903 1572 1954 quotidie
1590 1904 1806 1956 disputabat,
1823 1915 1856 1943 et
1869 1906 1936 1944 hac
1954 1907 2109 1945 maxime
2123 1922 2181 1946 ra-

1196 1962 1290 2000 tione
1308 1964 1438 2001 multos
1466 1964 1534 2002 sibi
1559 1965 1770 2016 concilians,
1792 1967 1888 2017 quod
1906 1968 2070 2018 quamvis
2088 1969 2183 2007 mala

1195 2023 1347 2074 audiret,
1365 2038 1436 2061 non
1454 2024 1649 2063 discederet
1663 2040 1775 2077 neque
1795 2037 2028 2079 separaretur.
2051 2029 2099 2067 Et
2117 2029 2181 2067 ob-

1196 2098 1308 2134 serva,
1338 2094 1525 2136 postquam
1553 2086 1700 2124 tentatio
1729 2088 1774 2124 ab
1803 2089 1956 2126 externis
1978 2090 2141 2141 cessavit,
2160 2106 2180 2129 a

1195 2144 1417 2183 daemonibus
1437 2146 1579 2198 incepit.
1596 2146 1728 2186 Viden’
1759 2149 1949 2186 eaecitatem
1963 2150 2149 2189 Judaicam
2163 2153 2180 2191 Ξ)

1196 2207 1287 2243 Cum
1305 2206 1466 2245 viderent
1486 2217 1600 2246 vestes
1619 2209 1694 2260 ejus
1713 2219 1907 2260 operantes,
1928 2225 1997 2248 non
2017 2211 2180 2252 adverte-

1193 2266 1292 2304 bant.
1317 2268 1416 2316 Quid
1434 2268 1502 2305 hoc
1521 2269 1635 2320 majus
1650 2283 1723 2307 esse
1741 2270 1882 2321 possit?
1897 2272 1941 2308 At
1955 2271 2027 2309 illis
2046 2272 2083 2310 in
2100 2288 2180 2313 con-

1193 2328 1343 2366 trarium
1361 2343 1416 2367 res
1437 2343 1536 2368 versa
1563 2338 1625 2367 est.
1643 2330 1683 2369 Si
1701 2330 1780 2381 quis
1801 2331 1985 2382 gentilium
2008 2347 2076 2371 non
2104 2349 2180 2374 cre-

1191 2388 1266 2437 dat,
1276 2389 1401 2427 videns
1415 2390 1578 2427 umbram
1595 2390 1671 2428 haec
1686 2401 1900 2443 operantem,
1919 2393 2048 2432 credat.
2060 2395 2120 2433 Sic
2135 2411 2180 2435 ex

1192 2463 1245 2498 eo,
1264 2450 1360 2500 quod
1370 2451 1416 2488 ab
1432 2451 1505 2488 illis
1518 2450 1726 2501 djscederet,
1748 2452 1914 2491 maledici
1928 2463 1960 2492 et
1973 2456 2033 2505 qui
2048 2456 2178 2509 dogma

1141 2520 1164 2550 B
1193 2511 1512 2559 calumniabantur,
1533 2522 1744 2563 superantur
1759 2512 1840 2564 (hoc
1852 2513 1946 2552 enim
1960 2515 2057 2553 viam
2072 2531 2177 2555 voca-

1192 2570 1275 2618 vit):
1286 2571 1346 2608 ille
1355 2585 1440 2609 vero
1450 2570 1614 2618 discedit,
1626 2580 1663 2608 ut
1677 2585 1788 2622 neque
1800 2572 1967 2624 discipuli
1978 2575 2177 2615 secederent

1191 2644 1305 2680 neque
1319 2631 1399 2668 illos
1413 2630 1458 2668 ad
1473 2631 1562 2668 iram
1580 2632 1780 2682 concitaret,
1797 2634 1982 2672 ostendens
1998 2635 2079 2674 illos
2096 2637 2175 2675 ubi-

1191 2704 1258 2740 que
1269 2691 1419 2728 salutem
1436 2691 1671 2742 repellere.Et
1683 2692 1759 2743 jam
1773 2693 1844 2730 illis
1860 2707 1928 2731 non
1946 2709 2018 2732 sese
2032 2706 2175 2748 purgat,

1191 2765 1231 2789 eo
1250 2751 1345 2801 quod
1361 2760 1479 2802 gentes
1498 2752 1628 2802 ubique
1646 2752 1837 2791 crederent.
1854 2754 1901 2791 Et
1918 2754 2088 2807 disputat,
2105 2771 2175 2796 non

1191 2811 1353 2862 quemvis
1368 2812 1487 2849 locum
1502 2826 1676 2862 quaerens,
1688 2811 1747 2850 sed
1763 2813 1824 2851 ubi
1839 2814 1958 2852 schola
1974 2826 2059 2867 erat,
2072 2819 2173 2869 quasi

1191 2872 1481 2921 commodiorem,
1503 2887 1543 2910 eo
1566 2872 1660 2923 quod
1680 2873 1731 2911 ibi
1752 2886 2059 2926 congregarentur.

1244 2936 1282 2971 9.
1303 2934 1408 2985 Papae
1421 2963 1430 2981 ,
1452 2943 1581 2984 quanta
1608 2933 1825 2972 credentium
1840 2936 1954 2974 virtus
1969 2966 1980 2987 ,
2005 2953 2115 2989 quum
2139 2950 2173 2978 et

1190 2992 1270 3031 aliis
1285 3007 1425 3044 quoque
1435 2993 1555 3032 eadem
1574 2994 1648 3045 ipsa
1665 2995 1779 3032 facere
1799 2996 2028 3038 concedatur!
2044 3009 2174 3049 quanta

1190 3067 1275 3092 vero
1291 3054 1428 3092 caecitas
1447 3068 1582 3102 eorum,
1599 3054 1660 3104 qui
1679 3055 1786 3092 etiam
1800 3056 1888 3094 dum
1903 3057 2018 3096 virtus
2032 3059 2094 3098 illa
2111 3060 2173 3099 de-

1191 3124 1457 3163 monstraretur,
1479 3115 1515 3153 in
1534 3115 1782 3153 incredulitate
1794 3119 1992 3156 manebant.
2002 3121 2051 3158 L‘t
2064 3121 2174 3173 igitur

1191 3176 1314 3214 Simon
1332 3176 1423 3214 lucri
1443 3190 1547 3214 causa
1567 3176 1715 3228 gratiam
1732 3177 1887 3230 Spiritus
1906 3181 2106 3231 quaerebat,
2122 3182 2173 3221 sic

1170 3321 1286 3353 Monts.
1307 3333 1380 3353 cum
1401 3323 1436 3353 Α.
1458 3324 1493 3354 Β.
1514 3323 1550 3354 C.
1571 3333 1665 3361 κακῶς
1679 3330 1811 3367 πάσχειν,
1832 3331 1878 3360 καὶ
1902 3329 2055 3370 amians]

1214 3383 1226 3397 ⁸
1251 3374 1510 3419 [ἐπιτηδειότερον
1536 3386 1596 3417 pro
1622 3379 1855 3423 ἐπιτηδειότερος
1878 3377 2054 3413 Editor-um
2079 3381 2171 3414 resti-

2192 2155 2364 2185 Judaeorum

2193 2199 2300 2226 caeciias
2307 2218 2313 2225 .
