<?xml version="1.0" encoding="UTF-8"?>
<!DOCTYPE html PUBLIC "-//W3C//DTD XHTML 1.0 Transitional//EN"
    "http://www.w3.org/TR/xhtml1/DTD/xhtml1-transitional.dtd">
<html xmlns="http://www.w3.org/1999/xhtml" xml:lang="en" lang="en">
 <head>
  <title>
</title>
<meta http-equiv="Content-Type" content="text/html;charset=utf-8" />
  <meta name='ocr-system' content='tesseract 3.04.00' />
  <meta name='ocr-capabilities' content='ocr_page ocr_carea ocr_par ocr_line ocrx_word'/>
</head>
<body>
  <div class='ocr_page' id='page_1' title='image "./operaomniaquaeex09johnuoft_0839.png"; bbox 0 0 2502 3810; ppageno 0'>
   <div class='ocr_carea' id='block_1_1' title="bbox 703 249 924 280">
    <p class='ocr_par' dir='ltr' id='par_1_1' title="bbox 703 249 924 280">
     <span class='ocr_line' id='line_1_1' title="bbox 703 249 924 280; baseline 0 -1"><span class='ocrx_word' id='word_1_1' title='bbox 703 249 746 279; x_wconf 83' lang='lat' dir='ltr'><strong>IN</strong></span> <span class='ocrx_word' id='word_1_2' title='bbox 782 249 924 280; x_wconf 78' lang='lat' dir='ltr'>EPIST-</span> 
     </span>
    </p>
   </div>
   <div class='ocr_carea' id='block_1_2' title="bbox 75 329 1109 1165">
    <p class='ocr_par' dir='ltr' id='par_1_2' title="bbox 75 329 1109 1165">
     <span class='ocr_line' id='line_1_2' title="bbox 75 329 1103 383; baseline 0.004 -17"><span class='ocrx_word' id='word_1_3' title='bbox 75 331 214 367; x_wconf 81' lang='grc' dir='ltr'>-ἐκεῖθεν</span> <span class='ocrx_word' id='word_1_4' title='bbox 243 329 301 367; x_wconf 74' lang='grc' dir='ltr'><strong>καὶ</strong></span> <span class='ocrx_word' id='word_1_5' title='bbox 328 332 473 368; x_wconf 83' lang='grc' dir='ltr'>ἐνταῦθα</span> <span class='ocrx_word' id='word_1_6' title='bbox 493 332 747 383; x_wconf 76' lang='grc' dir='ltr'>εἰσαγάγωμεν,</span> <span class='ocrx_word' id='word_1_7' title='bbox 767 333 823 371; x_wconf 76' lang='grc' dir='ltr'><strong>ἵνα</strong></span> <span class='ocrx_word' id='word_1_8' title='bbox 845 337 879 372; x_wconf 79' lang='grc' dir='ltr'><strong>αἱ</strong></span> <span class='ocrx_word' id='word_1_9' title='bbox 904 333 1020 377; x_wconf 88' lang='grc' dir='ltr'>πόλεις</span> <span class='ocrx_word' id='word_1_10' title='bbox 1043 332 1103 383; x_wconf 81' lang='grc' dir='ltr'>γε’-</span> 
     </span>
     <span class='ocr_line' id='line_1_3' title="bbox 89 389 1104 445; baseline 0.004 -19"><span class='ocrx_word' id='word_1_11' title='bbox 89 405 214 427; x_wconf 89' lang='grc' dir='ltr'>νωνται</span> <span class='ocrx_word' id='word_1_12' title='bbox 233 389 369 433; x_wconf 88' lang='grc' dir='ltr'>πόλεις·</span> <span class='ocrx_word' id='word_1_13' title='bbox 390 397 499 430; x_wconf 86' lang='grc' dir='ltr'>ταῦτα</span> <span class='ocrx_word' id='word_1_14' title='bbox 521 393 578 430; x_wconf 76' lang='grc' dir='ltr'><strong>τὸν</strong></span> <span class='ocrx_word' id='word_1_15' title='bbox 599 392 760 440; x_wconf 53' lang='grc' dir='ltr'>(Ἕλληνα</span> <span class='ocrx_word' id='word_1_16' title='bbox 779 396 931 445; x_wconf 79' lang='grc' dir='ltr'>ὀρθῶσαι</span> <span class='ocrx_word' id='word_1_17' title='bbox 951 394 1104 439; x_wconf 76' lang='grc' dir='ltr'>δύναται,</span> 
     </span>
     <span class='ocr_line' id='line_1_4' title="bbox 87 450 1105 504; baseline 0.004 -18"><span class='ocrx_word' id='word_1_18' title='bbox 87 453 198 487; x_wconf 86' lang='grc' dir='ltr'>ταῦτα</span> <span class='ocrx_word' id='word_1_19' title='bbox 214 450 415 495; x_wconf 77' lang='grc' dir='ltr'>ἀπαλλάξαι</span> <span class='ocrx_word' id='word_1_20' title='bbox 435 452 566 504; x_wconf 80' lang='grc' dir='ltr'>μυρίων</span> <span class='ocrx_word' id='word_1_21' title='bbox 584 454 797 492; x_wconf 78' lang='grc' dir='ltr'>σκανδάλων.</span> <span class='ocrx_word' id='word_1_22' title='bbox 828 453 952 502; x_wconf 66' lang='grc' dir='ltr'><strong>εὨστε,</strong></span> <span class='ocrx_word' id='word_1_23' title='bbox 974 456 1005 491; x_wconf 82' lang='grc' dir='ltr'><strong>εἰ</strong></span> <span class='ocrx_word' id='word_1_24' title='bbox 1026 452 1105 504; x_wconf 85' lang='grc' dir='ltr'>βού-</span> 
     </span>
     <span class='ocr_line' id='line_1_5' title="bbox 86 511 1105 566; baseline 0.003 -18"><span class='ocrx_word' id='word_1_25' title='bbox 86 511 138 549; x_wconf 91' lang='grc' dir='ltr'><strong>λει</strong></span> <span class='ocrx_word' id='word_1_26' title='bbox 164 512 322 549; x_wconf 75' lang='grc' dir='ltr'>κάκεῖνον</span> <span class='ocrx_word' id='word_1_27' title='bbox 342 514 567 566; x_wconf 81' lang='grc' dir='ltr'>ἐλευθερῶσαι</span> <span class='ocrx_word' id='word_1_28' title='bbox 596 514 788 553; x_wconf 77' lang='grc' dir='ltr'>σκανδάλου</span> <span class='ocrx_word' id='word_1_29' title='bbox 804 545 814 562; x_wconf 87' lang='grc'>,</span> <span class='ocrx_word' id='word_1_30' title='bbox 835 515 895 553; x_wconf 79' lang='grc' dir='ltr'><strong>καὶ</strong></span> <span class='ocrx_word' id='word_1_31' title='bbox 915 515 1015 558; x_wconf 83' lang='grc' dir='ltr'>αὐτὸς</span> <span class='ocrx_word' id='word_1_32' title='bbox 1036 529 1105 564; x_wconf 85' lang='grc' dir='ltr'>μυ-</span> 
     </span>
     <span class='ocr_line' id='line_1_6' title="bbox 89 571 1104 628; baseline 0.004 -20"><span class='ocrx_word' id='word_1_33' title='bbox 89 571 170 623; x_wconf 83' lang='grc' dir='ltr'>ρίων</span> <span class='ocrx_word' id='word_1_34' title='bbox 187 573 383 611; x_wconf 86' lang='grc' dir='ltr'>ἀπολαῦσαι</span> <span class='ocrx_word' id='word_1_35' title='bbox 405 578 551 624; x_wconf 84' lang='grc' dir='ltr'>μισθῶν,</span> <span class='ocrx_word' id='word_1_36' title='bbox 573 575 630 613; x_wconf 77' lang='grc' dir='ltr'><strong>τὸν</strong></span> <span class='ocrx_word' id='word_1_37' title='bbox 649 576 721 625; x_wconf 82' lang='grc' dir='ltr'>βίον</span> <span class='ocrx_word' id='word_1_38' title='bbox 740 575 873 628; x_wconf 82' lang='grc' dir='ltr'>διόρθου</span> <span class='ocrx_word' id='word_1_39' title='bbox 889 576 946 613; x_wconf 83' lang='grc' dir='ltr'><strong>τὸν</strong></span> <span class='ocrx_word' id='word_1_40' title='bbox 963 579 1104 620; x_wconf 78' lang='grc' dir='ltr'>σαυτοῦ,</span> 
     </span>
     <span class='ocr_line' id='line_1_7' title="bbox 86 632 1106 686; baseline 0.003 -18"><span class='ocrx_word' id='word_1_41' title='bbox 86 632 146 669; x_wconf 79' lang='grc' dir='ltr'><strong>καὶ</strong></span> <span class='ocrx_word' id='word_1_42' title='bbox 165 632 332 671; x_wconf 81' lang='grc' dir='ltr'>πάντοθεν</span> <span class='ocrx_word' id='word_1_43' title='bbox 352 635 571 686; x_wconf 83' lang='grc' dir='ltr'>ἀπολάμπειν</span> <span class='ocrx_word' id='word_1_44' title='bbox 587 636 678 674; x_wconf 88' lang='grc' dir='ltr'>ποίει</span> <span class='ocrx_word' id='word_1_45' title='bbox 693 666 702 683; x_wconf 86' lang='grc'>,</span> <span class='ocrx_word' id='word_1_46' title='bbox 719 636 846 679; x_wconf 73' lang='grc' dir='ltr'><strong>εὈτι-ως</strong></span> <span class='ocrx_word' id='word_1_47' title='bbox 861 637 977 674; x_wconf 80' lang='grc' dir='ltr'>ἴδωσιν</span> <span class='ocrx_word' id='word_1_48' title='bbox 995 639 1026 674; x_wconf 85' lang='grc' dir='ltr'><strong>οἱ</strong></span> <span class='ocrx_word' id='word_1_49' title='bbox 1047 636 1106 674; x_wconf 86' lang='grc' dir='ltr'>ἄν-</span> 
     </span>
     <span class='ocr_line' id='line_1_8' title="bbox 89 693 1106 747; baseline 0.004 -18"><span class='ocrx_word' id='word_1_50' title='bbox 89 695 221 743; x_wconf 86' lang='grc' dir='ltr'>θρωποι</span> <span class='ocrx_word' id='word_1_51' title='bbox 238 693 282 731; x_wconf 87' lang='grc' dir='ltr'><strong>τὰ</strong></span> <span class='ocrx_word' id='word_1_52' title='bbox 304 695 395 732; x_wconf 81' lang='grc' dir='ltr'>καλὰ</span> <span class='ocrx_word' id='word_1_53' title='bbox 414 696 496 747; x_wconf 78' lang='grc' dir='ltr'>ἔργα</span> <span class='ocrx_word' id='word_1_54' title='bbox 517 701 531 716; x_wconf 81' lang='lat'><strong>³</strong></span> <span class='ocrx_word' id='word_1_55' title='bbox 545 698 660 747; x_wconf 81' lang='grc' dir='ltr'>ὑμῶν,</span> <span class='ocrx_word' id='word_1_56' title='bbox 682 696 740 734; x_wconf 86' lang='grc' dir='ltr'><strong>καὶ</strong></span> <span class='ocrx_word' id='word_1_57' title='bbox 759 696 925 741; x_wconf 81' lang='grc' dir='ltr'>δοξάζωσι</span> <span class='ocrx_word' id='word_1_58' title='bbox 944 696 1000 734; x_wconf 81' lang='grc' dir='ltr'><strong>τὸν</strong></span> <span class='ocrx_word' id='word_1_59' title='bbox 1024 698 1106 734; x_wconf 84' lang='grc' dir='ltr'><strong>Πα-</strong></span> 
     </span>
     <span class='ocr_line' id='line_1_9' title="bbox 87 752 1106 809; baseline 0.005 -20"><span class='ocrx_word' id='word_1_60' title='bbox 87 752 171 804; x_wconf 83' lang='grc' dir='ltr'>τέρα</span> <span class='ocrx_word' id='word_1_61' title='bbox 193 754 251 791; x_wconf 82' lang='grc' dir='ltr'><strong>τὸν</strong></span> <span class='ocrx_word' id='word_1_62' title='bbox 278 755 312 791; x_wconf 81' lang='grc' dir='ltr'>ἐν</span> <span class='ocrx_word' id='word_1_63' title='bbox 338 761 407 799; x_wconf 86' lang='grc' dir='ltr'>τοῖς</span> <span class='ocrx_word' id='word_1_64' title='bbox 432 758 599 808; x_wconf 83' lang='grc' dir='ltr'>οὐρανοῖς.</span> <span class='ocrx_word' id='word_1_65' title='bbox 633 756 738 795; x_wconf 81' lang='grc' dir='ltr'>Οὕτω</span> <span class='ocrx_word' id='word_1_66' title='bbox 757 756 824 809; x_wconf 81' lang='grc' dir='ltr'><strong>γὰρ</strong></span> <span class='ocrx_word' id='word_1_67' title='bbox 844 757 903 794; x_wconf 75' lang='grc' dir='ltr'><strong>καὶ</strong></span> <span class='ocrx_word' id='word_1_68' title='bbox 923 761 1024 807; x_wconf 75' lang='grc' dir='ltr'>ἡμεῖς</span> <span class='ocrx_word' id='word_1_69' title='bbox 1045 760 1106 803; x_wconf 74' lang='grc' dir='ltr'><strong>τῆς</strong></span> 
     </span>
     <span class='ocr_line' id='line_1_10' title="bbox 88 813 1107 868; baseline 0.004 -17"><span class='ocrx_word' id='word_1_70' title='bbox 88 813 286 865; x_wconf 71' lang='grc' dir='ltr'>ἀπορρήτου</span> <span class='ocrx_word' id='word_1_71' title='bbox 307 815 438 862; x_wconf 78' lang='grc' dir='ltr'>ἐκείνης</span> <span class='ocrx_word' id='word_1_72' title='bbox 459 817 517 854; x_wconf 81' lang='grc' dir='ltr'><strong>καὶ</strong></span> <span class='ocrx_word' id='word_1_73' title='bbox 538 817 692 868; x_wconf 81' lang='grc' dir='ltr'>μεγάλης</span> <span class='ocrx_word' id='word_1_74' title='bbox 708 817 977 867; x_wconf 81' lang='grc' dir='ltr'>ἀπολαυσόμεθα</span> <span class='ocrx_word' id='word_1_75' title='bbox 997 816 1107 863; x_wconf 64' lang='grc' dir='ltr'>δόξης</span> 
     </span>
     <span class='ocr_line' id='line_1_11' title="bbox 89 869 1109 930; baseline 0.003 -18"><span class='ocrx_word' id='word_1_76' title='bbox 89 869 130 919; x_wconf 63' lang='grc' dir='ltr'><strong>ἧς</strong></span> <span class='ocrx_word' id='word_1_77' title='bbox 146 875 278 925; x_wconf 86' lang='grc' dir='ltr'>γένοιτο</span> <span class='ocrx_word' id='word_1_78' title='bbox 296 877 428 920; x_wconf 88' lang='grc' dir='ltr'>πάντας</span> <span class='ocrx_word' id='word_1_79' title='bbox 447 881 540 928; x_wconf 79' lang='grc' dir='ltr'>ἡμᾶς</span> <span class='ocrx_word' id='word_1_80' title='bbox 562 881 750 928; x_wconf 75' lang='grc' dir='ltr'>ἐπιτυχεῖν,</span> <span class='ocrx_word' id='word_1_81' title='bbox 769 878 889 930; x_wconf 77' lang='grc' dir='ltr'>χάριτι</span> <span class='ocrx_word' id='word_1_82' title='bbox 908 878 967 915; x_wconf 86' lang='grc' dir='ltr'><strong>καὶ</strong></span> <span class='ocrx_word' id='word_1_83' title='bbox 986 880 1109 930; x_wconf 76' lang='grc' dir='ltr'>φιλαν-</span> 
     </span>
     <span class='ocr_line' id='line_1_12' title="bbox 88 932 1106 989; baseline 0.003 -18"><span class='ocrx_word' id='word_1_84' title='bbox 88 936 226 988; x_wconf 81' lang='grc' dir='ltr'>θρωπίᾳ</span> <span class='ocrx_word' id='word_1_85' title='bbox 254 940 312 974; x_wconf 87' lang='grc' dir='ltr'><strong>τοῦ</strong></span> <span class='ocrx_word' id='word_1_86' title='bbox 344 938 472 989; x_wconf 82' lang='grc' dir='ltr'>Κυρίου</span> <span class='ocrx_word' id='word_1_87' title='bbox 503 940 602 987; x_wconf 76' lang='grc' dir='ltr'>ἡμῶν</span> <span class='ocrx_word' id='word_1_88' title='bbox 623 937 740 983; x_wconf 89' lang='grc' dir='ltr'>Ἰησοῦ</span> <span class='ocrx_word' id='word_1_89' title='bbox 761 939 913 988; x_wconf 76' lang='grc' dir='ltr'>Χριστοῦ</span> <span class='ocrx_word' id='word_1_90' title='bbox 930 968 940 985; x_wconf 91' lang='grc'>,</span> <span class='ocrx_word' id='word_1_91' title='bbox 975 940 1048 988; x_wconf 88' lang='grc' dir='ltr'>μεθ’</span> <span class='ocrx_word' id='word_1_92' title='bbox 1068 932 1106 975; x_wconf 73' lang='grc' dir='ltr'><strong>οῦ</strong></span> 
     </span>
     <span class='ocr_line' id='line_1_13' title="bbox 90 996 1105 1049; baseline 0.003 -17"><span class='ocrx_word' id='word_1_93' title='bbox 90 998 140 1047; x_wconf 79' lang='grc' dir='ltr'><strong>τῷ</strong></span> <span class='ocrx_word' id='word_1_94' title='bbox 173 997 289 1048; x_wconf 85' lang='grc' dir='ltr'>Πατρὶ</span> <span class='ocrx_word' id='word_1_95' title='bbox 323 997 396 1046; x_wconf 86' lang='grc' dir='ltr'><strong>ἅμα</strong></span> <span class='ocrx_word' id='word_1_96' title='bbox 427 1001 476 1049; x_wconf 77' lang='grc' dir='ltr'><strong>τῷ</strong></span> <span class='ocrx_word' id='word_1_97' title='bbox 508 997 595 1049; x_wconf 85' lang='grc' dir='ltr'>ἁγίῳ</span> <span class='ocrx_word' id='word_1_98' title='bbox 626 996 809 1047; x_wconf 76' lang='grc' dir='ltr'>Πνεύματι</span> <span class='ocrx_word' id='word_1_99' title='bbox 827 997 934 1045; x_wconf 82' lang='grc' dir='ltr'>δόξα,</span> <span class='ocrx_word' id='word_1_100' title='bbox 964 998 1105 1048; x_wconf 85' lang='grc' dir='ltr'>κράτος,</span> 
     </span>
     <span class='ocr_line' id='line_1_14' title="bbox 89 1055 1106 1105; baseline 0.003 -13"><span class='ocrx_word' id='word_1_101' title='bbox 89 1055 194 1105; x_wconf 85' lang='grc' dir='ltr'>τιμὴ,</span> <span class='ocrx_word' id='word_1_102' title='bbox 215 1061 271 1094; x_wconf 90' lang='grc' dir='ltr'><strong>νῦν</strong></span> <span class='ocrx_word' id='word_1_103' title='bbox 291 1057 350 1094; x_wconf 83' lang='grc' dir='ltr'><strong>καὶ</strong></span> <span class='ocrx_word' id='word_1_104' title='bbox 372 1057 448 1104; x_wconf 81' lang='grc' dir='ltr'>ἀεὶ,</span> <span class='ocrx_word' id='word_1_105' title='bbox 476 1057 535 1094; x_wconf 83' lang='grc' dir='ltr'><strong>καὶ</strong></span> <span class='ocrx_word' id='word_1_106' title='bbox 564 1059 611 1100; x_wconf 89' lang='grc' dir='ltr'><strong>εἰς</strong></span> <span class='ocrx_word' id='word_1_107' title='bbox 637 1056 714 1100; x_wconf 80' lang='grc' dir='ltr'>τοὺς</span> <span class='ocrx_word' id='word_1_108' title='bbox 736 1059 860 1100; x_wconf 78' lang='grc' dir='ltr'>αἰῶνας</span> <span class='ocrx_word' id='word_1_109' title='bbox 875 1060 942 1095; x_wconf 87' lang='grc' dir='ltr'><strong>τῶν</strong></span> <span class='ocrx_word' id='word_1_110' title='bbox 960 1057 1106 1095; x_wconf 79' lang='grc' dir='ltr'>αἰώνων.</span> 
     </span>
     <span class='ocr_line' id='line_1_15' title="bbox 94 1115 211 1165; baseline 0.017 -13"><span class='ocrx_word' id='word_1_111' title='bbox 94 1115 211 1165; x_wconf 77' lang='grc' dir='ltr'>Ἀμήν.</span> 
     </span>
    </p>
   </div>
   <div class='ocr_carea' id='block_1_3' title="bbox 136 1367 564 1410">
    <p class='ocr_par' dir='ltr' id='par_1_3' title="bbox 136 1367 564 1410">
     <span class='ocr_line' id='line_1_16' title="bbox 136 1367 564 1410; baseline -0.002 -9"><span class='ocrx_word' id='word_1_112' title='bbox 136 1377 148 1392; x_wconf 79' lang='lat'><strong>³</strong></span> <span class='ocrx_word' id='word_1_113' title='bbox 173 1371 253 1410; x_wconf 68' lang='grc' dir='ltr'>ὑμῶν</span> <span class='ocrx_word' id='word_1_114' title='bbox 268 1367 383 1400; x_wconf 73' lang='lat' dir='ltr'><strong>deerat</strong></span> <span class='ocrx_word' id='word_1_115' title='bbox 401 1369 434 1400; x_wconf 86' lang='lat' dir='ltr'><strong>in</strong></span> <span class='ocrx_word' id='word_1_116' title='bbox 451 1369 564 1403; x_wconf 75' lang='lat' dir='ltr'><strong>Mor-el,</strong></span> 
     </span>
    </p>
   </div>
   <div class='ocr_carea' id='block_1_4' title="bbox 963 247 1165 279">
    <p class='ocr_par' dir='ltr' id='par_1_4' title="bbox 963 247 1165 279">
     <span class='ocr_line' id='line_1_17' title="bbox 963 247 1165 279; baseline -0.01 -1"><span class='ocrx_word' id='word_1_117' title='bbox 963 249 1022 279; x_wconf 75' lang='lat' dir='ltr'><strong>AD</strong></span> <span class='ocrx_word' id='word_1_118' title='bbox 1060 247 1165 279; x_wconf 79' lang='lat' dir='ltr'><strong>ROM.</strong></span> 
     </span>
    </p>
   </div>
   <div class='ocr_carea' id='block_1_5' title="bbox 112 1495 1122 1500">
    <p class='ocr_par' dir='ltr' id='par_1_5' title="bbox 112 1495 1122 1500">
     <span class='ocr_line' id='line_1_18' title="bbox 112 1495 1122 1500; baseline 0 0"><span class='ocrx_word' id='word_1_119' title='bbox 112 1495 1122 1500; x_wconf 95' lang='lat' dir='ltr'><strong> </strong></span> 
     </span>
    </p>
   </div>
   <div class='ocr_carea' id='block_1_6' title="bbox 112 1504 1026 1509">
    <p class='ocr_par' dir='ltr' id='par_1_6' title="bbox 112 1504 1026 1509">
     <span class='ocr_line' id='line_1_19' title="bbox 112 1504 1026 1509; baseline 0 0"><span class='ocrx_word' id='word_1_120' title='bbox 112 1504 1026 1509; x_wconf 95' lang='lat' dir='ltr'><strong> </strong></span> 
     </span>
    </p>
   </div>
   <div class='ocr_carea' id='block_1_7' title="bbox 444 1506 1026 1509">
    <p class='ocr_par' dir='ltr' id='par_1_7' title="bbox 444 1506 1026 1509">
     <span class='ocr_line' id='line_1_20' title="bbox 444 1506 1026 1509; baseline 0 0"><span class='ocrx_word' id='word_1_121' title='bbox 444 1506 1026 1509; x_wconf 95' lang='lat' dir='ltr'><strong> </strong></span> 
     </span>
    </p>
   </div>
   <div class='ocr_carea' id='block_1_8' title="bbox 481 1599 740 1643">
    <p class='ocr_par' dir='ltr' id='par_1_8' title="bbox 481 1599 740 1643">
     <span class='ocr_line' id='line_1_21' title="bbox 481 1599 740 1643; baseline -0.004 -5"><span class='ocrx_word' id='word_1_122' title='bbox 481 1601 657 1638; x_wconf 71' lang='lat' dir='ltr'>OMIAIA</span> <span class='ocrx_word' id='word_1_123' title='bbox 675 1599 740 1643; x_wconf 85' lang='grc' dir='ltr'><strong>κζ’.</strong></span> 
     </span>
    </p>
   </div>
   <div class='ocr_carea' id='block_1_9' title="bbox 92 1718 1111 2197">
    <p class='ocr_par' dir='ltr' id='par_1_9' title="bbox 92 1718 1111 2197">
     <span class='ocr_line' id='line_1_22' title="bbox 92 1718 1109 1773; baseline 0.001 -15"><span class='ocrx_word' id='word_1_124' title='bbox 92 1719 181 1773; x_wconf 71' lang='grc' dir='ltr'><strong>ι’Τῷ</strong></span> <span class='ocrx_word' id='word_1_125' title='bbox 207 1720 243 1758; x_wconf 79' lang='grc' dir='ltr'><strong>δὲ</strong></span> <span class='ocrx_word' id='word_1_126' title='bbox 272 1720 450 1771; x_wconf 81' lang='grc' dir='ltr'>δυναμένῳ</span> <span class='ocrx_word' id='word_1_127' title='bbox 479 1723 569 1771; x_wconf 79' lang='grc' dir='ltr'>ὑμᾶς</span> <span class='ocrx_word' id='word_1_128' title='bbox 598 1718 756 1771; x_wconf 82' lang='grc' dir='ltr'>στηρίξαι</span> <span class='ocrx_word' id='word_1_129' title='bbox 776 1719 869 1758; x_wconf 76' lang='grc' dir='ltr'>κατὰ</span> <span class='ocrx_word' id='word_1_130' title='bbox 897 1720 935 1758; x_wconf 76' lang='grc' dir='ltr'><strong>τὸ</strong></span> <span class='ocrx_word' id='word_1_131' title='bbox 964 1721 1109 1773; x_wconf 82' lang='grc' dir='ltr'>εὐαγγέ-</span> 
     </span>
     <span class='ocr_line' id='line_1_23' title="bbox 143 1781 1111 1832; baseline 0.001 -14"><span class='ocrx_word' id='word_1_132' title='bbox 143 1781 216 1818; x_wconf 88' lang='grc' dir='ltr'>λιόν</span> <span class='ocrx_word' id='word_1_133' title='bbox 247 1797 311 1831; x_wconf 87' lang='grc' dir='ltr'><strong>μου</strong></span> <span class='ocrx_word' id='word_1_134' title='bbox 339 1782 399 1819; x_wconf 76' lang='grc' dir='ltr'><strong>καὶ</strong></span> <span class='ocrx_word' id='word_1_135' title='bbox 427 1781 466 1819; x_wconf 84' lang='grc' dir='ltr'><strong>τὸ</strong></span> <span class='ocrx_word' id='word_1_136' title='bbox 491 1781 655 1832; x_wconf 77' lang='grc' dir='ltr'>κήρυγμα</span> <span class='ocrx_word' id='word_1_137' title='bbox 681 1781 797 1827; x_wconf 84' lang='grc' dir='ltr'>Ἰησοῦ</span> <span class='ocrx_word' id='word_1_138' title='bbox 816 1782 990 1831; x_wconf 77' lang='grc' dir='ltr'>Χριστοῦ,</span> <span class='ocrx_word' id='word_1_139' title='bbox 1020 1781 1111 1819; x_wconf 83' lang='grc' dir='ltr'>κατὰ</span> 
     </span>
     <span class='ocr_line' id='line_1_24' title="bbox 143 1841 1108 1894; baseline 0 -14"><span class='ocrx_word' id='word_1_140' title='bbox 143 1843 362 1894; x_wconf 71' lang='grc' dir='ltr'>ἀποκάλυψιν</span> <span class='ocrx_word' id='word_1_141' title='bbox 386 1842 576 1894; x_wconf 64' lang='grc' dir='ltr'>μυστηρίου</span> <span class='ocrx_word' id='word_1_142' title='bbox 595 1841 730 1893; x_wconf 77' lang='grc' dir='ltr'>χρόνοις</span> <span class='ocrx_word' id='word_1_143' title='bbox 750 1841 900 1885; x_wconf 86' lang='grc' dir='ltr'>αἰωνίοις</span> <span class='ocrx_word' id='word_1_144' title='bbox 917 1842 1108 1893; x_wconf 80' lang='grc' dir='ltr'>σεσιγημέ-</span> 
     </span>
     <span class='ocr_line' id='line_1_25' title="bbox 145 1902 1108 1956; baseline -0.001 -15"><span class='ocrx_word' id='word_1_145' title='bbox 145 1920 213 1951; x_wconf 86' lang='grc' dir='ltr'>νου,</span> <span class='ocrx_word' id='word_1_146' title='bbox 234 1903 486 1956; x_wconf 80' lang='grc' dir='ltr'>φανερωθέντος</span> <span class='ocrx_word' id='word_1_147' title='bbox 508 1902 542 1941; x_wconf 81' lang='grc' dir='ltr'><strong>δὲ</strong></span> <span class='ocrx_word' id='word_1_148' title='bbox 562 1908 618 1942; x_wconf 86' lang='grc' dir='ltr'><strong>νῦν</strong></span> <span class='ocrx_word' id='word_1_149' title='bbox 640 1902 696 1940; x_wconf 76' lang='grc' dir='ltr'><strong>διὰ</strong></span> <span class='ocrx_word' id='word_1_150' title='bbox 716 1903 864 1954; x_wconf 71' lang='grc' dir='ltr'>Γραφῶν</span> <span class='ocrx_word' id='word_1_151' title='bbox 884 1906 1108 1954; x_wconf 73' lang='grc' dir='ltr'>προφητικῶν</span> 
     </span>
     <span class='ocr_line' id='line_1_26' title="bbox 144 1962 1108 2015; baseline -0.001 -14"><span class='ocrx_word' id='word_1_152' title='bbox 144 1965 220 2002; x_wconf 88' lang='grc' dir='ltr'>κατ’</span> <span class='ocrx_word' id='word_1_153' title='bbox 241 1963 409 2015; x_wconf 78' lang='grc' dir='ltr'>ἐπιταγὴν</span> <span class='ocrx_word' id='word_1_154' title='bbox 429 1969 488 2002; x_wconf 85' lang='grc' dir='ltr'><strong>τοῦ</strong></span> <span class='ocrx_word' id='word_1_155' title='bbox 507 1962 645 2001; x_wconf 86' lang='grc' dir='ltr'>αἰωνίου</span> <span class='ocrx_word' id='word_1_156' title='bbox 667 1965 779 2010; x_wconf 85' lang='grc' dir='ltr'>Θεοῦ,</span> <span class='ocrx_word' id='word_1_157' title='bbox 799 1965 846 2005; x_wconf 88' lang='grc' dir='ltr'><strong>εἰς</strong></span> <span class='ocrx_word' id='word_1_158' title='bbox 865 1962 1024 2010; x_wconf 77' lang='grc' dir='ltr'>ὑπακοὴν</span> <span class='ocrx_word' id='word_1_159' title='bbox 1045 1963 1108 2001; x_wconf 90' lang='grc' dir='ltr'><strong>πί-</strong></span> 
     </span>
     <span class='ocr_line' id='line_1_27' title="bbox 143 2024 1109 2077; baseline -0.002 -13"><span class='ocrx_word' id='word_1_160' title='bbox 143 2041 269 2071; x_wconf 83' lang='grc' dir='ltr'>στεως,</span> <span class='ocrx_word' id='word_1_161' title='bbox 290 2027 338 2068; x_wconf 87' lang='grc' dir='ltr'><strong>εἷς</strong></span> <span class='ocrx_word' id='word_1_162' title='bbox 364 2026 479 2064; x_wconf 88' lang='grc' dir='ltr'>πάντα</span> <span class='ocrx_word' id='word_1_163' title='bbox 498 2024 543 2063; x_wconf 82' lang='grc' dir='ltr'><strong>τὰ</strong></span> <span class='ocrx_word' id='word_1_164' title='bbox 559 2025 637 2071; x_wconf 81' lang='grc' dir='ltr'>ἔθνη</span> <span class='ocrx_word' id='word_1_165' title='bbox 656 2024 916 2075; x_wconf 79' lang='grc' dir='ltr'>γνωρισθέντος·</span> <span class='ocrx_word' id='word_1_166' title='bbox 940 2024 1032 2077; x_wconf 82' lang='grc' dir='ltr'>μόνῳ</span> <span class='ocrx_word' id='word_1_167' title='bbox 1050 2040 1109 2062; x_wconf 90' lang='grc' dir='ltr'><strong>σο-</strong></span> 
     </span>
     <span class='ocr_line' id='line_1_28' title="bbox 144 2078 1110 2138; baseline -0.001 -14"><span class='ocrx_word' id='word_1_168' title='bbox 144 2088 197 2138; x_wconf 75' lang='grc' dir='ltr'><strong>φῷ</strong></span> <span class='ocrx_word' id='word_1_169' title='bbox 223 2088 305 2138; x_wconf 80' lang='grc' dir='ltr'><strong>Θεῷ</strong></span> <span class='ocrx_word' id='word_1_170' title='bbox 321 2116 331 2134; x_wconf 83' lang='grc'>,</span> <span class='ocrx_word' id='word_1_171' title='bbox 357 2085 414 2123; x_wconf 77' lang='grc' dir='ltr'><strong>διὰ</strong></span> <span class='ocrx_word' id='word_1_172' title='bbox 440 2086 556 2133; x_wconf 82' lang='grc' dir='ltr'>Ἰησοῦ</span> <span class='ocrx_word' id='word_1_173' title='bbox 572 2086 745 2136; x_wconf 84' lang='grc' dir='ltr'>Χριστοῦ,</span> <span class='ocrx_word' id='word_1_174' title='bbox 766 2078 793 2136; x_wconf 69' lang='grc' dir='ltr'>ᾧ</span> <span class='ocrx_word' id='word_1_175' title='bbox 816 2088 837 2131; x_wconf 82' lang='grc' dir='ltr'>ἡ</span> <span class='ocrx_word' id='word_1_176' title='bbox 869 2085 950 2130; x_wconf 80' lang='grc' dir='ltr'>δόξα</span> <span class='ocrx_word' id='word_1_177' title='bbox 967 2087 1014 2129; x_wconf 87' lang='grc' dir='ltr'><strong>εἰς</strong></span> <span class='ocrx_word' id='word_1_178' title='bbox 1032 2086 1110 2129; x_wconf 84' lang='grc' dir='ltr'>τοὺς</span> 
     </span>
     <span class='ocr_line' id='line_1_29' title="bbox 143 2146 421 2197; baseline -0.004 -13"><span class='ocrx_word' id='word_1_179' title='bbox 143 2149 280 2190; x_wconf 82' lang='grc' dir='ltr'>αἰῶνας.</span> <span class='ocrx_word' id='word_1_180' title='bbox 301 2146 421 2197; x_wconf 79' lang='grc' dir='ltr'>Ἀμήν.</span> 
     </span>
    </p>
   </div>
   <div class='ocr_carea' id='block_1_10' title="bbox 87 2330 1111 3230">
    <p class='ocr_par' dir='ltr' id='par_1_10' title="bbox 87 2330 1111 3230">
     <span class='ocr_line' id='line_1_30' title="bbox 140 2330 1109 2384; baseline -0.002 -14"><span class='ocrx_word' id='word_1_181' title='bbox 140 2330 244 2374; x_wconf 71' lang='grc' dir='ltr'>’Έθος</span> <span class='ocrx_word' id='word_1_182' title='bbox 264 2331 317 2369; x_wconf 81' lang='grc' dir='ltr'><strong>ἀεὶ</strong></span> <span class='ocrx_word' id='word_1_183' title='bbox 335 2334 384 2384; x_wconf 75' lang='grc' dir='ltr'><strong>τῷ</strong></span> <span class='ocrx_word' id='word_1_184' title='bbox 404 2331 536 2383; x_wconf 79' lang='grc' dir='ltr'>Παύλῳ</span> <span class='ocrx_word' id='word_1_185' title='bbox 564 2333 612 2374; x_wconf 87' lang='grc' dir='ltr'><strong>εἷς</strong></span> <span class='ocrx_word' id='word_1_186' title='bbox 631 2330 734 2383; x_wconf 69' lang='grc' dir='ltr'>εὐχὰς</span> <span class='ocrx_word' id='word_1_187' title='bbox 751 2331 812 2369; x_wconf 77' lang='grc' dir='ltr'><strong>καὶ</strong></span> <span class='ocrx_word' id='word_1_188' title='bbox 833 2330 1026 2382; x_wconf 79' lang='grc' dir='ltr'>δοξολογίας</span> <span class='ocrx_word' id='word_1_189' title='bbox 1043 2346 1109 2369; x_wconf 82' lang='grc' dir='ltr'><strong>κα-</strong></span> 
     </span>
     <span class='ocr_line' id='line_1_31' title="bbox 88 2386 1111 2444; baseline 0 -14"><span class='ocrx_word' id='word_1_190' title='bbox 88 2392 258 2430; x_wconf 80' lang='grc' dir='ltr'>τακλείειν</span> <span class='ocrx_word' id='word_1_191' title='bbox 286 2392 349 2439; x_wconf 85' lang='grc' dir='ltr'><strong>τὴν</strong></span> <span class='ocrx_word' id='word_1_192' title='bbox 380 2392 583 2443; x_wconf 90' lang='grc' dir='ltr'>παραίνεσιν</span> <span class='ocrx_word' id='word_1_193' title='bbox 601 2408 609 2415; x_wconf 92' lang='grc'>·</span> <span class='ocrx_word' id='word_1_194' title='bbox 637 2386 706 2431; x_wconf 65' lang='grc' dir='ltr'>οἶδε</span> <span class='ocrx_word' id='word_1_195' title='bbox 736 2392 805 2444; x_wconf 79' lang='grc' dir='ltr'><strong>γὰρ</strong></span> <span class='ocrx_word' id='word_1_196' title='bbox 836 2395 874 2430; x_wconf 77' lang='grc' dir='ltr'><strong>οὐ</strong></span> <span class='ocrx_word' id='word_1_197' title='bbox 909 2392 1038 2443; x_wconf 85' lang='grc' dir='ltr'>μικρὰν</span> <span class='ocrx_word' id='word_1_198' title='bbox 1071 2393 1111 2430; x_wconf 84' lang='grc' dir='ltr'><strong>τὸ</strong></span> 
     </span>
     <span class='ocr_line' id='line_1_32' title="bbox 87 2452 1111 2506; baseline 0 -16"><span class='ocrx_word' id='word_1_199' title='bbox 87 2460 236 2504; x_wconf 74' lang='grc' dir='ltr'>πρᾶγμα</span> <span class='ocrx_word' id='word_1_200' title='bbox 260 2452 338 2504; x_wconf 81' lang='grc' dir='ltr'>ἔχον</span> <span class='ocrx_word' id='word_1_201' title='bbox 366 2453 488 2504; x_wconf 79' lang='grc' dir='ltr'>ῥοπήν.</span> <span class='ocrx_word' id='word_1_202' title='bbox 511 2455 624 2491; x_wconf 91' lang='grc' dir='ltr'>Τοῦτο</span> <span class='ocrx_word' id='word_1_203' title='bbox 647 2453 682 2491; x_wconf 77' lang='grc' dir='ltr'><strong>δὲ</strong></span> <span class='ocrx_word' id='word_1_204' title='bbox 702 2453 771 2491; x_wconf 83' lang='grc' dir='ltr'><strong>ἀπὸ</strong></span> <span class='ocrx_word' id='word_1_205' title='bbox 787 2453 1030 2506; x_wconf 80' lang='grc' dir='ltr'>φιλοστοργίας</span> <span class='ocrx_word' id='word_1_206' title='bbox 1051 2452 1111 2491; x_wconf 87' lang='grc' dir='ltr'><strong>καὶ</strong></span> 
     </span>
     <span class='ocr_line' id='line_1_33' title="bbox 89 2512 1111 2565; baseline -0.001 -15"><span class='ocrx_word' id='word_1_207' title='bbox 89 2513 271 2556; x_wconf 74' lang='grc' dir='ltr'>εὖλαὸείας</span> <span class='ocrx_word' id='word_1_208' title='bbox 287 2519 397 2551; x_wconf 85' lang='grc' dir='ltr'>ποιεῖν</span> <span class='ocrx_word' id='word_1_209' title='bbox 415 2512 524 2551; x_wconf 87' lang='grc' dir='ltr'>εἴωθε.</span> <span class='ocrx_word' id='word_1_210' title='bbox 547 2514 617 2551; x_wconf 82' lang='grc' dir='ltr'><strong>Καὶ</strong></span> <span class='ocrx_word' id='word_1_211' title='bbox 633 2513 699 2565; x_wconf 83' lang='grc' dir='ltr'><strong>γὰρ</strong></span> <span class='ocrx_word' id='word_1_212' title='bbox 717 2514 919 2565; x_wconf 79' lang='grc' dir='ltr'>φιλόπαιδος</span> <span class='ocrx_word' id='word_1_213' title='bbox 940 2512 998 2550; x_wconf 87' lang='grc' dir='ltr'><strong>καὶ</strong></span> <span class='ocrx_word' id='word_1_214' title='bbox 1015 2513 1111 2564; x_wconf 67' lang='grc' dir='ltr'>φιλο-</span> 
     </span>
     <span class='ocr_line' id='line_1_34' title="bbox 90 2572 1111 2625; baseline 0 -14"><span class='ocrx_word' id='word_1_215' title='bbox 90 2573 166 2611; x_wconf 77' lang='grc' dir='ltr'>θέου</span> <span class='ocrx_word' id='word_1_216' title='bbox 185 2574 392 2612; x_wconf 77' lang='grc' dir='ltr'>διδασκάλου</span> <span class='ocrx_word' id='word_1_217' title='bbox 418 2572 457 2610; x_wconf 80' lang='grc' dir='ltr'><strong>τὸ</strong></span> <span class='ocrx_word' id='word_1_218' title='bbox 484 2573 532 2622; x_wconf 84' lang='grc' dir='ltr'>μὴ</span> <span class='ocrx_word' id='word_1_219' title='bbox 567 2574 669 2624; x_wconf 86' lang='grc' dir='ltr'>μόνον</span> <span class='ocrx_word' id='word_1_220' title='bbox 687 2574 780 2625; x_wconf 86' lang='grc' dir='ltr'>λόγῳ</span> <span class='ocrx_word' id='word_1_221' title='bbox 812 2573 1001 2620; x_wconf 76' lang='grc' dir='ltr'>παιδεύειν,</span> <span class='ocrx_word' id='word_1_222' title='bbox 1021 2573 1111 2611; x_wconf 80' lang='grc' dir='ltr'>ἀλλὰ</span> 
     </span>
     <span class='ocr_line' id='line_1_35' title="bbox 90 2632 1108 2685; baseline 0 -15"><span class='ocrx_word' id='word_1_223' title='bbox 90 2633 150 2671; x_wconf 79' lang='grc' dir='ltr'><strong>καὶ</strong></span> <span class='ocrx_word' id='word_1_224' title='bbox 170 2635 212 2670; x_wconf 88' lang='grc' dir='ltr'><strong>δι’</strong></span> <span class='ocrx_word' id='word_1_225' title='bbox 233 2635 342 2685; x_wconf 74' lang='grc' dir='ltr'>εὐχῶν</span> <span class='ocrx_word' id='word_1_226' title='bbox 361 2633 424 2679; x_wconf 81' lang='grc' dir='ltr'><strong>τὴν</strong></span> <span class='ocrx_word' id='word_1_227' title='bbox 443 2632 537 2684; x_wconf 79' lang='grc' dir='ltr'>παρὰ</span> <span class='ocrx_word' id='word_1_228' title='bbox 554 2638 613 2671; x_wconf 88' lang='grc' dir='ltr'><strong>τοῦ</strong></span> <span class='ocrx_word' id='word_1_229' title='bbox 629 2635 721 2672; x_wconf 89' lang='grc' dir='ltr'>Θεοῦ</span> <span class='ocrx_word' id='word_1_230' title='bbox 744 2632 948 2684; x_wconf 72' lang='grc' dir='ltr'>συμμαχίαν</span> <span class='ocrx_word' id='word_1_231' title='bbox 966 2639 1036 2675; x_wconf 87' lang='grc' dir='ltr'>τοῖς</span> <span class='ocrx_word' id='word_1_232' title='bbox 1057 2634 1108 2670; x_wconf 80' lang='grc' dir='ltr'>δι·-</span> 
     </span>
     <span class='ocr_line' id='line_1_36' title="bbox 90 2691 1107 2744; baseline -0.001 -14"><span class='ocrx_word' id='word_1_233' title='bbox 90 2691 314 2743; x_wconf 80' lang='grc' dir='ltr'>δασκομένοις</span> <span class='ocrx_word' id='word_1_234' title='bbox 341 2693 490 2744; x_wconf 83' lang='grc' dir='ltr'>εἰσάγειν</span> <span class='ocrx_word' id='word_1_235' title='bbox 503 2708 510 2715; x_wconf 95' lang='grc'><em>·</em></span> <span class='ocrx_word' id='word_1_236' title='bbox 539 2692 556 2729; x_wconf 84' lang='grc' dir='ltr'>ὃ</span> <span class='ocrx_word' id='word_1_237' title='bbox 574 2692 614 2739; x_wconf 81' lang='grc' dir='ltr'><strong>δὴ</strong></span> <span class='ocrx_word' id='word_1_238' title='bbox 630 2692 690 2729; x_wconf 81' lang='grc' dir='ltr'><strong>καὶ</strong></span> <span class='ocrx_word' id='word_1_239' title='bbox 710 2694 856 2730; x_wconf 80' lang='grc' dir='ltr'>ἐνταῦθα</span> <span class='ocrx_word' id='word_1_240' title='bbox 872 2698 977 2730; x_wconf 90' lang='grc' dir='ltr'>ποιεῖ.</span> <span class='ocrx_word' id='word_1_241' title='bbox 1007 2692 1050 2729; x_wconf 84' lang='lat' dir='ltr'><strong>‘H</strong></span> <span class='ocrx_word' id='word_1_242' title='bbox 1072 2692 1107 2729; x_wconf 79' lang='grc' dir='ltr'><strong>δὲ</strong></span> 
     </span>
     <span class='ocr_line' id='line_1_37' title="bbox 89 2751 1110 2804; baseline -0.003 -13"><span class='ocrx_word' id='word_1_243' title='bbox 89 2753 273 2791; x_wconf 85' lang='grc' dir='ltr'>ἀκολουθία</span> <span class='ocrx_word' id='word_1_244' title='bbox 295 2753 382 2800; x_wconf 80' lang='grc' dir='ltr'>αὕτη</span> <span class='ocrx_word' id='word_1_245' title='bbox 405 2752 479 2790; x_wconf 81' lang='grc' dir='ltr'>ἐστί</span> <span class='ocrx_word' id='word_1_246' title='bbox 494 2768 501 2774; x_wconf 91' lang='grc'><em>·</em></span> <span class='ocrx_word' id='word_1_247' title='bbox 523 2755 572 2803; x_wconf 79' lang='grc' dir='ltr'><strong>τῷ</strong></span> <span class='ocrx_word' id='word_1_248' title='bbox 589 2752 625 2790; x_wconf 77' lang='grc' dir='ltr'><strong>δὲ</strong></span> <span class='ocrx_word' id='word_1_249' title='bbox 645 2753 823 2804; x_wconf 79' lang='grc' dir='ltr'>δυναμένῳ</span> <span class='ocrx_word' id='word_1_250' title='bbox 841 2754 930 2801; x_wconf 73' lang='grc' dir='ltr'>ὑμᾶς</span> <span class='ocrx_word' id='word_1_251' title='bbox 951 2751 1110 2804; x_wconf 85' lang='grc' dir='ltr'>στηρίξαι</span> 
     </span>
     <span class='ocr_line' id='line_1_38' title="bbox 90 2812 1108 2865; baseline -0.003 -13"><span class='ocrx_word' id='word_1_252' title='bbox 90 2815 170 2858; x_wconf 80' lang='grc' dir='ltr'>δόξα</span> <span class='ocrx_word' id='word_1_253' title='bbox 190 2818 236 2858; x_wconf 87' lang='grc' dir='ltr'><strong>εἰς</strong></span> <span class='ocrx_word' id='word_1_254' title='bbox 254 2814 331 2858; x_wconf 77' lang='grc' dir='ltr'>τοὺς</span> <span class='ocrx_word' id='word_1_255' title='bbox 350 2817 488 2858; x_wconf 84' lang='grc' dir='ltr'>αἰῶνας.</span> <span class='ocrx_word' id='word_1_256' title='bbox 508 2813 629 2863; x_wconf 72' lang='grc' dir='ltr'>Ἀμήν.</span> <span class='ocrx_word' id='word_1_257' title='bbox 650 2813 765 2851; x_wconf 89' lang='grc' dir='ltr'>Πάλιν</span> <span class='ocrx_word' id='word_1_258' title='bbox 784 2813 852 2865; x_wconf 80' lang='grc' dir='ltr'><strong>γὰρ</strong></span> <span class='ocrx_word' id='word_1_259' title='bbox 869 2812 1007 2851; x_wconf 79' lang='grc' dir='ltr'>ἐκείνων</span> <span class='ocrx_word' id='word_1_260' title='bbox 1029 2813 1108 2864; x_wconf 74' lang='grc' dir='ltr'>ἔχε-</span> 
     </span>
     <span class='ocr_line' id='line_1_39' title="bbox 88 2873 1107 2926; baseline -0.001 -13"><span class='ocrx_word' id='word_1_261' title='bbox 88 2892 147 2913; x_wconf 84' lang='grc' dir='ltr'><strong>ται</strong></span> <span class='ocrx_word' id='word_1_262' title='bbox 171 2878 239 2914; x_wconf 88' lang='grc' dir='ltr'><strong>τῶν</strong></span> <span class='ocrx_word' id='word_1_263' title='bbox 265 2878 430 2923; x_wconf 82' lang='grc' dir='ltr'>ἀσθενῶν,</span> <span class='ocrx_word' id='word_1_264' title='bbox 450 2875 509 2913; x_wconf 83' lang='grc' dir='ltr'><strong>καὶ</strong></span> <span class='ocrx_word' id='word_1_265' title='bbox 532 2875 617 2926; x_wconf 75' lang='grc' dir='ltr'>πρὸς</span> <span class='ocrx_word' id='word_1_266' title='bbox 637 2874 758 2917; x_wconf 74' lang='grc' dir='ltr'>αὐτοὺς</span> <span class='ocrx_word' id='word_1_267' title='bbox 775 2875 897 2925; x_wconf 83' lang='grc' dir='ltr'>τρέπει</span> <span class='ocrx_word' id='word_1_268' title='bbox 917 2874 973 2912; x_wconf 81' lang='grc' dir='ltr'><strong>τὸν</strong></span> <span class='ocrx_word' id='word_1_269' title='bbox 994 2873 1107 2925; x_wconf 88' lang='grc' dir='ltr'>λόγον.</span> 
     </span>
     <span class='ocr_line' id='line_1_40' title="bbox 89 2935 1109 2989; baseline -0.003 -14"><span class='ocrx_word' id='word_1_270' title='bbox 89 2937 176 2975; x_wconf 67' lang='lat' dir='ltr'><strong>“Ore</strong></span> <span class='ocrx_word' id='word_1_271' title='bbox 196 2937 259 2988; x_wconf 78' lang='grc' dir='ltr'><strong>μὲν</strong></span> <span class='ocrx_word' id='word_1_272' title='bbox 275 2936 342 2989; x_wconf 75' lang='grc' dir='ltr'><strong>γὰρ</strong></span> <span class='ocrx_word' id='word_1_273' title='bbox 363 2936 511 2987; x_wconf 79' lang='grc' dir='ltr'>ἐπετίμα</span> <span class='ocrx_word' id='word_1_274' title='bbox 527 2966 536 2984; x_wconf 88' lang='grc'>,</span> <span class='ocrx_word' id='word_1_275' title='bbox 557 2935 674 2982; x_wconf 72' lang='grc' dir='ltr'>κοινὴν</span> <span class='ocrx_word' id='word_1_276' title='bbox 697 2937 848 2974; x_wconf 80' lang='grc' dir='ltr'>ἐποιεῖτο</span> <span class='ocrx_word' id='word_1_277' title='bbox 866 2935 928 2981; x_wconf 76' lang='grc' dir='ltr'><strong>τὴν</strong></span> <span class='ocrx_word' id='word_1_278' title='bbox 947 2935 1109 2985; x_wconf 77' lang='grc' dir='ltr'>ἐπιτίμη-</span> 
     </span>
     <span class='ocr_line' id='line_1_41' title="bbox 89 2995 1108 3049; baseline -0.003 -14"><span class='ocrx_word' id='word_1_279' title='bbox 89 3013 142 3035; x_wconf 91' lang='grc' dir='ltr'><strong>σιν</strong></span> <span class='ocrx_word' id='word_1_280' title='bbox 156 3013 164 3021; x_wconf 89' lang='grc'>·</span> <span class='ocrx_word' id='word_1_281' title='bbox 183 2997 257 3036; x_wconf 85' lang='grc' dir='ltr'>νυνὶ</span> <span class='ocrx_word' id='word_1_282' title='bbox 274 2998 309 3036; x_wconf 80' lang='grc' dir='ltr'><strong>δὲ</strong></span> <span class='ocrx_word' id='word_1_283' title='bbox 334 2997 539 3049; x_wconf 77' lang='grc' dir='ltr'>εὐχόμενος,</span> <span class='ocrx_word' id='word_1_284' title='bbox 561 2995 648 3046; x_wconf 78' lang='grc' dir='ltr'>ὑπὲρ</span> <span class='ocrx_word' id='word_1_285' title='bbox 669 2995 800 3033; x_wconf 85' lang='grc' dir='ltr'>τούτων</span> <span class='ocrx_word' id='word_1_286' title='bbox 828 2995 944 3042; x_wconf 87' lang='grc' dir='ltr'>τίθησι</span> <span class='ocrx_word' id='word_1_287' title='bbox 961 2995 1022 3042; x_wconf 80' lang='grc' dir='ltr'><strong>τὴν</strong></span> <span class='ocrx_word' id='word_1_288' title='bbox 1040 2999 1108 3033; x_wconf 85' lang='grc' dir='ltr'>ἱκε-</span> 
     </span>
     <span class='ocr_line' id='line_1_42' title="bbox 87 3056 1106 3110; baseline -0.004 -13"><span class='ocrx_word' id='word_1_289' title='bbox 87 3059 224 3110; x_wconf 88' lang='grc' dir='ltr'>τηρίαν.</span> <span class='ocrx_word' id='word_1_290' title='bbox 261 3057 382 3097; x_wconf 85' lang='grc' dir='ltr'>Εἰπὼν</span> <span class='ocrx_word' id='word_1_291' title='bbox 398 3058 433 3095; x_wconf 81' lang='grc' dir='ltr'><strong>δὲ</strong></span> <span class='ocrx_word' id='word_1_292' title='bbox 448 3088 458 3106; x_wconf 88' lang='grc'>,</span> <span class='ocrx_word' id='word_1_293' title='bbox 485 3057 672 3110; x_wconf 84' lang='grc' dir='ltr'>Στηρίξαι,</span> <span class='ocrx_word' id='word_1_294' title='bbox 692 3057 814 3108; x_wconf 81' lang='grc' dir='ltr'>ἐπάγει</span> <span class='ocrx_word' id='word_1_295' title='bbox 830 3056 889 3094; x_wconf 83' lang='grc' dir='ltr'><strong>καὶ</strong></span> <span class='ocrx_word' id='word_1_296' title='bbox 905 3056 996 3094; x_wconf 76' lang='grc' dir='ltr'>κατὰ</span> <span class='ocrx_word' id='word_1_297' title='bbox 1010 3062 1106 3094; x_wconf 81' lang='grc' dir='ltr'>ποῖον</span> 
     </span>
     <span class='ocr_line' id='line_1_43' title="bbox 88 3117 1109 3170; baseline -0.003 -14"><span class='ocrx_word' id='word_1_298' title='bbox 88 3119 214 3170; x_wconf 85' lang='grc' dir='ltr'>τρόπον</span> <span class='ocrx_word' id='word_1_299' title='bbox 231 3135 238 3142; x_wconf 92' lang='grc'><em>·</em></span> <span class='ocrx_word' id='word_1_300' title='bbox 272 3118 372 3157; x_wconf 77' lang='grc' dir='ltr'>Κατὰ</span> <span class='ocrx_word' id='word_1_301' title='bbox 396 3119 435 3157; x_wconf 82' lang='grc' dir='ltr'><strong>τὸ</strong></span> <span class='ocrx_word' id='word_1_302' title='bbox 455 3117 653 3170; x_wconf 83' lang='grc' dir='ltr'>εὐαγγέλιόν</span> <span class='ocrx_word' id='word_1_303' title='bbox 675 3133 752 3167; x_wconf 84' lang='grc' dir='ltr'>μου.</span> <span class='ocrx_word' id='word_1_304' title='bbox 785 3118 900 3156; x_wconf 85' lang='grc' dir='ltr'>Τοῦτο</span> <span class='ocrx_word' id='word_1_305' title='bbox 918 3117 952 3154; x_wconf 80' lang='grc' dir='ltr'><strong>δὲ</strong></span> <span class='ocrx_word' id='word_1_306' title='bbox 971 3118 1109 3163; x_wconf 80' lang='grc' dir='ltr'>δηλοῦν-</span> 
     </span>
     <span class='ocr_line' id='line_1_44' title="bbox 87 3174 1106 3230; baseline -0.003 -13"><span class='ocrx_word' id='word_1_307' title='bbox 87 3195 144 3224; x_wconf 89' lang='grc' dir='ltr'><strong>τος</strong></span> <span class='ocrx_word' id='word_1_308' title='bbox 163 3174 204 3226; x_wconf 71' lang='grc' dir='ltr'>ἦν</span> <span class='ocrx_word' id='word_1_309' title='bbox 217 3208 228 3224; x_wconf 88' lang='grc'>,</span> <span class='ocrx_word' id='word_1_310' title='bbox 246 3180 299 3218; x_wconf 76' lang='grc' dir='ltr'><strong>ὅτι</strong></span> <span class='ocrx_word' id='word_1_311' title='bbox 315 3179 410 3218; x_wconf 86' lang='grc' dir='ltr'>οὔπω</span> <span class='ocrx_word' id='word_1_312' title='bbox 426 3174 513 3226; x_wconf 72' lang='grc' dir='ltr'>ἦσαν</span> <span class='ocrx_word' id='word_1_313' title='bbox 531 3178 776 3230; x_wconf 69' lang='grc' dir='ltr'>βεὸαιωθέντες</span> <span class='ocrx_word' id='word_1_314' title='bbox 790 3207 800 3226; x_wconf 87' lang='grc'>,</span> <span class='ocrx_word' id='word_1_315' title='bbox 822 3179 898 3216; x_wconf 82' lang='grc' dir='ltr'>ἀλλ’</span> <span class='ocrx_word' id='word_1_316' title='bbox 915 3178 1106 3224; x_wconf 63' lang='grc' dir='ltr'>ἑστήκεσαν</span> 
     </span>
    </p>
   </div>
   <div class='ocr_carea' id='block_1_11' title="bbox 89 3310 1090 3407">
    <p class='ocr_par' dir='ltr' id='par_1_11' title="bbox 89 3310 1090 3407">
     <span class='ocr_line' id='line_1_45' title="bbox 132 3310 1090 3356; baseline -0.003 -10"><span class='ocrx_word' id='word_1_317' title='bbox 132 3316 149 3340; x_wconf 85' lang='lat'><strong>1,</strong></span> <span class='ocrx_word' id='word_1_318' title='bbox 169 3315 212 3346; x_wconf 79' lang='lat' dir='ltr'><strong>Hi</strong></span> <span class='ocrx_word' id='word_1_319' title='bbox 234 3322 299 3346; x_wconf 86' lang='lat' dir='ltr'><strong>tres</strong></span> <span class='ocrx_word' id='word_1_320' title='bbox 325 3313 433 3346; x_wconf 74' lang='lat' dir='ltr'><strong>ultimi</strong></span> <span class='ocrx_word' id='word_1_321' title='bbox 452 3322 564 3346; x_wconf 86' lang='lat' dir='ltr'><strong>versus</strong></span> <span class='ocrx_word' id='word_1_322' title='bbox 587 3312 621 3345; x_wconf 87' lang='lat' dir='ltr'><strong>in</strong></span> <span class='ocrx_word' id='word_1_323' title='bbox 637 3312 777 3356; x_wconf 71' lang='lat' dir='ltr'><strong>vulgatis</strong></span> <span class='ocrx_word' id='word_1_324' title='bbox 798 3310 1038 3355; x_wconf 78' lang='lat' dir='ltr'>exemplaribus</span> <span class='ocrx_word' id='word_1_325' title='bbox 1057 3312 1090 3343; x_wconf 87' lang='lat' dir='ltr'><strong>in</strong></span> 
     </span>
     <span class='ocr_line' id='line_1_46' title="bbox 89 3362 1089 3407; baseline -0.003 -10"><span class='ocrx_word' id='word_1_326' title='bbox 89 3365 152 3398; x_wconf 79' lang='lat' dir='ltr'><strong>fine</strong></span> <span class='ocrx_word' id='word_1_327' title='bbox 177 3366 292 3407; x_wconf 80' lang='lat' dir='ltr'><strong>capitis</strong></span> <span class='ocrx_word' id='word_1_328' title='bbox 315 3365 394 3396; x_wconf 87' lang='lat' dir='ltr'><strong>XVI</strong></span> <span class='ocrx_word' id='word_1_329' title='bbox 427 3372 459 3396; x_wconf 87' lang='lat' dir='ltr'><strong>et</strong></span> <span class='ocrx_word' id='word_1_330' title='bbox 481 3363 587 3396; x_wconf 80' lang='lat' dir='ltr'><strong>ultimi</strong></span> <span class='ocrx_word' id='word_1_331' title='bbox 609 3366 728 3407; x_wconf 51' lang='lat' dir='ltr'><strong>jacent&gt;</strong></span> <span class='ocrx_word' id='word_1_332' title='bbox 752 3365 793 3396; x_wconf 90' lang='lat' dir='ltr'><strong>In</strong></span> <span class='ocrx_word' id='word_1_333' title='bbox 816 3362 997 3406; x_wconf 72' lang='lat' dir='ltr'><strong>exemplari</strong></span> <span class='ocrx_word' id='word_1_334' title='bbox 1014 3375 1089 3397; x_wconf 78' lang='lat' dir='ltr'><strong>vero</strong></span> 
     </span>
    </p>
   </div>
   <div class='ocr_carea' id='block_1_12' title="bbox 1177 326 2171 1280">
    <p class='ocr_par' dir='ltr' id='par_1_12' title="bbox 1177 326 2171 1280">
     <span class='ocr_line' id='line_1_47' title="bbox 1177 326 2160 379; baseline -0.003 -12"><span class='ocrx_word' id='word_1_335' title='bbox 1177 330 1317 367; x_wconf 86' lang='lat' dir='ltr'><strong>traham</strong></span> <span class='ocrx_word' id='word_1_336' title='bbox 1348 328 1409 379; x_wconf 87' lang='lat' dir='ltr'><strong>qui</strong></span> <span class='ocrx_word' id='word_1_337' title='bbox 1441 337 1576 366; x_wconf 84' lang='lat' dir='ltr'><strong>montes</strong></span> <span class='ocrx_word' id='word_1_338' title='bbox 1602 336 1833 379; x_wconf 83' lang='lat' dir='ltr'><strong>occuparunt,</strong></span> <span class='ocrx_word' id='word_1_339' title='bbox 1865 326 1926 365; x_wconf 87' lang='lat' dir='ltr'><strong>sed</strong></span> <span class='ocrx_word' id='word_1_340' title='bbox 1955 327 2081 378; x_wconf 82' lang='lat' dir='ltr'><strong>lugens</strong></span> <span class='ocrx_word' id='word_1_341' title='bbox 2101 340 2160 365; x_wconf 84' lang='lat' dir='ltr'><strong>eos</strong></span> 
     </span>
     <span class='ocr_line' id='line_1_48' title="bbox 1179 388 2159 439; baseline -0.002 -12"><span class='ocrx_word' id='word_1_342' title='bbox 1179 390 1239 439; x_wconf 92' lang='lat' dir='ltr'><strong>qui</strong></span> <span class='ocrx_word' id='word_1_343' title='bbox 1259 390 1295 427; x_wconf 91' lang='lat' dir='ltr'><strong>in</strong></span> <span class='ocrx_word' id='word_1_344' title='bbox 1320 389 1470 426; x_wconf 83' lang='lat' dir='ltr'><strong>urbibus</strong></span> <span class='ocrx_word' id='word_1_345' title='bbox 1495 389 1669 438; x_wconf 83' lang='lat' dir='ltr'><strong>habitant,</strong></span> <span class='ocrx_word' id='word_1_346' title='bbox 1701 389 1784 439; x_wconf 88' lang='lat' dir='ltr'><strong>quia</strong></span> <span class='ocrx_word' id='word_1_347' title='bbox 1802 388 1972 426; x_wconf 88' lang='lat' dir='ltr'><strong>virtutem</strong></span> <span class='ocrx_word' id='word_1_348' title='bbox 1991 388 2074 426; x_wconf 91' lang='lat' dir='ltr'><strong>inde</strong></span> <span class='ocrx_word' id='word_1_349' title='bbox 2099 401 2159 425; x_wconf 87' lang='lat' dir='ltr'><strong>ex-</strong></span> 
     </span>
     <span class='ocr_line' id='line_1_49' title="bbox 1178 449 2161 502; baseline 0 -16"><span class='ocrx_word' id='word_1_350' title='bbox 1178 450 1359 502; x_wconf 88' lang='lat' dir='ltr'><strong>pulerunt.</strong></span> <span class='ocrx_word' id='word_1_351' title='bbox 1398 450 1661 498; x_wconf 78' lang='lat' dir='ltr'><strong>Quamobrem,</strong></span> <span class='ocrx_word' id='word_1_352' title='bbox 1697 450 1866 498; x_wconf 86' lang='lat' dir='ltr'><strong>obsecro,</strong></span> <span class='ocrx_word' id='word_1_353' title='bbox 1893 449 2161 501; x_wconf 86' lang='lat' dir='ltr'>philosophiam</span> 
     </span>
     <span class='ocr_line' id='line_1_50' title="bbox 1178 509 2163 558; baseline -0.001 -10"><span class='ocrx_word' id='word_1_354' title='bbox 1178 515 1225 548; x_wconf 66' lang='lat' dir='ltr'><strong>ex</strong></span> <span class='ocrx_word' id='word_1_355' title='bbox 1249 510 1429 548; x_wconf 90' lang='lat' dir='ltr'><strong>montibus</strong></span> <span class='ocrx_word' id='word_1_356' title='bbox 1476 510 1549 548; x_wconf 82' lang='lat' dir='ltr'><strong>hue</strong></span> <span class='ocrx_word' id='word_1_357' title='bbox 1584 510 1810 558; x_wconf 81' lang='lat' dir='ltr'><strong>inducamus,</strong></span> <span class='ocrx_word' id='word_1_358' title='bbox 1841 519 1880 547; x_wconf 90' lang='lat' dir='ltr'><strong>ut</strong></span> <span class='ocrx_word' id='word_1_359' title='bbox 1910 510 2069 549; x_wconf 88' lang='lat' dir='ltr'><strong>civitates</strong></span> <span class='ocrx_word' id='word_1_360' title='bbox 2091 509 2163 547; x_wconf 89' lang='lat' dir='ltr'><strong>sint</strong></span> 
     </span>
     <span class='ocr_line' id='line_1_51' title="bbox 1178 569 2162 623; baseline -0.002 -14"><span class='ocrx_word' id='word_1_361' title='bbox 1178 584 1262 609; x_wconf 79' lang='lat' dir='ltr'><strong>vere</strong></span> <span class='ocrx_word' id='word_1_362' title='bbox 1291 570 1470 609; x_wconf 85' lang='lat' dir='ltr'><strong>civitates:</strong></span> <span class='ocrx_word' id='word_1_363' title='bbox 1487 571 1564 608; x_wconf 81' lang='lat' dir='ltr'><strong>haee</strong></span> <span class='ocrx_word' id='word_1_364' title='bbox 1591 581 1737 623; x_wconf 83' lang='lat' dir='ltr'><strong>possunt</strong></span> <span class='ocrx_word' id='word_1_365' title='bbox 1769 570 1948 621; x_wconf 72' lang='lat' dir='ltr'><strong>Graecum}</strong></span> <span class='ocrx_word' id='word_1_366' title='bbox 1964 569 2162 618; x_wconf 81' lang='lat' dir='ltr'><strong>emendare,</strong></span> 
     </span>
     <span class='ocr_line' id='line_1_52' title="bbox 1178 630 2164 677; baseline 0.001 -9"><span class='ocrx_word' id='word_1_367' title='bbox 1178 630 1254 668; x_wconf 86' lang='lat' dir='ltr'><strong>haec</strong></span> <span class='ocrx_word' id='word_1_368' title='bbox 1271 647 1292 670; x_wconf 87' lang='lat' dir='ltr'><strong>a</strong></span> <span class='ocrx_word' id='word_1_369' title='bbox 1310 631 1408 668; x_wconf 87' lang='lat' dir='ltr'><strong>mille</strong></span> <span class='ocrx_word' id='word_1_370' title='bbox 1429 632 1654 669; x_wconf 83' lang='lat' dir='ltr'><strong>offendiculis</strong></span> <span class='ocrx_word' id='word_1_371' title='bbox 1682 632 1847 670; x_wconf 87' lang='lat' dir='ltr'><strong>liberare.</strong></span> <span class='ocrx_word' id='word_1_372' title='bbox 1877 631 2119 677; x_wconf 83' lang='lat' dir='ltr'><strong>Quamobrem</strong></span> <span class='ocrx_word' id='word_1_373' title='bbox 2133 630 2164 669; x_wconf 87' lang='lat' dir='ltr'><strong>si</strong></span> 
     </span>
     <span class='ocr_line' id='line_1_53' title="bbox 1179 693 2162 732; baseline -0.001 0"><span class='ocrx_word' id='word_1_374' title='bbox 1179 694 1268 732; x_wconf 73' lang='lat' dir='ltr'><strong>velis</strong></span> <span class='ocrx_word' id='word_1_375' title='bbox 1293 702 1327 731; x_wconf 89' lang='lat' dir='ltr'><strong>et</strong></span> <span class='ocrx_word' id='word_1_376' title='bbox 1369 693 1474 731; x_wconf 88' lang='lat' dir='ltr'><strong>illum</strong></span> <span class='ocrx_word' id='word_1_377' title='bbox 1493 708 1512 731; x_wconf 91' lang='lat' dir='ltr'><strong>a</strong></span> <span class='ocrx_word' id='word_1_378' title='bbox 1532 694 1697 732; x_wconf 84' lang='lat' dir='ltr'><strong>scandalo</strong></span> <span class='ocrx_word' id='word_1_379' title='bbox 1728 694 1878 732; x_wconf 83' lang='lat' dir='ltr'><strong>liberare</strong></span> <span class='ocrx_word' id='word_1_380' title='bbox 1895 703 1927 731; x_wconf 89' lang='lat' dir='ltr'><strong>et</strong></span> <span class='ocrx_word' id='word_1_381' title='bbox 1944 694 2030 732; x_wconf 90' lang='lat' dir='ltr'><strong>hinc</strong></span> <span class='ocrx_word' id='word_1_382' title='bbox 2062 694 2162 731; x_wconf 90' lang='lat' dir='ltr'><strong>mille</strong></span> 
     </span>
     <span class='ocr_line' id='line_1_54' title="bbox 1178 753 2164 806; baseline 0.003 -16"><span class='ocrx_word' id='word_1_383' title='bbox 1178 753 1248 790; x_wconf 86' lang='lat' dir='ltr'><strong>frui</strong></span> <span class='ocrx_word' id='word_1_384' title='bbox 1269 753 1491 791; x_wconf 82' lang='lat' dir='ltr'><strong>mercedibus</strong></span> <span class='ocrx_word' id='word_1_385' title='bbox 1503 783 1513 800; x_wconf 91' lang='lat'>‚</span> <span class='ocrx_word' id='word_1_386' title='bbox 1534 754 1648 792; x_wconf 75' lang='lat' dir='ltr'><strong>vitam</strong></span> <span class='ocrx_word' id='word_1_387' title='bbox 1666 763 1765 792; x_wconf 88' lang='lat' dir='ltr'><strong>tuam</strong></span> <span class='ocrx_word' id='word_1_388' title='bbox 1787 755 1934 792; x_wconf 89' lang='lat' dir='ltr'><strong>emenda</strong></span> <span class='ocrx_word' id='word_1_389' title='bbox 1953 765 1987 793; x_wconf 90' lang='lat' dir='ltr'><strong>et</strong></span> <span class='ocrx_word' id='word_1_390' title='bbox 2003 755 2164 806; x_wconf 90' lang='lat' dir='ltr'><strong>undique</strong></span> 
     </span>
     <span class='ocr_line' id='line_1_55' title="bbox 1182 813 2165 866; baseline 0.003 -15"><span class='ocrx_word' id='word_1_391' title='bbox 1182 813 1364 865; x_wconf 84' lang='lat' dir='ltr'><strong>splendere</strong></span> <span class='ocrx_word' id='word_1_392' title='bbox 1377 828 1473 862; x_wconf 85' lang='lat' dir='ltr'><strong>cura,</strong></span> <span class='ocrx_word' id='word_1_393' title='bbox 1486 815 1524 852; x_wconf 84' lang='lat' dir='ltr'><em>U</em></span> <span class='ocrx_word' id='word_1_394' title='bbox 1522 823 1536 851; x_wconf 92' lang='lat' dir='ltr'><strong>t</strong></span> <span class='ocrx_word' id='word_1_395' title='bbox 1552 813 1714 852; x_wconf 87' lang='lat' dir='ltr'><strong>homines</strong></span> <span class='ocrx_word' id='word_1_396' title='bbox 1724 816 1886 852; x_wconf 81' lang='lat' dir='ltr'><strong>videant</strong></span> <span class='ocrx_word' id='word_1_397' title='bbox 1901 829 2016 866; x_wconf 83' lang='lat' dir='ltr'><strong>opera</strong></span> <span class='ocrx_word' id='word_1_398' title='bbox 2031 825 2165 854; x_wconf 82' lang='lat' dir='ltr'><strong>vestra</strong></span> 
     </span>
     <span class='ocr_line' id='line_1_56' title="bbox 1184 866 2166 929; baseline 0.003 -18"><span class='ocrx_word' id='word_1_399' title='bbox 1184 866 1284 912; x_wconf 74' lang='lat' dir='ltr'><strong>bonu</strong></span> <span class='ocrx_word' id='word_1_400' title='bbox 1311 884 1348 912; x_wconf 84' lang='lat' dir='ltr'><strong>et</strong></span> <span class='ocrx_word' id='word_1_401' title='bbox 1368 875 1586 927; x_wconf 70' lang='lat' dir='ltr'><strong>glorificent</strong></span> <span class='ocrx_word' id='word_1_402' title='bbox 1613 877 1774 913; x_wconf 83' lang='lat' dir='ltr'><strong>Patrem</strong></span> <span class='ocrx_word' id='word_1_403' title='bbox 1804 885 2000 927; x_wconf 80' lang='lat' dir='ltr'><strong>vestrum,</strong></span> <span class='ocrx_word' id='word_1_404' title='bbox 2030 879 2096 929; x_wconf 84' lang='lat' dir='ltr'><strong>qui</strong></span> <span class='ocrx_word' id='word_1_405' title='bbox 2123 880 2166 914; x_wconf 83' lang='lat' dir='ltr'><strong>in</strong></span> 
     </span>
     <span class='ocr_line' id='line_1_57' title="bbox 1181 935 2166 988; baseline 0.002 -16"><span class='ocrx_word' id='word_1_406' title='bbox 1181 936 1287 972; x_wconf 76' lang='lat' dir='ltr'><strong>ecelis</strong></span> <span class='ocrx_word' id='word_1_407' title='bbox 1312 944 1381 972; x_wconf 86' lang='lat' dir='ltr'><strong>est.</strong></span> <span class='ocrx_word' id='word_1_408' title='bbox 1400 935 1460 972; x_wconf 84' lang='lat' dir='ltr'><strong>Sic</strong></span> <span class='ocrx_word' id='word_1_409' title='bbox 1478 935 1573 972; x_wconf 83' lang='lat' dir='ltr'><strong>enim</strong></span> <span class='ocrx_word' id='word_1_410' title='bbox 1593 944 1626 972; x_wconf 91' lang='lat' dir='ltr'><strong>et</strong></span> <span class='ocrx_word' id='word_1_411' title='bbox 1642 949 1705 974; x_wconf 85' lang='lat' dir='ltr'><strong>nos</strong></span> <span class='ocrx_word' id='word_1_412' title='bbox 1730 936 1801 972; x_wconf 87' lang='lat' dir='ltr'><strong>frui</strong></span> <span class='ocrx_word' id='word_1_413' title='bbox 1829 937 2022 988; x_wconf 87' lang='lat' dir='ltr'><strong>poterimus</strong></span> <span class='ocrx_word' id='word_1_414' title='bbox 2041 937 2166 974; x_wconf 83' lang='lat' dir='ltr'><strong>ineffa-</strong></span> 
     </span>
     <span class='ocr_line' id='line_1_58' title="bbox 1182 995 2171 1047; baseline 0.003 -14"><span class='ocrx_word' id='word_1_415' title='bbox 1182 995 1248 1033; x_wconf 83' lang='lat' dir='ltr'><strong>bili</strong></span> <span class='ocrx_word' id='word_1_416' title='bbox 1270 995 1332 1032; x_wconf 87' lang='lat' dir='ltr'><strong>illa</strong></span> <span class='ocrx_word' id='word_1_417' title='bbox 1353 1005 1386 1033; x_wconf 87' lang='lat' dir='ltr'><strong>et</strong></span> <span class='ocrx_word' id='word_1_418' title='bbox 1415 1009 1543 1046; x_wconf 83' lang='lat' dir='ltr'><strong>magna</strong></span> <span class='ocrx_word' id='word_1_419' title='bbox 1571 996 1708 1047; x_wconf 82' lang='lat' dir='ltr'><strong>gloria3</strong></span> <span class='ocrx_word' id='word_1_420' title='bbox 1727 1011 1834 1046; x_wconf 89' lang='lat' dir='ltr'><strong>quam</strong></span> <span class='ocrx_word' id='word_1_421' title='bbox 1856 1011 1919 1035; x_wconf 92' lang='lat' dir='ltr'><strong>nos</strong></span> <span class='ocrx_word' id='word_1_422' title='bbox 1933 1012 2053 1035; x_wconf 89' lang='lat' dir='ltr'><strong>omnes</strong></span> <span class='ocrx_word' id='word_1_423' title='bbox 2073 1012 2171 1036; x_wconf 85' lang='lat' dir='ltr'><strong>asse-</strong></span> 
     </span>
     <span class='ocr_line' id='line_1_59' title="bbox 1183 1055 2166 1108; baseline 0.004 -17"><span class='ocrx_word' id='word_1_424' title='bbox 1183 1055 1244 1105; x_wconf 90' lang='lat' dir='ltr'><strong>qui</strong></span> <span class='ocrx_word' id='word_1_425' title='bbox 1260 1055 1461 1106; x_wconf 82' lang='lat' dir='ltr'><strong>contingat,</strong></span> <span class='ocrx_word' id='word_1_426' title='bbox 1482 1056 1596 1107; x_wconf 84' lang='lat' dir='ltr'><strong>gratia</strong></span> <span class='ocrx_word' id='word_1_427' title='bbox 1615 1065 1648 1093; x_wconf 88' lang='lat' dir='ltr'><strong>et</strong></span> <span class='ocrx_word' id='word_1_428' title='bbox 1663 1057 1879 1108; x_wconf 82' lang='lat' dir='ltr'><strong>benignitate</strong></span> <span class='ocrx_word' id='word_1_429' title='bbox 1894 1058 2040 1095; x_wconf 89' lang='lat' dir='ltr'><strong>Domini</strong></span> <span class='ocrx_word' id='word_1_430' title='bbox 2056 1058 2166 1095; x_wconf 89' lang='lat' dir='ltr'><strong>nostri</strong></span> 
     </span>
     <span class='ocr_line' id='line_1_60' title="bbox 1181 1118 2166 1172; baseline 0 -15"><span class='ocrx_word' id='word_1_431' title='bbox 1181 1119 1265 1157; x_wconf 87' lang='lat' dir='ltr'><strong>Jesu</strong></span> <span class='ocrx_word' id='word_1_432' title='bbox 1282 1118 1435 1167; x_wconf 76' lang='lat' dir='ltr'><strong>Christi,</strong></span> <span class='ocrx_word' id='word_1_433' title='bbox 1454 1118 1599 1169; x_wconf 88' lang='lat' dir='ltr'><strong>quicum</strong></span> <span class='ocrx_word' id='word_1_434' title='bbox 1627 1121 1732 1157; x_wconf 85' lang='lat' dir='ltr'><strong>Patre</strong></span> <span class='ocrx_word' id='word_1_435' title='bbox 1747 1134 1884 1170; x_wconf 85' lang='lat' dir='ltr'><strong>unaque</strong></span> <span class='ocrx_word' id='word_1_436' title='bbox 1907 1120 2059 1172; x_wconf 85' lang='lat' dir='ltr'><strong>Spiritui</strong></span> <span class='ocrx_word' id='word_1_437' title='bbox 2081 1134 2166 1158; x_wconf 90' lang='lat' dir='ltr'><strong>san—</strong></span> 
     </span>
     <span class='ocr_line' id='line_1_61' title="bbox 1180 1180 2166 1233; baseline 0.001 -16"><span class='ocrx_word' id='word_1_438' title='bbox 1180 1188 1238 1217; x_wconf 90' lang='lat' dir='ltr'><strong>cto</strong></span> <span class='ocrx_word' id='word_1_439' title='bbox 1252 1180 1377 1232; x_wconf 77' lang='lat' dir='ltr'><strong>gloria,</strong></span> <span class='ocrx_word' id='word_1_440' title='bbox 1393 1180 1596 1232; x_wconf 82' lang='lat' dir='ltr'><strong>imperium,</strong></span> <span class='ocrx_word' id='word_1_441' title='bbox 1611 1180 1736 1229; x_wconf 79' lang='lat' dir='ltr'><strong>honor,</strong></span> <span class='ocrx_word' id='word_1_442' title='bbox 1757 1195 1851 1220; x_wconf 90' lang='lat' dir='ltr'><strong>nunc</strong></span> <span class='ocrx_word' id='word_1_443' title='bbox 1867 1190 1899 1219; x_wconf 90' lang='lat' dir='ltr'><strong>et</strong></span> <span class='ocrx_word' id='word_1_444' title='bbox 1914 1195 2063 1233; x_wconf 86' lang='lat' dir='ltr'><strong>semper,</strong></span> <span class='ocrx_word' id='word_1_445' title='bbox 2077 1190 2111 1219; x_wconf 88' lang='lat' dir='ltr'><strong>et</strong></span> <span class='ocrx_word' id='word_1_446' title='bbox 2132 1181 2166 1218; x_wconf 90' lang='lat' dir='ltr'><strong>in</strong></span> 
     </span>
     <span class='ocr_line' id='line_1_62' title="bbox 1182 1240 1696 1280; baseline 0.004 -3"><span class='ocrx_word' id='word_1_447' title='bbox 1182 1240 1311 1278; x_wconf 80' lang='lat' dir='ltr'><strong>saecula</strong></span> <span class='ocrx_word' id='word_1_448' title='bbox 1329 1240 1552 1279; x_wconf 76' lang='lat' dir='ltr'><strong>saeculorum.</strong></span> <span class='ocrx_word' id='word_1_449' title='bbox 1570 1243 1696 1280; x_wconf 90' lang='lat' dir='ltr'><strong>Amen.</strong></span> 
     </span>
    </p>
   </div>
   <div class='ocr_carea' id='block_1_13' title="bbox 1205 243 1544 277">
    <p class='ocr_par' dir='ltr' id='par_1_13' title="bbox 1205 243 1544 277">
     <span class='ocr_line' id='line_1_63' title="bbox 1205 243 1544 277; baseline -0.006 -2"><span class='ocrx_word' id='word_1_450' title='bbox 1205 244 1360 277; x_wconf 64' lang='lat' dir='ltr'><strong>nomn„</strong></span> <span class='ocrx_word' id='word_1_451' title='bbox 1399 243 1544 275; x_wconf 81' lang='lat' dir='ltr'><strong>xxvu.</strong></span> 
     </span>
    </p>
   </div>
   <div class='ocr_carea' id='block_1_14' title="bbox 1458 1601 1858 1641">
    <p class='ocr_par' dir='ltr' id='par_1_14' title="bbox 1458 1601 1858 1641">
     <span class='ocr_line' id='line_1_64' title="bbox 1458 1601 1858 1641; baseline 0.003 -3"><span class='ocrx_word' id='word_1_452' title='bbox 1458 1601 1669 1639; x_wconf 71' lang='lat' dir='ltr'><strong>HOMILIA</strong></span> <span class='ocrx_word' id='word_1_453' title='bbox 1698 1601 1858 1641; x_wconf 76' lang='lat' dir='ltr'>XXVII.</span> 
     </span>
    </p>
   </div>
   <div class='ocr_carea' id='block_1_15' title="bbox 1132 1722 2168 2265">
    <p class='ocr_par' dir='ltr' id='par_1_15' title="bbox 1179 1722 2167 1896">
     <span class='ocr_line' id='line_1_65' title="bbox 1183 1722 2164 1776; baseline 0.004 -16"><span class='ocrx_word' id='word_1_454' title='bbox 1183 1723 1272 1761; x_wconf 75' lang='lat' dir='ltr'>CAP.</span> <span class='ocrx_word' id='word_1_455' title='bbox 1285 1722 1388 1763; x_wconf 74' lang='lat' dir='ltr'>XIV.</span> <span class='ocrx_word' id='word_1_456' title='bbox 1406 1737 1441 1762; x_wconf 72' lang='grc' dir='ltr'><strong>τ.</strong></span> <span class='ocrx_word' id='word_1_457' title='bbox 1463 1724 1528 1762; x_wconf 61' lang='lat'><strong>94.</strong></span> <span class='ocrx_word' id='word_1_458' title='bbox 1553 1727 1604 1762; x_wconf 89' lang='lat' dir='ltr'><strong>Ei</strong></span> <span class='ocrx_word' id='word_1_459' title='bbox 1620 1733 1762 1771; x_wconf 81' lang='lat' dir='ltr'><strong>autem,</strong></span> <span class='ocrx_word' id='word_1_460' title='bbox 1782 1728 1848 1776; x_wconf 85' lang='lat' dir='ltr'><strong>qui</strong></span> <span class='ocrx_word' id='word_1_461' title='bbox 1864 1733 2000 1776; x_wconf 84' lang='lat' dir='ltr'><strong>potens</strong></span> <span class='ocrx_word' id='word_1_462' title='bbox 2023 1734 2078 1764; x_wconf 87' lang='lat' dir='ltr'><strong>est</strong></span> <span class='ocrx_word' id='word_1_463' title='bbox 2092 1740 2164 1764; x_wconf 80' lang='lat' dir='ltr'><strong>vos</strong></span> 
     </span>
     <span class='ocr_line' id='line_1_66' title="bbox 1181 1785 2166 1838; baseline 0.004 -17"><span class='ocrx_word' id='word_1_464' title='bbox 1181 1785 1414 1836; x_wconf 64' lang='lat' dir='ltr'><strong>corifirmare</strong></span> <span class='ocrx_word' id='word_1_465' title='bbox 1442 1787 1652 1823; x_wconf 83' lang='lat' dir='ltr'><strong>secundum</strong></span> <span class='ocrx_word' id='word_1_466' title='bbox 1691 1787 1933 1838; x_wconf 74' lang='lat' dir='ltr'><strong>evangelium</strong></span> <span class='ocrx_word' id='word_1_467' title='bbox 1972 1802 2097 1825; x_wconf 82' lang='lat' dir='ltr'><strong>meum</strong></span> <span class='ocrx_word' id='word_1_468' title='bbox 2127 1797 2166 1825; x_wconf 82' lang='lat' dir='ltr'><strong>et</strong></span> 
     </span>
     <span class='ocr_line' id='line_1_67' title="bbox 1179 1848 2167 1896; baseline 0.005 -14"><span class='ocrx_word' id='word_1_469' title='bbox 1179 1848 1493 1896; x_wconf 81' lang='lat' dir='ltr'><strong>proedicationem</strong></span> <span class='ocrx_word' id='word_1_470' title='bbox 1508 1849 1539 1885; x_wconf 90' lang='lat' dir='ltr'><strong><em>J</em></strong></span> <span class='ocrx_word' id='word_1_471' title='bbox 1537 1863 1601 1886; x_wconf 82' lang='lat' dir='ltr'><strong>esu</strong></span> <span class='ocrx_word' id='word_1_472' title='bbox 1620 1850 1777 1895; x_wconf 78' lang='lat' dir='ltr'><strong>Christi,</strong></span> <span class='ocrx_word' id='word_1_473' title='bbox 1795 1850 2004 1886; x_wconf 82' lang='lat' dir='ltr'><strong>secundum</strong></span> <span class='ocrx_word' id='word_1_474' title='bbox 2017 1851 2167 1887; x_wconf 74' lang='lat' dir='ltr'><strong>revela-</strong></span> 
     </span>
    </p>

    <p class='ocr_par' dir='ltr' id='par_1_16' title="bbox 1132 1909 2168 2265">
     <span class='ocr_line' id='line_1_68' title="bbox 1132 1909 2162 1962; baseline 0.005 -18"><span class='ocrx_word' id='word_1_475' title='bbox 1132 1909 1155 1940; x_wconf 93' lang='lat' dir='ltr'>C</span> <span class='ocrx_word' id='word_1_476' title='bbox 1183 1910 1323 1945; x_wconf 83' lang='lat' dir='ltr'><strong>tionem</strong></span> <span class='ocrx_word' id='word_1_477' title='bbox 1339 1912 1516 1957; x_wconf 77' lang='lat' dir='ltr'><strong>mysterii</strong></span> <span class='ocrx_word' id='word_1_478' title='bbox 1529 1914 1758 1962; x_wconf 81' lang='lat' dir='ltr'><strong>temporibus</strong></span> <span class='ocrx_word' id='word_1_479' title='bbox 1773 1914 1926 1949; x_wconf 83' lang='lat' dir='ltr'><strong>oeternis</strong></span> <span class='ocrx_word' id='word_1_480' title='bbox 1944 1914 2054 1949; x_wconf 85' lang='lat' dir='ltr'><strong>taciti</strong></span> <span class='ocrx_word' id='word_1_481' title='bbox 2064 1928 2079 1956; x_wconf 83' lang='lat'><strong>‚·</strong></span> <span class='ocrx_word' id='word_1_482' title='bbox 2096 1913 2162 1950; x_wconf 64' lang='lat'><strong>25.</strong></span> 
     </span>
     <span class='ocr_line' id='line_1_69' title="bbox 1183 1971 2165 2024; baseline 0.004 -18"><span class='ocrx_word' id='word_1_483' title='bbox 1183 1971 1426 2021; x_wconf 83' lang='lat' dir='ltr'><strong>manifestati</strong></span> <span class='ocrx_word' id='word_1_484' title='bbox 1452 1980 1581 2009; x_wconf 81' lang='lat' dir='ltr'><strong>autem</strong></span> <span class='ocrx_word' id='word_1_485' title='bbox 1613 1986 1714 2010; x_wconf 84' lang='lat' dir='ltr'><strong>nunc</strong></span> <span class='ocrx_word' id='word_1_486' title='bbox 1734 1987 1803 2024; x_wconf 78' lang='lat' dir='ltr'><strong>per</strong></span> <span class='ocrx_word' id='word_1_487' title='bbox 1828 1973 2045 2023; x_wconf 79' lang='lat' dir='ltr'><strong>Scripturas</strong></span> <span class='ocrx_word' id='word_1_488' title='bbox 2071 1987 2165 2024; x_wconf 87' lang='lat' dir='ltr'><strong>pro—</strong></span> 
     </span>
     <span class='ocr_line' id='line_1_70' title="bbox 1179 2031 2168 2084; baseline 0.003 -17"><span class='ocrx_word' id='word_1_489' title='bbox 1179 2031 1366 2081; x_wconf 81' lang='lat' dir='ltr'><strong>pheticas,</strong></span> <span class='ocrx_word' id='word_1_490' title='bbox 1380 2033 1590 2069; x_wconf 85' lang='lat' dir='ltr'><strong>secundum</strong></span> <span class='ocrx_word' id='word_1_491' title='bbox 1605 2042 1835 2084; x_wconf 77' lang='lat' dir='ltr'><strong>prceceptum</strong></span> <span class='ocrx_word' id='word_1_492' title='bbox 1856 2034 1989 2069; x_wconf 80' lang='lat' dir='ltr'><strong>oeterni</strong></span> <span class='ocrx_word' id='word_1_493' title='bbox 2006 2034 2095 2079; x_wconf 76' lang='lat' dir='ltr'><strong>Dei,</strong></span> <span class='ocrx_word' id='word_1_494' title='bbox 2113 2034 2168 2070; x_wconf 76' lang='lat' dir='ltr'><strong>acl</strong></span> 
     </span>
     <span class='ocr_line' id='line_1_71' title="bbox 1183 2093 2166 2146; baseline 0.004 -18"><span class='ocrx_word' id='word_1_495' title='bbox 1183 2093 1442 2130; x_wconf 78' lang='lat' dir='ltr'><strong>obedientiam</strong></span> <span class='ocrx_word' id='word_1_496' title='bbox 1448 2095 1553 2146; x_wconf 82' lang='lat' dir='ltr'><strong>fidei</strong></span> <span class='ocrx_word' id='word_1_497' title='bbox 1559 2124 1569 2142; x_wconf 86' lang='lat'><em>‚</em></span> <span class='ocrx_word' id='word_1_498' title='bbox 1586 2097 1626 2130; x_wconf 83' lang='lat' dir='ltr'><strong>in</strong></span> <span class='ocrx_word' id='word_1_499' title='bbox 1644 2097 1791 2132; x_wconf 83' lang='lat' dir='ltr'><strong>cunctis</strong></span> <span class='ocrx_word' id='word_1_500' title='bbox 1804 2095 1980 2145; x_wconf 78' lang='lat' dir='ltr'><strong>gentibus</strong></span> <span class='ocrx_word' id='word_1_501' title='bbox 1999 2097 2144 2146; x_wconf 79' lang='lat' dir='ltr'><strong>cogniti</strong></span> <span class='ocrx_word' id='word_1_502' title='bbox 2149 2109 2166 2139; x_wconf 85' lang='lat'><em>;</em></span> 
     </span>
     <span class='ocr_line' id='line_1_72' title="bbox 1182 2154 2162 2206; baseline 0.001 -15"><span class='ocrx_word' id='word_1_503' title='bbox 1182 2154 1247 2191; x_wconf 65' lang='lat'><strong>96.</strong></span> <span class='ocrx_word' id='word_1_504' title='bbox 1270 2154 1344 2190; x_wconf 87' lang='lat' dir='ltr'><strong>soli</strong></span> <span class='ocrx_word' id='word_1_505' title='bbox 1373 2157 1539 2205; x_wconf 82' lang='lat' dir='ltr'><strong>sapienti</strong></span> <span class='ocrx_word' id='word_1_506' title='bbox 1566 2156 1664 2200; x_wconf 85' lang='lat' dir='ltr'><strong>Deo,</strong></span> <span class='ocrx_word' id='word_1_507' title='bbox 1694 2169 1763 2206; x_wconf 79' lang='lat' dir='ltr'><strong>per</strong></span> <span class='ocrx_word' id='word_1_508' title='bbox 1784 2157 1918 2193; x_wconf 82' lang='lat' dir='ltr'><strong>Jesum</strong></span> <span class='ocrx_word' id='word_1_509' title='bbox 1949 2156 2162 2201; x_wconf 83' lang='lat' dir='ltr'><strong>Christum,</strong></span> 
     </span>
     <span class='ocr_line' id='line_1_73' title="bbox 1182 2214 1769 2265; baseline 0.003 -15"><span class='ocrx_word' id='word_1_510' title='bbox 1182 2215 1245 2251; x_wconf 84' lang='lat' dir='ltr'><strong>cui</strong></span> <span class='ocrx_word' id='word_1_511' title='bbox 1254 2214 1382 2265; x_wconf 81' lang='lat' dir='ltr'><strong>gloria</strong></span> <span class='ocrx_word' id='word_1_512' title='bbox 1398 2217 1439 2251; x_wconf 87' lang='lat' dir='ltr'><strong>in</strong></span> <span class='ocrx_word' id='word_1_513' title='bbox 1453 2215 1608 2252; x_wconf 66' lang='lat' dir='ltr'><strong>saecula.</strong></span> <span class='ocrx_word' id='word_1_514' title='bbox 1624 2214 1769 2252; x_wconf 83' lang='lat' dir='ltr'><strong>Amen.</strong></span> 
     </span>
    </p>
   </div>
   <div class='ocr_carea' id='block_1_16' title="bbox 1132 2329 2169 3226">
    <p class='ocr_par' dir='ltr' id='par_1_17' title="bbox 1132 2329 2169 3226">
     <span class='ocr_line' id='line_1_74' title="bbox 1238 2329 2168 2382; baseline 0.002 -16"><span class='ocrx_word' id='word_1_515' title='bbox 1238 2331 1252 2366; x_wconf 92' lang='grc'><strong>’1</strong></span> <span class='ocrx_word' id='word_1_516' title='bbox 1267 2359 1275 2366; x_wconf 93' lang='grc'>.</span> <span class='ocrx_word' id='word_1_517' title='bbox 1293 2331 1373 2367; x_wconf 88' lang='lat' dir='ltr'><strong>Mos</strong></span> <span class='ocrx_word' id='word_1_518' title='bbox 1384 2338 1434 2367; x_wconf 86' lang='lat' dir='ltr'><strong>est</strong></span> <span class='ocrx_word' id='word_1_519' title='bbox 1454 2344 1591 2382; x_wconf 86' lang='lat' dir='ltr'><strong>semper</strong></span> <span class='ocrx_word' id='word_1_520' title='bbox 1605 2329 1717 2368; x_wconf 89' lang='lat' dir='ltr'><strong>Paulo</strong></span> <span class='ocrx_word' id='word_1_521' title='bbox 1729 2331 1991 2382; x_wconf 84' lang='lat' dir='ltr'><strong>precationibus</strong></span> <span class='ocrx_word' id='word_1_522' title='bbox 2007 2340 2040 2368; x_wconf 88' lang='lat' dir='ltr'><strong>et</strong></span> <span class='ocrx_word' id='word_1_523' title='bbox 2059 2329 2168 2382; x_wconf 84' lang='lat' dir='ltr'><strong>glori-</strong></span> 
     </span>
     <span class='ocr_line' id='line_1_75' title="bbox 1181 2389 2167 2429; baseline 0.003 -3"><span class='ocrx_word' id='word_1_524' title='bbox 1181 2389 1346 2428; x_wconf 87' lang='lat' dir='ltr'><strong>ficatione</strong></span> <span class='ocrx_word' id='word_1_525' title='bbox 1379 2390 1663 2428; x_wconf 81' lang='lat' dir='ltr'><strong>adhortationem</strong></span> <span class='ocrx_word' id='word_1_526' title='bbox 1690 2391 1854 2429; x_wconf 84' lang='lat' dir='ltr'><strong>claudere</strong></span> <span class='ocrx_word' id='word_1_527' title='bbox 1878 2407 1885 2428; x_wconf 93' lang='lat'>:</span> <span class='ocrx_word' id='word_1_528' title='bbox 1912 2391 2045 2429; x_wconf 84' lang='lat' dir='ltr'><strong>sciehat</strong></span> <span class='ocrx_word' id='word_1_529' title='bbox 2073 2392 2167 2429; x_wconf 91' lang='lat' dir='ltr'><strong>enim</strong></span> 
     </span>
     <span class='ocr_line' id='line_1_76' title="bbox 1181 2451 2169 2503; baseline 0.003 -16"><span class='ocrx_word' id='word_1_530' title='bbox 1181 2464 1257 2488; x_wconf 85' lang='lat' dir='ltr'><strong>rem</strong></span> <span class='ocrx_word' id='word_1_531' title='bbox 1274 2464 1343 2488; x_wconf 91' lang='lat' dir='ltr'><strong>non</strong></span> <span class='ocrx_word' id='word_1_532' title='bbox 1368 2465 1441 2488; x_wconf 86' lang='lat' dir='ltr'><strong>esse</strong></span> <span class='ocrx_word' id='word_1_533' title='bbox 1464 2451 1552 2489; x_wconf 80' lang='lat' dir='ltr'><strong>levis</strong></span> <span class='ocrx_word' id='word_1_534' title='bbox 1564 2451 1746 2489; x_wconf 88' lang='lat' dir='ltr'><strong>momenti.</strong></span> <span class='ocrx_word' id='word_1_535' title='bbox 1761 2451 1859 2489; x_wconf 92' lang='lat' dir='ltr'><strong>Illud</strong></span> <span class='ocrx_word' id='word_1_536' title='bbox 1872 2466 1976 2503; x_wconf 85' lang='lat' dir='ltr'><strong>porro</strong></span> <span class='ocrx_word' id='word_1_537' title='bbox 1991 2466 2037 2489; x_wconf 77' lang='lat' dir='ltr'><strong>ex</strong></span> <span class='ocrx_word' id='word_1_538' title='bbox 2049 2466 2169 2490; x_wconf 88' lang='lat' dir='ltr'><strong>amore</strong></span> 
     </span>
     <span class='ocr_line' id='line_1_77' title="bbox 1182 2511 2166 2564; baseline 0.001 -16"><span class='ocrx_word' id='word_1_539' title='bbox 1182 2519 1214 2548; x_wconf 89' lang='lat' dir='ltr'><strong>et</strong></span> <span class='ocrx_word' id='word_1_540' title='bbox 1229 2511 1360 2563; x_wconf 88' lang='lat' dir='ltr'><strong>pietate</strong></span> <span class='ocrx_word' id='word_1_541' title='bbox 1376 2512 1464 2549; x_wconf 90' lang='lat' dir='ltr'><strong>solet</strong></span> <span class='ocrx_word' id='word_1_542' title='bbox 1480 2513 1605 2549; x_wconf 85' lang='lat' dir='ltr'><strong>facere.</strong></span> <span class='ocrx_word' id='word_1_543' title='bbox 1626 2512 1770 2549; x_wconf 90' lang='lat' dir='ltr'><strong>Etenim</strong></span> <span class='ocrx_word' id='word_1_544' title='bbox 1795 2512 2022 2564; x_wconf 79' lang='lat' dir='ltr'><strong>praeceptoris</strong></span> <span class='ocrx_word' id='word_1_545' title='bbox 2048 2521 2099 2549; x_wconf 91' lang='lat' dir='ltr'><strong>est</strong></span> <span class='ocrx_word' id='word_1_546' title='bbox 2117 2512 2166 2549; x_wconf 82' lang='lat' dir='ltr'><strong>fi·-</strong></span> 
     </span>
     <span class='ocr_line' id='line_1_78' title="bbox 1181 2573 2164 2623; baseline 0.001 -12"><span class='ocrx_word' id='word_1_547' title='bbox 1181 2573 1315 2611; x_wconf 89' lang='lat' dir='ltr'><strong>liorum</strong></span> <span class='ocrx_word' id='word_1_548' title='bbox 1330 2584 1364 2612; x_wconf 89' lang='lat' dir='ltr'><strong>et</strong></span> <span class='ocrx_word' id='word_1_549' title='bbox 1383 2574 1450 2612; x_wconf 90' lang='lat' dir='ltr'><strong>Dei</strong></span> <span class='ocrx_word' id='word_1_550' title='bbox 1468 2575 1634 2623; x_wconf 78' lang='lat' dir='ltr'><strong>amantis,</strong></span> <span class='ocrx_word' id='word_1_551' title='bbox 1658 2588 1727 2611; x_wconf 93' lang='lat' dir='ltr'><strong>non</strong></span> <span class='ocrx_word' id='word_1_552' title='bbox 1750 2575 1866 2611; x_wconf 92' lang='lat' dir='ltr'><strong>solum</strong></span> <span class='ocrx_word' id='word_1_553' title='bbox 1884 2575 1993 2612; x_wconf 87' lang='lat' dir='ltr'><strong>verbo</strong></span> <span class='ocrx_word' id='word_1_554' title='bbox 2025 2574 2164 2621; x_wconf 86' lang='lat' dir='ltr'><strong>docere,</strong></span> 
     </span>
     <span class='ocr_line' id='line_1_79' title="bbox 1182 2633 2166 2685; baseline 0 -14"><span class='ocrx_word' id='word_1_555' title='bbox 1182 2633 1243 2671; x_wconf 90' lang='lat' dir='ltr'><strong>sed</strong></span> <span class='ocrx_word' id='word_1_556' title='bbox 1261 2634 1368 2671; x_wconf 90' lang='lat' dir='ltr'><strong>etiam</strong></span> <span class='ocrx_word' id='word_1_557' title='bbox 1381 2648 1445 2685; x_wconf 87' lang='lat' dir='ltr'><strong>per</strong></span> <span class='ocrx_word' id='word_1_558' title='bbox 1454 2634 1691 2685; x_wconf 86' lang='lat' dir='ltr'><strong>precationem</strong></span> <span class='ocrx_word' id='word_1_559' title='bbox 1704 2634 1770 2671; x_wconf 88' lang='lat' dir='ltr'><strong>Dei</strong></span> <span class='ocrx_word' id='word_1_560' title='bbox 1783 2634 1963 2671; x_wconf 79' lang='lat' dir='ltr'><strong>auxilium</strong></span> <span class='ocrx_word' id='word_1_561' title='bbox 1976 2634 2166 2685; x_wconf 85' lang='lat' dir='ltr'><strong>discipulis</strong></span> 
     </span>
     <span class='ocr_line' id='line_1_80' title="bbox 1181 2693 2163 2744; baseline 0 -14"><span class='ocrx_word' id='word_1_562' title='bbox 1181 2693 1369 2731; x_wconf 88' lang='lat' dir='ltr'><strong>conciliare</strong></span> <span class='ocrx_word' id='word_1_563' title='bbox 1386 2709 1394 2729; x_wconf 77' lang='grc' dir='ltr'><strong><em>ε</em></strong></span> <span class='ocrx_word' id='word_1_564' title='bbox 1412 2693 1509 2743; x_wconf 90' lang='lat' dir='ltr'><strong>quod</strong></span> <span class='ocrx_word' id='word_1_565' title='bbox 1527 2703 1561 2730; x_wconf 90' lang='lat' dir='ltr'><strong>et</strong></span> <span class='ocrx_word' id='word_1_566' title='bbox 1577 2693 1636 2729; x_wconf 89' lang='lat' dir='ltr'><strong>hic</strong></span> <span class='ocrx_word' id='word_1_567' title='bbox 1656 2693 1753 2730; x_wconf 89' lang='lat' dir='ltr'><strong>facit.</strong></span> <span class='ocrx_word' id='word_1_568' title='bbox 1775 2693 1851 2730; x_wconf 89' lang='lat' dir='ltr'><strong>Hac</strong></span> <span class='ocrx_word' id='word_1_569' title='bbox 1880 2707 1986 2744; x_wconf 91' lang='lat' dir='ltr'><strong>porro</strong></span> <span class='ocrx_word' id='word_1_570' title='bbox 2004 2694 2092 2730; x_wconf 87' lang='lat' dir='ltr'><strong>serie</strong></span> <span class='ocrx_word' id='word_1_571' title='bbox 2110 2693 2163 2730; x_wconf 88' lang='lat' dir='ltr'><strong>le-</strong></span> 
     </span>
     <span class='ocr_line' id='line_1_81' title="bbox 1181 2751 2166 2802; baseline 0 -14"><span class='ocrx_word' id='word_1_572' title='bbox 1181 2751 1335 2801; x_wconf 87' lang='lat' dir='ltr'><strong>gendum</strong></span> <span class='ocrx_word' id='word_1_573' title='bbox 1360 2760 1411 2788; x_wconf 90' lang='lat' dir='ltr'><strong>est</strong></span> <span class='ocrx_word' id='word_1_574' title='bbox 1426 2767 1433 2786; x_wconf 93' lang='lat'>:</span> <span class='ocrx_word' id='word_1_575' title='bbox 1448 2751 1494 2788; x_wconf 89' lang='lat' dir='ltr'><strong>Ei</strong></span> <span class='ocrx_word' id='word_1_576' title='bbox 1512 2759 1631 2788; x_wconf 87' lang='lat' dir='ltr'><strong>autem</strong></span> <span class='ocrx_word' id='word_1_577' title='bbox 1650 2751 1711 2801; x_wconf 87' lang='lat' dir='ltr'><strong>qui</strong></span> <span class='ocrx_word' id='word_1_578' title='bbox 1732 2760 1843 2802; x_wconf 87' lang='lat' dir='ltr'><strong>potest</strong></span> <span class='ocrx_word' id='word_1_579' title='bbox 1861 2765 1925 2788; x_wconf 68' lang='lat' dir='ltr'><strong>vos</strong></span> <span class='ocrx_word' id='word_1_580' title='bbox 1955 2751 2166 2788; x_wconf 87' lang='lat' dir='ltr'><strong>confirmare</strong></span> 
     </span>
     <span class='ocr_line' id='line_1_82' title="bbox 1181 2811 2163 2863; baseline 0 -15"><span class='ocrx_word' id='word_1_581' title='bbox 1181 2811 1293 2863; x_wconf 83' lang='lat' dir='ltr'><strong>gloria</strong></span> <span class='ocrx_word' id='word_1_582' title='bbox 1313 2811 1349 2848; x_wconf 85' lang='lat' dir='ltr'><strong>in</strong></span> <span class='ocrx_word' id='word_1_583' title='bbox 1368 2811 1510 2849; x_wconf 63' lang='lat' dir='ltr'><strong>saecula.</strong></span> <span class='ocrx_word' id='word_1_584' title='bbox 1538 2813 1660 2850; x_wconf 89' lang='lat' dir='ltr'><strong>Amen.</strong></span> <span class='ocrx_word' id='word_1_585' title='bbox 1677 2812 1814 2849; x_wconf 88' lang='lat' dir='ltr'><strong>Rursus</strong></span> <span class='ocrx_word' id='word_1_586' title='bbox 1839 2811 1883 2849; x_wconf 86' lang='lat' dir='ltr'><strong>de</strong></span> <span class='ocrx_word' id='word_1_587' title='bbox 1913 2811 2068 2849; x_wconf 87' lang='lat' dir='ltr'><strong>infirmis</strong></span> <span class='ocrx_word' id='word_1_588' title='bbox 2089 2811 2163 2848; x_wconf 85' lang='lat' dir='ltr'><strong>illis</strong></span> 
     </span>
     <span class='ocr_line' id='line_1_83' title="bbox 1180 2870 2163 2922; baseline 0 -14"><span class='ocrx_word' id='word_1_589' title='bbox 1180 2872 1266 2922; x_wconf 81' lang='lat' dir='ltr'><strong>agit,</strong></span> <span class='ocrx_word' id='word_1_590' title='bbox 1285 2880 1319 2909; x_wconf 91' lang='lat' dir='ltr'><strong>et</strong></span> <span class='ocrx_word' id='word_1_591' title='bbox 1333 2871 1378 2908; x_wconf 90' lang='lat' dir='ltr'><strong>ad</strong></span> <span class='ocrx_word' id='word_1_592' title='bbox 1393 2871 1473 2908; x_wconf 88' lang='lat' dir='ltr'><strong>illos</strong></span> <span class='ocrx_word' id='word_1_593' title='bbox 1488 2885 1685 2909; x_wconf 88' lang='lat' dir='ltr'><strong>sermonem</strong></span> <span class='ocrx_word' id='word_1_594' title='bbox 1697 2870 1882 2909; x_wconf 74' lang='lat' dir='ltr'><strong>convertit.</strong></span> <span class='ocrx_word' id='word_1_595' title='bbox 1902 2872 1995 2908; x_wconf 82' lang='lat' dir='ltr'><strong>Nam</strong></span> <span class='ocrx_word' id='word_1_596' title='bbox 2015 2885 2096 2908; x_wconf 89' lang='lat' dir='ltr'><strong>cum</strong></span> <span class='ocrx_word' id='word_1_597' title='bbox 2108 2871 2163 2908; x_wconf 86' lang='lat' dir='ltr'><strong>in-</strong></span> 
     </span>
     <span class='ocr_line' id='line_1_84' title="bbox 1181 2931 2159 2984; baseline 0 -15"><span class='ocrx_word' id='word_1_598' title='bbox 1181 2941 1339 2984; x_wconf 86' lang='lat' dir='ltr'><strong>creparet</strong></span> <span class='ocrx_word' id='word_1_599' title='bbox 1351 2962 1360 2980; x_wconf 86' lang='lat'>,</span> <span class='ocrx_word' id='word_1_600' title='bbox 1393 2946 1616 2969; x_wconf 87' lang='lat' dir='ltr'><strong>communem</strong></span> <span class='ocrx_word' id='word_1_601' title='bbox 1657 2932 1809 2969; x_wconf 83' lang='lat' dir='ltr'><strong>faciebat</strong></span> <span class='ocrx_word' id='word_1_602' title='bbox 1854 2931 2129 2984; x_wconf 85' lang='lat' dir='ltr'><strong>increpationem</strong></span> <span class='ocrx_word' id='word_1_603' title='bbox 2152 2948 2159 2967; x_wconf 89' lang='lat'>:</span> 
     </span>
     <span class='ocr_line' id='line_1_85' title="bbox 1181 2991 2164 3043; baseline -0.002 -13"><span class='ocrx_word' id='word_1_604' title='bbox 1181 3006 1275 3030; x_wconf 88' lang='lat' dir='ltr'><strong>nunc</strong></span> <span class='ocrx_word' id='word_1_605' title='bbox 1295 3006 1378 3031; x_wconf 77' lang='lat' dir='ltr'><strong>vero</strong></span> <span class='ocrx_word' id='word_1_606' title='bbox 1393 3006 1473 3030; x_wconf 90' lang='lat' dir='ltr'><strong>eum</strong></span> <span class='ocrx_word' id='word_1_607' title='bbox 1488 3001 1664 3043; x_wconf 79' lang='lat' dir='ltr'><strong>precatur,</strong></span> <span class='ocrx_word' id='word_1_608' title='bbox 1686 2992 1979 3043; x_wconf 88' lang='lat' dir='ltr'><strong>supplicationem</strong></span> <span class='ocrx_word' id='word_1_609' title='bbox 2001 3006 2066 3043; x_wconf 91' lang='lat' dir='ltr'><strong>pro</strong></span> <span class='ocrx_word' id='word_1_610' title='bbox 2085 2991 2164 3028; x_wconf 87' lang='lat' dir='ltr'><strong>istis</strong></span> 
     </span>
     <span class='ocr_line' id='line_1_86' title="bbox 1182 3052 2163 3106; baseline -0.002 -15"><span class='ocrx_word' id='word_1_611' title='bbox 1182 3054 1291 3106; x_wconf 89' lang='lat' dir='ltr'><strong>ponit.</strong></span> <span class='ocrx_word' id='word_1_612' title='bbox 1309 3054 1400 3091; x_wconf 90' lang='lat' dir='ltr'><strong>Cum</strong></span> <span class='ocrx_word' id='word_1_613' title='bbox 1427 3053 1515 3090; x_wconf 90' lang='lat' dir='ltr'><strong>dicit</strong></span> <span class='ocrx_word' id='word_1_614' title='bbox 1533 3062 1664 3100; x_wconf 82' lang='lat' dir='ltr'><strong>autem,</strong></span> <span class='ocrx_word' id='word_1_615' title='bbox 1681 3054 1712 3090; x_wconf 92' lang='lat' dir='ltr'><em>C</em></span> <span class='ocrx_word' id='word_1_616' title='bbox 1714 3053 1934 3104; x_wconf 83' lang='lat' dir='ltr'><strong>onfirmarc‚</strong></span> <span class='ocrx_word' id='word_1_617' title='bbox 1956 3052 2079 3104; x_wconf 86' lang='lat' dir='ltr'><strong>adjicit</strong></span> <span class='ocrx_word' id='word_1_618' title='bbox 2093 3067 2163 3102; x_wconf 91' lang='lat' dir='ltr'><strong>quo</strong></span> 
     </span>
     <span class='ocr_line' id='line_1_87' title="bbox 1182 3113 2161 3167; baseline 0 -15"><span class='ocrx_word' id='word_1_619' title='bbox 1182 3124 1298 3167; x_wconf 84' lang='lat' dir='ltr'><strong>pacto,</strong></span> <span class='ocrx_word' id='word_1_620' title='bbox 1316 3115 1534 3152; x_wconf 81' lang='lat' dir='ltr'><strong>Secundum</strong></span> <span class='ocrx_word' id='word_1_621' title='bbox 1555 3113 1799 3165; x_wconf 72' lang='lat' dir='ltr'><strong>evangelium</strong></span> <span class='ocrx_word' id='word_1_622' title='bbox 1827 3126 1964 3150; x_wconf 87' lang='lat' dir='ltr'><strong>meum.</strong></span> <span class='ocrx_word' id='word_1_623' title='bbox 1985 3113 2061 3150; x_wconf 90' lang='lat' dir='ltr'><strong>Hoc</strong></span> <span class='ocrx_word' id='word_1_624' title='bbox 2076 3127 2161 3152; x_wconf 81' lang='lat' dir='ltr'><strong>vero</strong></span> 
     </span>
     <span class='ocr_line' id='line_1_88' title="bbox 1132 3173 2162 3226; baseline -0.001 -12"><span class='ocrx_word' id='word_1_625' title='bbox 1132 3185 1157 3215; x_wconf 88' lang='lat' dir='ltr'>E</span> <span class='ocrx_word' id='word_1_626' title='bbox 1182 3175 1303 3213; x_wconf 74' lang='lat' dir='ltr'><strong>dicens</strong></span> <span class='ocrx_word' id='word_1_627' title='bbox 1328 3174 1566 3226; x_wconf 77' lang='lat' dir='ltr'><strong>significahat,</strong></span> <span class='ocrx_word' id='word_1_628' title='bbox 1582 3174 1662 3211; x_wconf 91' lang='lat' dir='ltr'><strong>illos</strong></span> <span class='ocrx_word' id='word_1_629' title='bbox 1686 3173 1843 3211; x_wconf 89' lang='lat' dir='ltr'><strong>nondum</strong></span> <span class='ocrx_word' id='word_1_630' title='bbox 1863 3174 2088 3212; x_wconf 87' lang='lat' dir='ltr'><strong>confirmatos</strong></span> <span class='ocrx_word' id='word_1_631' title='bbox 2108 3188 2162 3213; x_wconf 87' lang='lat' dir='ltr'><strong>es-</strong></span> 
     </span>
    </p>
   </div>
   <div class='ocr_carea' id='block_1_17' title="bbox 1155 3304 2162 3395">
    <p class='ocr_par' dir='ltr' id='par_1_18' title="bbox 1155 3304 2162 3395">
     <span class='ocr_line' id='line_1_89' title="bbox 1155 3304 2162 3354; baseline -0.003 -12"><span class='ocrx_word' id='word_1_632' title='bbox 1155 3309 1388 3354; x_wconf 81' lang='lat' dir='ltr'><strong>Chrysostomi</strong></span> <span class='ocrx_word' id='word_1_633' title='bbox 1400 3316 1431 3341; x_wconf 86' lang='lat' dir='ltr'><strong>et</strong></span> <span class='ocrx_word' id='word_1_634' title='bbox 1444 3308 1476 3341; x_wconf 87' lang='lat' dir='ltr'><strong>in</strong></span> <span class='ocrx_word' id='word_1_635' title='bbox 1489 3306 1687 3351; x_wconf 79' lang='lat' dir='ltr'><strong>quibusdam</strong></span> <span class='ocrx_word' id='word_1_636' title='bbox 1699 3304 1770 3339; x_wconf 85' lang='lat' dir='ltr'><strong>aliis</strong></span> <span class='ocrx_word' id='word_1_637' title='bbox 1783 3305 1824 3339; x_wconf 80' lang='lat' dir='ltr'><strong>nd</strong></span> <span class='ocrx_word' id='word_1_638' title='bbox 1836 3305 1933 3340; x_wconf 84' lang='lat' dir='ltr'><strong>finem</strong></span> <span class='ocrx_word' id='word_1_639' title='bbox 1945 3307 2064 3351; x_wconf 74' lang='lat' dir='ltr'><strong>capitis</strong></span> <span class='ocrx_word' id='word_1_640' title='bbox 2083 3307 2162 3339; x_wconf 87' lang='lat' dir='ltr'><strong>XIV</strong></span> 
     </span>
     <span class='ocr_line' id='line_1_90' title="bbox 1156 3361 1339 3395; baseline 0 -1"><span class='ocrx_word' id='word_1_641' title='bbox 1156 3361 1339 3395; x_wconf 77' lang='lat' dir='ltr'><strong>adduntur.</strong></span> 
     </span>
    </p>
   </div>
  </div>
 </body>
</html>
