2502 3810
697 251 740 279 IN
778 251 891 280 ACTx
929 250 1266 282 APOSTOLORUM.
1306 254 1461 284 nomn„
1501 255 1573 283 XL.
2083 242 2170 302 337

107 335 209 377 τόνως
233 333 299 387 γὰρ
323 338 392 375 τοῖς
425 332 601 374 Ἰουδαίοις
629 333 924 396 διακατηλέγχετο
956 332 1118 384 δημοσία,
1189 336 1296 372 tiam.
1316 335 1378 373 ⁸28.
1400 337 1650 373 Vehementer
1665 338 1767 372 enim
1783 336 1940 374 Judoeos
1953 340 2173 375 revincebat

103 393 293 437 ἐπιδεικνυς
308 393 363 432 διὰ
377 396 445 431 τῶν
463 395 491 431 l
495 409 610 445 ραιρων
628 398 715 431 εἰναι
728 394 785 431 τὸν
803 394 953 446 Χριστὸν
971 394 1118 440 Ιησοῦν.
1183 397 1350 446 publice,
1383 398 1587 435 ostendens
1611 411 1680 448 per
1697 397 1913 449 Scripturas
1932 399 2067 436 Jesum
2095 412 2175 437 esse

104 455 265 507 Ἐγένετο
294 455 329 493 δὲ
359 457 394 493 ἐν
418 471 468 506 τῳ
496 455 569 492 τὸν
577 454 734 493 Ἀπολλω
769 459 854 492 εἰναι
883 457 917 493 ἐν
947 453 1117 507 Κορίνθιο),
1187 456 1396 494 Christum.
1418 459 1453 494 1.
1474 458 1641 494 Factum
1658 466 1713 495 est
1732 467 1875 504 autem,
1908 472 1995 496 cum
2024 459 2173 510 Apollo
2187 466 2259 495 Cn.
2276 476 2338 495 ηε.

100 517 239 554 Παῦλον
274 516 450 554 διελθόντα
485 515 529 554 τὰ
562 515 755 568 ἀνωτερικὰ
790 515 903 566 μέρη,
934 516 1042 553 ἐλθεῖν
1069 517 1118 558 εἷς
1184 524 1280 553 esset
1301 517 1493 564 Corinthi,
1514 525 1554 554 ut
1566 518 1718 555 Paulus
1745 521 1961 570 peragratis
1995 522 2170 571 superio—

100 576 264 629 Ἔφεσον.
286 577 354 615 Και
370 576 476 629 εὑρών
492 593 586 620 τινας
605 575 774 627 μαθητὰς,
795 580 869 614 εἰπε
881 575 968 628 πρὸς
983 575 1115 620 αὐτούς·
1139 576 1164 606 Ε
1183 577 1289 613 ribus
1310 579 1485 627 partibus
1510 580 1663 615 veniret
1679 579 1895 629 Ephesum,
1916 588 1954 616 et
1980 582 2171 618 inveniret

100 640 129 676 εἰ
148 640 292 689 Πνεῦμα
313 639 408 689 ἅγιον
433 639 577 677 ἐλάοετε
601 637 871 681 πιστεύσαντες·
863 668 873 685 ‚
891 639 977 675 Οἱ
959 637 993 675 ὸὲ
1013 642 1114 676 εἶπαν
1183 637 1371 686 quosdam
1383 637 1605 688 discipulos,
1619 640 1654 675 [³2.
1669 639 1844 691 duxitque
1855 653 1929 677 ets:
1938 640 1979 677 St
1986 640 2170 693 Spiritu-ln

99 699 182 750 πρὸς
202 699 321 736 αὐτόν
345 699 438 738 Am
459 699 536 737 οὐδὲ
556 702 584 737 εἰ
604 700 784 749 Πνεῦμα
771 698 867 750 αγιόν
881 700 990 744 ἐστιν,
1006 698 1114 745 ἠκού-
1180 705 1359 734 sanctum
1372 701 1571 749 accepistis
1587 699 1783 737 credentes
1798 700 1894 737 Pllli
1912 710 2042 738 autem
2059 702 2166 739 dixe-

99 776 221 809 σαμεν.
245 754 336 798 Εἰπέ
307 777 335 798 .ε
356 776 393 798 τε
408 760 492 811 πρὸς
512 759 656 802 αὐτούς·
674 761 721 802 εἰς
736 759 770 796 τί
787 762 844 796 οὖν
862 758 1112 805 ἐδαπτίσθητε,
1181 765 1270 793 runt
1288 759 1346 793 ei:
1362 757 1436 794 Sed
1451 771 1572 809 neque
1586 758 1791 808 siSpiritus
1800 769 1958 798 sanctus
1973 771 2040 811 est,
2057 765 2168 801 audi-

101 819 147 855 Οἱ
178 818 212 856 δὲ
248 822 362 857 εἶπον·
396 821 442 861 εἷς
467 819 507 856 τὸ
531 818 691 855 Ἰωάννου
730 816 926 867 βάπτισμα.
965 810 1056 853 Εἰπε
1078 817 1112 853 δὲ
1181 818 1322 852 vimus.
1339 817 1577 867 affixaque
1608 818 1662 853 ad
1691 818 1779 855 illos
1798 833 1805 854 ε
1824 822 1873 855 In
1900 835 1975 872 quo
1997 836 2084 874 ergo
2100 827 2169 862 ba—

99 880 237 922 Παῦλος
253 894 259 901 ·
277 879 439 924 Ἰωάννης
457 879 517 928 μὲν
532 878 699 916 {ginnas
719 877 902 927 βάπτισμα
917 876 1113 925 μετανοίας,
1177 877 1318 924 ptizati
1337 878 1454 912 estis?
1473 877 1542 912 Illi
1560 885 1688 914 autem
1708 879 1890 916 dixerunt
1907 896 1916 915 .·
1933 883 1981 917 In
1999 884 2168 922 Joanm‘s

98 942 145 990 τῷ
165 942 239 991 λαῷ
257 940 379 992 λέγων,
401 943 447 982 εἷς
465 940 522 977 τὸν
546 938 733 989 ἐρχόμενον
757 936 834 987 μετ’
853 935 954 972 αὐτὸν
980 935 1036 972 ἵνα
1051 951 1112 972 πι-
1181 935 1422 984 baptismate.
1442 936 1479 972 4.
1496 937 1684 987 Dixitque
1698 938 1849 975 Paulus
1865 955 1872 974 z
1887 941 2062 979 Joannes
2083 948 2169 994 qui-

98 1001 286 1039 στεύσωσι.
308 1000 496 1047 τουτέστιν,
518 1001 564 1041 εἷς
584 999 641 1036 τὸν
658 997 808 1049 Χριστὸν
824 998 972 1042 Ἰησοῦν.
996 995 1112 1033 Ἀκού-
1179 994 1266 1030 dem
1300 997 1511 1045 baptizavit
1537 998 1725 1047 baptismo
1746 1001 1994 1049 pcenitentioe,
2025 1005 2167 1054 populo

97 1077 216 1104 σαντες
249 1061 284 1098 δὲ
313 1060 571 1105 ἐδαπτίσθησαν
606 1059 654 1100 εἰς
680 1058 719 1095 τὸ
747 1057 856 1107 ὄνομα
885 1059 943 1094 τοῦ
980 1055 1109 1107 Κυρίου
1179 1056 1321 1104 dicens,
1336 1066 1377 1094 ut
1393 1060 1434 1093 in
1447 1071 1546 1104 eum,
1563 1060 1826 1110 quiventurus
1839 1070 1922 1098 erat
1932 1072 2018 1113 post
2030 1066 2166 1115 ipsum,

94 1121 220 1166 Ἰησου.
254 1121 322 1159 Καὶ
339 1121 512 1163 ἐπιθέντος
529 1120 644 1161 αὐτοῖς
659 1121 718 1155 τοῦ
735 1117 878 1155 Παύλου
900 1116 962 1160 τὰς
978 1122 1109 1168 χεῖρας,
1177 1118 1398 1167 crederent5
1411 1119 1453 1155 id
1465 1127 1532 1168 est,
1544 1133 1585 1156 ιη
1595 1120 1944 1160 ChristumJesum
1953 1124 1989 1161 5
1994 1124 2167 1163 Audien-

89 1183 171 1227 ἠλθε
186 1181 224 1218 τὸ
241 1182 387 1230 Πνεῦμα
401 1180 439 1217 τὸ
450 1180 545 1230 ἅγιον
564 1178 619 1216 ἐπ’
633 1176 773 1220 αὐτούς·
790 1177 932 1215 ἐλάλουν
945 1192 982 1214 τε
996 1176 1110 1228 γλωσ-
1122 1210 1170 1233 303
1179 1185 1233 1214 tes
1262 1187 1390 1215 autem
1425 1149 1615 1231 baptizati
1647 1190 1737 1219 sunt
1757 1184 1798 1218 in
1833 1186 1987 1221 nomine
2005 1187 2167 1224 Domini

89 1256 163 1283 σαις
179 1256 237 1277 και
253 1255 362 1291 προεφ
367 1239 501 1285 ήτευον.
517 1231 667 1276 ⁴³³*va
649 1236 683 1275 οὲ
701 1240 732 1275 οἱ
745 1238 872 1280 πάντες
888 1237 989 1289 ἄνδρε
976 1253 1009 1280 -ς
1025 1237 1107 1275 ὡσει
1132 1246 1158 1275 Α
1176 1239 1282 1277 Jesu.
1295 1242 1330 1278 6.
1340 1242 1393 1278 Et
1406 1254 1492 1278 cum
1507 1243 1747 1293 imposuisset
1761 1244 1840 1282 illis
1851 1248 2162 1294 manusPaulus,

87 1300 244 1339 δεκαδύο.
271 1302 398 1338 Πολλι)
428 1293 520 1337 οῧτοι
540 1298 669 1337 ἐκείνου
690 1298 932 1345 διεστήκασιν,
965 1300 996 1336 οἱ
1017 1297 1106 1348 μηδὲ
1173 1303 1285 1337 vemt
1295 1301 1458 1352 sz71tus
1472 1311 1630 1340 sanctus
1644 1317 1757 1355 supe7
1772 1305 1874 1351 illos,
1891 1306 2164 1358 loquebantur-

87 1363 116 1399 εἷ
144 1363 291 1411 Πνεῦμα
316 1360 410 1411 ἅγιόν
440 1361 534 1398 ἐστιν
564 1359 702 1402 εἰδότες.
726 1361 861 1396 ἶΞΟὗτοι
886 1373 965 1404 ουν,
991 1358 1023 1396 οἳ
1046 1359 1106 1396 καὶ
1173 1374 1247 1412 que
1262 1362 1403 1413 linguis
1413 1370 1448 1399 et
1462 1364 2022 1418 prophetabant.7.Erautque
2034 1382 2164 1406 omnes

86 1421 330 1474 ἀκριὸέστερον
348 1423 441 1473 αὐτῷ
461 1420 614 1464 ἐξέθεντο
632 1419 694 1466 τὴν
713 1420 790 1457 ὁδὸν
810 1423 870 1457 τοῦ
884 1418 1026 1470 Κυρίου,
1045 1418 1104 1456 καὶ
1173 1423 1252 1458 viri
1277 1425 1391 1474 quasi
1418 1423 1631 1461 duodecim.
1653 1423 1812 1462 Multum
1842 1425 1880 1463 hi
1906 1427 1952 1463 ab
1974 1428 2037 1466 illo
2062 1430 2165 1468 diffe-

84 1483 343 1534 προπέμπουσι,
363 1481 422 1520 καὶ
442 1481 637 1533 γράμματα
654 1480 882 1519 ἐπιδιδόασιν.
916 1479 1104 1518 Ἐὃούλετο
1172 1482 1309 1531 rebant,
1324 1483 1386 1533 qui
1403 1497 1515 1534 neque
1533 1484 1690 1522 sciebant
1706 1485 1881 1537 Spiritum
1896 1498 2058 1527 sanctum
2078 1505 2162 1528 esse.

83 1543 146 1593 μὲν
167 1537 226 1580 οῧν
255 1542 313 1580 καὶ
334 1543 435 1586 αὐτὸς
455 1544 617 1579 ἀπελθεῖν
639 1543 686 1585 εἷς
703 1540 847 1593 Ἀχαΐαν
861 1556 868 1563 ·
900 1540 969 1593 πρὸ
990 1540 1026 1578 δὲ
1043 1544 1102 1578 τοῦ
1170 1543 1219 1580 Ηί
1249 1543 1360 1595 igitur
1385 1544 1449 1594 qui
1479 1544 1685 1597 diligentius
1707 1545 1761 1583 illi
1791 1559 2032 1599 exposuerunt
2066 1551 2164 1589 viam

82 1604 286 1656 προτρέψαι,
317 1603 593 1655 καὶ“γράμματα
629 1603 746 1640 δοῦναι
777 1604 871 1654 αὐτῷ
897 1601 976 1644 τοὺς
1005 1602 1103 1639 ἀδελ·
1173 1605 1331 1655 Domini,
1344 1605 1566 1658 praemittunt
1579 1607 1685 1644 etiam
1698 1607 1889 1659 literasque
1902 1609 2164 1651 dant.Vole])at

80 1664 171 1716 φθὺς,
191 1665 252 1701 Οὖκ
271 1667 460 1716 ἇναχοῳεῖ·
495 1663 562 1706 εἱΟς
580 1661 860 1714 παραγενόμενος
880 1661 1101 1709 συνεὸἄλετο,
1171 1666 1283 1717 igitur
1301 1676 1334 1704 et
1364 1667 1439 1719 ipse
1464 1667 1500 1704 in
1526 1668 1699 1706 Achaiam
1722 1669 1866 1720 venire3
1888 1671 1950 1708 sed
1974 1681 2164 1723 antequam

79 1724 185 1775 φησὶ,
223 1729 294 1767 τοῖς
324 1722 595 1762 πεπιστευκόσιν
610 1738 618 1746 ·
651 1721 796 1765 εὐτόνως
827 1722 893 1773 γὰρ
928 1723 1101 1767 διακατη-
1170 1724 1275 1762 illum
1290 1725 1415 1763 fratres
1435 1725 1611 1764 exhortati
1633 1736 1767 1776 essent,
1789 1742 1830 1765 ae
1849 1729 1970 1767 literas
1989 1730 2019 1768 ei
2042 1731 2162 1769 dedis-

77 1784 223 1836 λέγΑετο
251 1784 404 1835 δημοσία
427 1782 649 1822 ἐπιδεικνύων
675 1782 731 1820 διὰ
750 1785 819 1820 τῶν
844 1784 993 1836 Γραφῶν
1013 1776 1101 1819 εἶναι
1170 1795 1258 1833 sent,
1278 1800 1348 1824 non
1370 1786 1516 1824 recedit.
1543 1788 1618 1838 Qui
1638 1797 1678 1826 ut
1699 1792 1822 1836 venit,
1845 1790 1974 1841 inquit,
1996 1794 2163 1831 contulit

76 1845 134 1883 τὸν
161 1845 311 1897 Χριστὸν
345 1846 492 1890 Ἰησοῦν.
521 1845 703 1882 Ἐντεῦθεν
732 1845 807 1886 πῶς
825 1837 867 1889 ἦν
890 1843 1033 1886 δυνατὸς
1064 1844 1098 1880 ἓν
1169 1848 1333 1885 multum
1348 1850 1408 1895 iis,
1427 1850 1494 1900 qui
1508 1850 1778 1888 crediderant.-
1793 1852 2044 1891 ‘uehementer
2056 1857 2160 1892 enim

76 1911 153 1949 ταῖς
172 1907 327 1957 Γραφαῑς
351 1904 525 1947 Ἀπολλὼς
544 1903 707 1942 δείκνυσι.
729 1903 821 1948 Τοὺς
839 1904 901 1955 μὲν
921 1904 989 1956 γὰρ
1007 1905 1098 1941 Ἰου-
1123 1910 1146 1940 Β
1168 1909 1326 1946 Judaeos
1339 1911 1561 1947 revincebat
1574 1911 1742 1960 publice,
1757 1914 1961 1951 ostendens
1973 1928 2043 1965 per
2058 1915 2158 1953 Scri·

76 1966 189 2009 δαίους
205 1966 336 2019 σφόδρα
351 1964 556 2016 ε’πεστόμιζε
576 1968 691 2013 (τοῦτο
710 1964 777 2016 γάρ
796 1968 871 2003 ἐστι
890 1964 941 2012 τὸ,
958 1967 1096 2002 Διακα-
1164 1978 1300 2021 pturas
1311 1971 1445 2008 Jesum
1460 1984 1540 2007 esse
1557 1972 1766 2009 Christum.
1783 1973 1873 2011 Hinc
1885 1974 2036 2012 ostendit
2051 1990 2158 2026 quam

75 2027 304 2077 τηλέγιετο),
348 2025 426 2069 τοὺς
466 2026 501 2063 δὲ
534 2025 760 2068 πιστεύοντας
790 2028 926 2078 θαρρεῖν
964 2026 1096 2076 μᾶλλον
1167 2039 1291 2082 potens
1314 2030 1350 2067 in
1374 2031 1574 2083 Scripturis
1598 2041 1687 2069 esset
1713 2033 1842 2085 Apollo
1863 2050 1870 2070 :
1890 2034 2034 2074 Judaeos
2063 2036 2158 2075 enim

75 2087 196 2134 ἐποίει,
227 2087 284 2124 καὶ
313 2086 477 2124 ἵστασθαι
510 2087 595 2139 πρὸς
613 2085 676 2133 τὴν
700 2086 829 2124 πίστιν.
862 2085 1024 2137 Ἐγένετο
1044 2085 1094 2135 δὲ,
1165 2090 1391 2128 vehementer
1410 2090 1626 2142 reprimebat
1644 2092 1737 2139 (hoc
1755 2093 1850 2131 enim
1866 2094 1935 2132 sibi
1951 2095 2031 2133 vult
2047 2096 2155 2145 illud,

75 2148 179 2199 φησὶ,
209 2149 349 2186 Παῦλον
382 2147 560 2185 διελθόντα
585 2147 629 2185 τὰ
658 2147 852 2198 ἀνωτερικὰ
876 2147 965 2198 μέρη
986 2149 1095 2185 ἐλθεῖν
1165 2153 1449 2200 Revincebat);
1470 2151 1697 2191 credentibus
1716 2169 1799 2193 vero
1819 2155 1988 2194 fiduciam
2012 2158 2157 2196 indebat

75 2211 123 2252 εἷς
145 2208 309 2261 Ἔφεσον.
344 2211 467 2247 Ταῦτα
497 2208 537 2256 δὴ
563 2208 608 2246 τὰ
627 2208 719 2246 κατὰ
741 2208 954 2261 Καισάρειαν
974 2208 1033 2246 καὶ
1052 2207 1095 2245 τὰ
1165 2221 1205 2249 ut
1226 2211 1262 2249 in
1281 2212 1355 2250 fide
1372 2222 1515 2250 starent.
1537 2216 1705 2252 Factum
1728 2225 1784 2253 est
1805 2226 1948 2264 autem,
1968 2219 2097 2269 inquit,
2114 2229 2155 2258 ut

74 2269 191 2307 λοιπά.
225 2269 294 2307 Καὶ
315 2269 423 2321 εὑρών
444 2285 540 2312 τινας
569 2268 741 2319 μαθητὰς,
761 2262 836 2306 εἷπε
855 2268 940 2318 πρὸς
961 2267 1095 2312 «fimoq-
1165 2274 1331 2320 Paulus,
1352 2277 1571 2325 peragratis
1602 2279 1859 2327 superioribus
1883 2282 2072 2330 partibus,
2091 2296 2156 2319 ve-

74 2331 102 2367 εἰ
121 2331 265 2381 Πνεῦμα
282 2330 376 2381 ἅγιον
392 2329 535 2368 ἐλάδετε
551 2329 800 2373 πιστεύσαντες
816 2345 826 2376 ;
846 2328 932 2367 ‘'0'U
953 2328 1029 2367 Οὐδὲ
1049 2331 1097 2373 εἷς
1167 2336 1486 2386 niretEphesum.
1502 2336 1594 2374 Sunt
1611 2346 1731 2374 autem
1748 2338 1816 2376 illae
1828 2339 1934 2391 juxta
1947 2341 2154 2389 Caesaream,

72 2391 222 2444 Χριστὸν
242 2390 420 2429 ἐπίστευον
441 2385 558 2438 οὗτοι,
593 2391 697 2437 δῆλον
719 2393 758 2429 ἐκ
784 2393 845 2428 τοῦ
867 2392 975 2428 εἰπεῖν
991 2405 998 2413 ·
1033 2392 1097 2433 Εἰς
1165 2405 1199 2434 et
1214 2396 1319 2434 ultra.
1338 2397 1393 2434 Et
1418 2399 1563 2434 invenit
1582 2399 1770 2448 quosdam
1793 2400 2018 2451 discipulos,
2038 2404 2155 2441 dixit-

70 2451 127 2489 τὸν
148 2451 334 2504 ἐρχόμενον
357 2452 432 2503 μετ’
458 2451 562 2489 αὐτὸν
575 2482 584 2499 ,
603 2451 660 2489 ἵνα
684 2450 907 2490 πιστεύσωσι.
946 2451 1015 2489 Καὶ
1035 2453 1095 2489 οὐκ
1165 2471 1239 2509 que
1253 2460 1327 2495 eis:
1336 2458 1376 2495 Si
1388 2457 1572 2508 Spiritum
1587 2467 1765 2496 sanctum
1781 2463 1984 2512 accepistis
2001 2465 2155 2501 creden·

70 2505 180 2560 εἶπεν,
216 2512 310 2550 οὐδέν
339 2514 413 2550 ἐστι
441 2512 480 2549 τὸ
514 2512 700 2563 βάπτισμα
727 2511 910 2550 Ιωάννου·
941 2513 1018 2550 ἀλλ’
1040 2511 1093 2550 ὅτι
1163 2527 1239 2556 tes
1235 2523 1248 2547 ³
1265 2519 1371 2566 Quod
1384 2527 1503 2556 autem
1524 2519 1561 2555 hi
1587 2533 1656 2556 non
1683 2519 1863 2558 crederent
1892 2521 1928 2559 in
1956 2523 2152 2570 Christum,

71 2573 202 2615 ἀτελές
236 2572 306 2610 Καὶ
336 2571 413 2610 οὔδ’
440 2575 542 2609 τοῦτο
573 2571 830 2624 προσέθηκεν”
845 2573 977 2621 ἆπλως,
1011 2572 1092 2611 ἀλλ’
1116 2584 1139 2615 C
1162 2580 1281 2631 palam
1300 2589 1352 2617 est
1371 2593 1416 2617 ex
1436 2594 1490 2627 eo,
1510 2578 1607 2629 quod
1625 2578 1759 2628 dicant,
1779 2583 1829 2617 In
1849 2595 1949 2629 eum,
1973 2587 2040 2635 qui
2055 2599 2150 2622 ven-

68 2632 125 2671 ἳνα
145 2632 264 2685 διδαξῃ
286 2649 346 2671 Mt
366 2648 471 2684 πὶῑσῃ
494 2632 616 2677 ᾱῦτῡυς
638 2635 685 2676 Εἷς
704 2649 742 2670 το
760 2649 869 2685 Ονῡμα
889 2638 948 2672 τοῦ
972 2635 1089 2681 Ἰησοῦ
1162 2649 1268 2679 turus
1294 2649 1378 2678 erat
1401 2648 1488 2691 post
1519 2642 1665 2691 ipsum,
1694 2647 1736 2677 ut
1756 2642 1929 2679 credant.
1945 2644 2068 2693 Neque
2094 2644 2150 2682 di-

70 2696 322 2745 βαπτισθῆναι·
347 2694 364 2732 ὃ
391 2694 450 2732 καὶ
469 2698 618 2742 ποιοῦσι,
638 2695 698 2732 καὶ
716 2694 756 2732 τὸ
775 2697 922 2746 Πνεῦμα
945 2696 1089 2747 λαμὲά-
1159 2702 1225 2751 xit,
1238 2701 1337 2739 Nihil
1357 2710 1408 2739 est
1425 2701 1599 2752 baptisma
1618 2700 1788 2749 Joanni53
1804 2701 1880 2752 sed,
1899 2703 2149 2755 Imperfectum

67 2771 161 2794 νΟυσῑ
187 2771 230 2807 τῃ
252 2755 402 2794 ἕπῑθῑσέῑ
428 2771 496 2793 των
526 2771 654 2808 χεῑρων
684 2755 840 2794 Παύλου·
885 2756 1089 2801 Επῑθέντος
1157 2772 1220 2801 est.
1238 2764 1362 2813 Neque
1389 2762 1481 2800 illud
1506 2761 1582 2799 sine
1599 2775 1703 2799 causa
1727 2761 1882 2809 addidit,
1900 2764 1964 2801 sed
1984 2774 2023 2802 ut
2039 2765 2146 2804 doce-

66 2816 147 2869 γὰρ,
168 2817 292 2869 φησὶν,
323 2818 435 2861 αυτοῖς
453 2821 512 2855 τοῦ
534 2817 675 2856 Παύλου
698 2818 760 2861 τὰς
778 2824 918 2870 χεῖρας,
944 2813 1025 2865 ἦλθε
1046 2820 1085 2858 τὸ
1157 2832 1209 2861 ret
1228 2823 1458 2873 suaderetque
1477 2822 1541 2871 eis,
1555 2830 1594 2859 ut
1614 2821 1649 2859 in
1671 2822 1813 2859 nomine
1827 2824 1911 2862 Jesu
1925 2824 2143 2877 baptizaren-

67 2879 210 2928 Πνεῦμα
242 2879 282 2916 τὸ
309 2878 404 2929 ἅγιον
425 2877 481 2915 ἐπ
501 2878 631 2922 αυτούς.
658 2878 771 2916 ’Ώστε
788 2882 837 2922 οἷς
856 2879 1004 2917 ἐπετίθει
1024 2880 1085 2924 τὰς
1153 2893 1213 2922 tur
1234 2899 1242 2920 ε
1261 2883 1359 2934 quod
1377 2883 1485 2921 etiam
1502 2883 1647 2930 faciunt,
1662 2891 1696 2920 et
1710 2882 1885 2934 Spiritum
1899 2886 2078 2938 accipiunt
2100 2903 2144 2927 ex

65 2943 197 2990 χεῖρας,
216 2937 255 2975 τὸ
270 2939 417 2989 Πνεῦμα
433 2938 638 2989 ελάμὸανον.
658 2939 763 2983 Εἰκὸς
776 2939 888 2978 τοίνυν
905 2943 947 2986 ἠν
967 2942 1084 2979 Πνεῦ-
1156 2944 1381 2996 impositione
1414 2957 1585 2980 manuum
1619 2942 1735 2980 Pauli.
1758 2944 1855 2980 Cum
1886 2946 2140 2996 imposuisset,

66 3013 116 3048 μα
142 2998 202 3047 μὲν
236 2997 356 3042 αὐτοὺς
380 2999 471 3051 ἔχειν
484 3030 493 3047 ,
515 2999 563 3050 μὴ
584 2999 766 3052 φαίνεσθαι
783 3000 838 3039 δέ·
859 3001 938 3039 ἀλλ’
963 3004 1002 3039 ἐκ
1020 3005 1082 3049 τῆς
1156 3006 1285 3056 inquit,
1305 3007 1386 3043 illis
1403 3019 1540 3042 manus
1561 3004 1724 3050 Paulus,
1745 3007 1855 3041 venit
1870 3005 2032 3056 Spiritus
2051 3023 2141 3047 san-

65 3059 235 3111 ἐνεργείας
266 3059 325 3097 καὶ
351 3063 408 3112 ἀφ’
436 3055 482 3098 ὧν
509 3061 683 3113 γλώσσαις
705 3063 860 3112 ἐλάλουν,
887 3067 988 3102 τοῦτο
1009 3063 1081 3102 ἐνέ-
1154 3076 1238 3105 ctus
1268 3081 1383 3118 super
1409 3079 1483 3103 eos.
1510 3066 1634 3114 Itaque
1657 3064 1681 3101 ii
1702 3064 1877 3116 Spiritum
1901 3067 2137 3120 accipiebant,

64 3135 195 3172 φαινον-
1154 3129 1285 3179 quibus
1296 3141 1421 3165 manus
1438 3125 1859 3178 imponeIJat.Ve¹·isimile
1870 3126 1980 3178 igitur
1995 3139 2045 3167 est
2059 3131 2139 3170 illos

1153 3189 1330 3242 Spiritum
1344 3187 1525 3237 habuisse,
1546 3200 1609 3223 nec
1628 3186 1846 3237 apparuisse,
1866 3187 1933 3225 nisi
1952 3203 1997 3228 ex
2016 3205 2138 3243 opera-

1153 3253 1257 3302 tione,
1272 3261 1303 3289 et
1326 3266 1370 3288 ex
1385 3265 1425 3288 eo
1444 3248 1539 3300 quod
1560 3250 1786 3299 loquerentur
1803 3250 1948 3303 linguis.

106 3394 117 3408 ¹
142 3383 229 3416 Alius
247 3385 324 3419 οὗτοι
341 3387 370 3419 δὲ
387 3389 592 3432 ἀκριὸἑστερον
611 3391 682 3423 αὐτὸ
699 3392 869 3429 ἐξετίθεντο.
1172 3392 1188 3416 b
1215 3394 1314 3430 ἁπλῶς
1333 3387 1425 3422 deest.
1442 3389 1473 3421 iu
1491 3386 1700 3431 cwibuzxdam.
