2466 3805
293 228 376 271 108
730 241 767 271 S.

282 324 470 362 faciebant.
499 324 619 373 Neque
643 322 679 359 in
706 322 868 359 manibus
898 319 1036 358 tradere
1065 315 1255 357 audebant,

282 399 392 435 neque
411 397 491 422 cum
508 384 599 420 fastu
618 381 880 432 largiebantur3
899 379 960 416 sed
978 378 1026 415 ad
1045 376 1151 429 pedes
1173 376 1255 413 affe-

280 446 417 491 rebant,
433 453 466 481 et
484 443 563 480 illos
583 442 840 492 dispensatores
860 453 933 477 esse
951 439 1126 486 sinebant,
1143 436 1259 474 domi-

279 520 411 556 nosque
426 503 641 550 reddebant,
660 509 700 537 ut
719 500 818 550 quasi
833 514 877 538 ex
894 500 1143 537 communibus
1158 497 1259 535 dein-

280 579 358 617 ceps
384 565 656 609 insumerentur,
683 573 753 597 non
780 560 880 610 quasi
907 574 952 597 ex
976 558 1141 611 propriis.
1167 557 1262 595 Hinc
1283 560 1308 589 Β

277 634 393 663 autem
411 623 531 670 fiebat,
562 630 601 658 ut
633 635 702 658 non
734 635 824 659 vana
851 621 962 672 gloria
993 621 1259 658 extollerentur.

277 686 352 722 Hoc
369 683 397 721 si
414 696 507 720 nunc
522 695 661 732 quoque
676 681 789 727 fieret,
810 695 892 719 cum
909 681 1044 733 majore
1059 680 1264 719 viveremus

276 745 457 795 voluptate
486 752 519 781 et
544 743 673 781 divites
701 752 734 780 et
767 757 942 795 pauperes
965 759 972 779 :
998 757 1061 780 nec
1091 743 1263 794 majorem

276 804 510 857 pauperibus,
529 817 639 854 quam
668 803 843 842 djvitibus
872 803 940 841 hoc
973 805 1190 855 voluptatem
1210 803 1262 839 af-

276 867 394 904 ferret.
415 865 463 902 Et
478 864 507 902 si
522 865 653 917 placet,
673 865 743 902 hoc
761 878 922 903 sermone
950 865 1207 913 describamus,
1229 873 1263 902 et

275 927 360 964 hinc
389 926 608 977 voluptatem
640 925 887 978 decerpamus,
922 925 1063 976 quando
1094 926 1261 978 operibus

277 1001 347 1025 non
359 987 482 1025 vultis.
500 986 660 1024 Maxime
674 996 793 1025 autem
806 1000 848 1024 ex
864 986 936 1024 illis
952 987 1179 1025 manifestum
1197 996 1259 1035 est,

278 1062 356 1099 quae
383 1056 466 1084 tunc
489 1048 579 1085 facta
607 1056 689 1084 sunt
704 1063 715 1096 3
741 1047 825 1098 quia
853 1046 1044 1085 vendentes
1067 1060 1136 1084 non
1160 1046 1261 1097 egeni

278 1108 425 1157 fiebant,
448 1108 510 1145 sed
527 1117 560 1145 et
581 1121 753 1160 pauperes
768 1107 897 1145 divites
917 1107 1127 1145 reddebant.
1150 1108 1262 1144 Caete-

279 1184 360 1208 rum
373 1169 441 1207 hoc
458 1183 551 1207 nunc
580 1183 738 1207 sermone
769 1169 1012 1207 describamus
1033 1184 1041 1204 z
1061 1181 1182 1205 omnes
1199 1181 1262 1205 sua

279 1230 399 1268 omnia
425 1229 578 1268 vendant
602 1239 634 1267 et
664 1230 700 1267 in
724 1229 882 1267 medium
908 1230 1074 1277 afferant,
1106 1241 1264 1266 sermone
1287 1238 1312 1271 c

280 1290 382 1328 dico:
405 1304 506 1328 nemo
524 1290 686 1328 turbetur
711 1305 822 1341 neque
847 1289 967 1338 dives,
987 1303 1098 1340 neque
1118 1302 1262 1341 pauper.

282 1351 466 1398 Quantum
482 1361 583 1403 putas
601 1351 680 1388 auri
699 1351 885 1389 collectum
903 1350 976 1388 iri?
992 1349 1070 1401 Ego
1084 1363 1166 1387 sane
1183 1363 1264 1386 con-

278 1414 364 1466 jicio
382 1416 507 1464 (neque
523 1413 618 1450 enim
631 1412 670 1450 id
687 1422 779 1451 certo
796 1412 867 1450 djci
886 1416 1027 1464 potest),
1043 1411 1072 1449 si
1083 1410 1217 1462 singuli
1232 1419 1266 1448 et

283 1476 432 1528 singulae
459 1490 540 1513 suas
567 1490 686 1514 omnes
709 1476 768 1513 hic
792 1475 960 1528 pecunias
981 1483 1207 1523 evacuarent,
1237 1473 1266 1511 si

283 1553 407 1591 agros,
429 1539 683 1591 possessiones,
701 1539 825 1577 domos
845 1538 1022 1576 traderent
1039 1540 1175 1585 (servos
1197 1550 1267 1575 non

284 1599 457 1646 dixerim,
477 1613 589 1649 neque
615 1601 710 1637 enim
731 1609 814 1637 tunc
830 1608 950 1647 erant,
972 1598 1034 1636 sed
1062 1599 1208 1635 fortasse
1224 1598 1269 1636 li-

284 1661 387 1699 beros
412 1659 668 1709 dimittebant);
701 1660 819 1697 forsan
841 1659 956 1697 decies
988 1667 1130 1696 centena
1156 1657 1270 1696 millia

285 1722 462 1759 librarum
498 1721 577 1758 auri
608 1729 903 1772 congregarentur
911 1736 923 1769 3
957 1720 1029 1757 imo
1046 1729 1079 1757 et
1094 1719 1150 1757 bis
1175 1728 1272 1756 terve

105 1787 273 1813 Constans*
287 1783 450 1834 amplius.
482 1781 550 1819 Dic
572 1781 666 1819 enim
686 1781 775 1819 mihi
791 1810 800 1829 ,
816 1781 940 1819 civitas
961 1789 1080 1817 nostra
1099 1788 1271 1831 quantum

88 1826 187 1864 nopoli
203 1832 273 1864 quot

87 1878 165 1904 opes,
181 1878 273 1905 quan-

87 1915 132 1936 ius
173 1909 274 1946 populi
287 1906 396 1945 vultis
410 1920 483 1943 esse
499 1904 749 1943 Christianos?
772 1903 928 1942 vultisne
947 1917 1020 1941 csse
1034 1912 1174 1941 centum
1187 1903 1270 1940 mil-

86 1959 237 1977 numerus.

286 1846 568 1898 promiscuorum
586 1844 772 1882 hominum
785 1857 975 1881 numerum
989 1842 1171 1880 continet?
1187 1850 1274 1892 quot

286 1967 347 2005 le?
385 1975 540 2017 quantus
572 1979 740 2003 numerus
771 1964 958 2016 gentilium
982 1973 1016 2001 et
1040 1966 1061 2003 J
1065 1963 1274 2002 udaeorum'?

285 2037 373 2079 quot
385 2027 499 2065 millia
519 2026 596 2064 auri
611 2025 937 2076 congregarentur?
952 2033 1105 2075 quantus
1118 2039 1202 2063 vero
1223 2034 1274 2063 est

287 2101 483 2141 pauperum
493 2100 662 2124 numerus
672 2086 689 2123 Ξ)
698 2087 779 2124 Non
789 2094 877 2137 puto
895 2099 968 2123 esse
982 2099 1089 2137 supra
1099 2085 1273 2136 quinqua-

288 2150 385 2201 ginta
399 2149 524 2186 millia.
536 2149 611 2186 Hos
628 2162 713 2186 Vero
729 2147 887 2198 quotidie
901 2147 1006 2195 alere,
1026 2156 1157 2196 quanta
1172 2147 1273 2198 copia

288 2210 401 2248 foret?
420 2210 520 2246 Certe
539 2207 717 2246 communi
726 2207 805 2244 cibo
819 2215 852 2244 et
866 2206 1044 2243 communi
1059 2219 1177 2243 mensa
1187 2206 1274 2257 ipsis

289 2270 460 2323 apposita,
475 2283 544 2306 non
556 2277 689 2305 tantam
702 2276 787 2319 puto
800 2267 995 2319 impensam
1009 2267 1093 2303 fore.
1114 2266 1212 2311 Quid
1222 2281 1275 2304 er-

290 2345 346 2382 go,
365 2330 514 2380 inquies,
527 2328 656 2366 facturi
667 2342 820 2365 essemus
834 2327 997 2365 insumtis
1011 2327 1162 2378 opibus.o
1175 2329 1275 2365 Tune

290 2401 393 2444 putas
408 2404 507 2443 posse
522 2404 690 2440 umquam
711 2387 868 2426 insumi?
889 2401 1003 2424 annon
1020 2387 1149 2424 millies
1163 2388 1276 2424 abun-

291 2452 432 2490 dantior
443 2451 556 2503 gratia
566 2450 634 2488 Dei
651 2458 737 2487 esset
752 2449 768 2486 .⁰
791 2462 908 2485 annon
922 2448 1066 2499 largiter
1083 2447 1195 2498 gratia
1210 2448 1276 2485 Dei

291 2512 557 2551 effunderetur?
568 2511 668 2557 Quid
674 2510 783 2549 vero?
797 2523 913 2547 annon
923 2518 1053 2546 terram
1060 2509 1277 2546 efficeremus
1301 2502 1325 2531 E

291 2574 444 2612 caelum?
457 2573 496 2611 Si
511 2572 551 2610 id
565 2573 599 2609 in
611 2571 725 2609 tribus
736 2570 894 2608 millibus
907 2579 940 2607 et
953 2569 1108 2620 quinque
1119 2569 1278 2607 millibus

290 2638 338 2674 ita
347 2635 497 2683 refulsit,
506 2643 540 2672 et
549 2634 667 2671 nullus
677 2646 798 2671 eorum
808 2631 852 2669 de
859 2639 1063 2683 paupertate
1070 2639 1278 2681 conquestus

291 2707 353 2745 est,
366 2705 496 2747 quanto
509 2695 623 2746 magis
636 2694 672 2731 in
685 2702 782 2731 tanta
794 2692 1054 2747 multitudine?
1073 2691 1153 2742 quis
1175 2691 1278 2729 etiam

291 2767 516 2796 externorum
534 2770 602 2794 non
621 2754 758 2806 aliquid
774 2754 960 2805 adjiceret?
971 2754 1022 2791 Ut
1035 2761 1151 2790 autem
1165 2761 1280 2791 osten-

293 2819 387 2868 dam,
399 2818 448 2856 sic
467 2817 652 2855 distractas
665 2829 747 2867 opes
763 2813 877 2865 magis
897 2813 1070 2865 expendi,
1087 2822 1120 2850 et
1128 2827 1280 2865 pauper-

293 2880 375 2918 tatis
389 2893 533 2917 causam
545 2891 617 2915 esse
633 2893 641 2913 :
659 2877 703 2914 sit
716 2875 857 2923 domus,
873 2874 937 2912 ubi
951 2874 1020 2912 sint
1039 2874 1141 2926 pueri
1160 2873 1280 2911 decem

294 2950 328 2979 et
345 2955 437 2979 uxor
452 2949 486 2977 et
498 2939 578 2989 vir,
597 2947 630 2976 et
652 2937 713 2975 illa
731 2935 879 2987 quidem
903 2935 1061 2973 lanificio
1079 2935 1278 2985 incumbat,

295 3002 355 3039 ille
377 3015 461 3040 vero
478 3000 620 3038 deforis
644 3006 838 3051 proventus
861 2997 986 3035 afferat
1004 3012 1011 3032 :
1030 2995 1089 3034 dic
1114 2997 1217 3046 mihi,
1236 3010 1281 3034 an

1303 3031 1335 3056 94

805 239 982 270 JOANNIS
1018 235 1256 267 CHRYSOST·
1296 235 1500 265 ARCHIEP.
1538 236 1890 267 CONSTANTINOP.

1327 315 1458 367 ἔφερον,
1478 318 1537 356 καὶ
1558 318 1679 362 αὐτοὺς
1707 318 1904 368 οἰκονόμους
1929 316 2074 368 ἠφίεσαν
2099 316 2269 367 γίνεσθαι,
2287 318 2345 355 καὶ

1328 376 1464 428 κυρίους
1480 378 1629 427 ἐποίουν,
1647 378 1704 417 ἵνα
1724 381 1770 423 ὡς
1789 380 1829 416 ἐκ
1855 380 1978 416 κοινῶν
2004 377 2124 415 λοιπὸν
2152 377 2346 423 ἀναλίσκη-

1329 453 1408 486 ται,
1428 438 1517 476 ἀλλὰ
1538 439 1586 490 μὴ
1607 443 1653 483 ὡς
1669 439 1703 484 ἐξ
1720 438 1828 477 ἰδίων.
1849 440 1963 476 Τοῦτο
1976 437 2036 475 καὶ
2055 437 2140 489 πρὸς
2159 438 2198 475 τὸ
2220 437 2268 487 μὴ
2285 452 2347 475 κε-

1331 497 1476 541 νοδοξεῖν
1498 498 1620 543 αὐτοὺς
1643 499 1887 537 συνεὸάλλετο.
1909 498 2024 536 Τοῦτο
2057 499 2086 536 εἷ
2111 497 2170 535 καὶ
2200 501 2259 535 νῦν
2293 497 2349 548 γέ-

1332 574 1432 609 γονε,
1452 560 1542 610 μετὰ
1560 559 1716 603 πλείονος
1748 560 1788 598 ἂν
1818 563 1882 606 τῆς
1912 560 2036 605 ἡδονῆς
2061 558 2269 609 ἓὸιώσαμεν,
2292 559 2351 596 καὶ

1333 619 1492 657 πλούσιοι
1512 620 1570 658 καὶ
1589 620 1746 668 πένητες.
1765 621 1818 658 O&
1837 625 1908 663 τοῖς
1934 619 2060 665 πένησι
2088 618 2123 656 δὲ
2144 621 2289 668 μᾶλλον,
2307 619 2350 664 ³41

1334 685 1405 722 τοῖς
1429 679 1607 723 πλουσίοις
1623 684 1724 719 τοῦτο
1756 680 1874 732 ἔφερεν
1901 680 1940 716 ἂν
1967 678 2030 725 τὴν
2067 679 2205 725 ἡδονήν.
2232 680 2303 717 Καὶ
2323 683 2351 718 εἷ

1337 739 1473 790 βούλει,
1491 740 1576 783 τέως
1589 741 1850 792 ὖπογράψωμεν
1867 739 1952 776 αὐτὸ
1969 741 2019 790 τῷ
2035 738 2127 790 λόγῳ
2138 767 2147 785 ,
2166 739 2226 776 καὶ
2241 739 2350 790 ταύτῃ

1334 801 1605 852 καρπωσώμεθα
1623 802 1686 848 τὴν
1706 801 1846 848 ἡδονὴν,
1866 799 1985 846 ἐπειδὴ
2007 801 2040 837 ἐν
2062 799 2173 850 ἔργοις
2200 801 2238 837 οὐ
2267 800 2352 851 βού-

1333 864 1444 900 λεσθε.
1470 862 1636 900 Μάλιστα
1663 861 1725 913 μὲν
1746 861 1814 914 γὰρ
1847 860 1908 899 καὶ
1935 860 1967 904 ἐξ
1996 859 2134 897 ἐκείνων
2161 861 2262 906 δῆλον
2285 863 2352 898 τῶν

1332 922 1410 960 τότε
1447 923 1654 974 γενομένων,
1687 923 1740 961 ὅτι
1770 925 1966 964 πωλοῦντες
1993 923 2055 959 οὐκ
2086 915 2175 967 ἦσαν
2210 922 2353 969 ἐνδεεῖς,

1335 984 1425 1022 ἀλλὰ
1445 985 1503 1022 καὶ
1520 984 1599 1027 τοὺς
1615 984 1766 1030 πένητας
1780 982 1965 1026 πλουσίους
1981 982 2128 1020 ἐποίουν.
2146 981 2247 1028 Πλὴν
2264 982 2353 1020 ἀλλὰ

1334 1045 1393 1082 καὶ
1411 1050 1470 1082 νῦν
1492 1045 1751 1097 ὓπογράψωμεν
1771 1048 1871 1082 τοῦτο
1887 1045 1937 1095 τῷ
1957 1042 2070 1095 λόγῳ,
2091 1041 2150 1080 καὶ
2167 1041 2293 1086 πάντες
2311 1043 2356 1081 τὰ

1335 1108 1447 1143 αὐτῶν
1466 1105 1692 1144 πωλείτωσαν
1719 1104 1833 1142 πάντα
1845 1135 1854 1152 ,
1880 1103 1940 1141 καὶ
1957 1102 2154 1156 φερέτωσαν
2175 1105 2222 1145 εἷς
2238 1103 2354 1152 μέσον,

1333 1169 1382 1218 τῷ
1400 1166 1493 1216 λόγῳ
1517 1164 1627 1216 λέγω·
1660 1164 1779 1215 μηδεὶς
1803 1164 2012 1216 Οορυὸείσῦω
2027 1193 2037 1210 ,
2060 1163 2148 1214 μήτε
2172 1163 2356 1209 πλούσιος,

1337 1226 1427 1277 μήτε
1452 1225 1570 1272 πένης.
1596 1225 1712 1262 Πόσον
1747 1226 1810 1262 οἴει
1845 1225 1986 1277 χρυσίον
2017 1224 2242 1274 συνάγεσθαι,
2263 1223 2357 1275 Ἐγὼ

1337 1287 1551 1339 στοχάζομαι
1573 1286 1633 1332 (οὔ
1649 1285 1717 1339 γὰρ
1743 1285 1783 1333 δὴ
1815 1286 1902 1335 μετὰ
1922 1283 2101 1336 ἀκριὲείας
2131 1284 2271 1321 δυνατὸν
2305 1285 2357 1321 εἷ-

1337 1350 1457 1395 πεῖν),
1479 1347 1532 1385 ὅτι
1552 1348 1581 1384 εἷ
1611 1346 1738 1389 πάντες
1769 1345 1828 1384 καὶ
1851 1352 1962 1384 πᾶσαι
1987 1344 2032 1382 τὰ
2067 1347 2177 1382 αὐτῶν
2212 1347 2359 1382 ἐνταῦθα

1338 1408 1509 1447 ἕκένωσαν
1536 1407 1706 1460 χρήματα
1718 1437 1728 1455 ,
1747 1406 1807 1444 καὶ
1824 1406 1939 1460 χωρία
1958 1407 2017 1444 καὶ
2047 1405 2214 1455 κτήματα
2235 1405 2294 1442 καὶ
2311 1407 2358 1442 οἷ-

1339 1468 1416 1512 κίας
1436 1468 1603 1507 ἀπέδοντο
1625 1467 1851 1519 (ἀνδράποδα
1867 1467 1934 1519 γὰρ
1957 1469 2019 1505 οὐκ
2047 1466 2086 1503 ἂν
2108 1467 2260 1516 εἴποιμι·
2279 1465 2355 1504 οὐδὲ

1339 1529 1406 1581 γὰρ
1425 1529 1503 1568 τότε
1527 1533 1626 1568 τοῦτο
1644 1523 1699 1576 ἦν,
1718 1528 1823 1566 ι’ἀλλ’
1845 1528 2041 1580 ἐλευθέρους
2062 1527 2144 1570 ἴσως
2168 1526 2357 1579 ἐπέτρεπον

1341 1591 1532 1642 γίνεσθαι)·
1551 1590 1645 1641 τάχα
1673 1589 1712 1627 ἂν
1738 1588 1860 1627 ἑκατὸν
1886 1589 2048 1640 μυριάδες
2067 1589 2194 1639 λιτρῶν
2216 1587 2361 1640 χρυσίου

1343 1652 1586 1704 συνήχθησαν·
1608 1652 1738 1702 μᾶλλον
1770 1650 1805 1689 δὲ
1838 1650 1898 1688 καὶ
1931 1651 1982 1693 δὶς
2008 1649 2068 1687 καὶ
2090 1648 2163 1701 τρὶς
2195 1653 2359 1686 τοσαῦτα.

1344 1712 1432 1751 Εἰπὲ
1450 1713 1517 1764 γάρ
1539 1727 1617 1763 μοι,
1634 1715 1655 1758 4,
1675 1711 1774 1754 πόλις
1793 1714 1877 1761 ἡμῖν
1899 1713 1945 1753 εἷς
1971 1709 2076 1748 πέσον
2104 1709 2259 1761 μιγάδων
2284 1711 2362 1760 ἀρι-

1344 1774 1429 1824 Ομὸν
1449 1778 1504 1811 νῦν
1524 1776 1635 1820 τελεῖ,
1651 1772 1778 1815 πόσους
1808 1771 1971 1823 βούλεσθε
2002 1765 2088 1808 εἶναι
2117 1770 2362 1822 Χριστιανούς,

1350 1834 1511 1885 βούλεσθε
1538 1833 1621 1872 δέκα
1646 1832 1837 1884 μυριάδας,
1857 1832 1896 1870 τὸ
1918 1831 1954 1869 ’δὲ
1987 1832 2072 1869 ἄλλο
2091 1830 2270 1877 Ἑλλήνων
2305 1831 2363 1867 καὶ

1345 1894 1543 1940 Ἰουδαίων;
1578 1893 1686 1932 πόσαι
1719 1892 1904 1945 ομυριάδες
1932 1891 2076 1944 χρυσίου
2111 1890 2364 1942 συνελέγησαν,

1345 1954 1450 1997 πόσος
1484 1954 1520 1992 δὲ
1550 1953 1694 2006 ἀριθμός
1723 1955 1796 1991 ἐστι
1825 1952 2004 1999 πενήτων,
2027 1953 2104 1990 Οὔκ
2133 1945 2230 2001 οἶμαι
2257 1951 2362 1989 πλέον

1347 2016 1522 2068 μυριάδων
1548 2014 1664 2052 πέντε.
1684 2014 1836 2057 Τούτους
1870 2013 1910 2060 δὴ
1946 2015 2022 2050 καθ’
2059 2011 2208 2058 ἑκάστην
2230 2012 2364 2063 ἡμέραν

1345 2078 1548 2129 τρέφεσθαι,
1565 2076 1658 2122 πόση
1679 2074 1825 2128 ἀφθινία
1846 2069 1906 2122 ἦν,
1934 2075 2082 2112 Μᾶλλον
2106 2073 2142 2111 δὲ
2170 2077 2287 2119 κοινῆς
2304 2076 2366 2119 τῆς

1345 2139 1473 2188 τροφῆς
1483 2134 1667 2186 γινομένης
1678 2166 1687 2182 ,
1699 2134 1758 2172 καὶ
1773 2133 1943 2172 συσσίτων
1956 2133 2076 2179 ὄντων,
2091 2131 2168 2170 οὐδὲ
2181 2133 2249 2171 πολ
2272 2135 2313 2178 ἧς
2326 2131 2366 2169 ἂν

1346 2196 1464 2242 ἐδέησε
1485 2195 1654 2242 δαπάνης.
1667 2194 1715 2233 Τί
1725 2189 1794 2242 οῧν,
1809 2194 1926 2246 φησὶν,
1944 2193 2136 2244 ἐμέλλομεν
2155 2197 2266 2229 ποιεῖν
2279 2192 2368 2242 μετὰ

1345 2255 1384 2292 τὸ
1409 2257 1651 2304 ἀναλωθῆναι,
1672 2254 1722 2292 Σὺ
1741 2254 1804 2293 οἴει
1825 2256 2013 2300 δυνηθῆναι
2027 2252 2247 2297 ἀναλωθῆναί
2262 2268 2365 2299 ποτε;

1346 2318 1382 2353 οὖ
1396 2315 1463 2368 γὰρ
1483 2316 1523 2354 ἂν
1540 2314 1800 2366 μυριοπλασίων
1818 2318 1839 2360 ἦ
1859 2318 1918 2352 τοῦ
1939 2316 2031 2353 Θεοῦ
2050 2314 2154 2366 χάρις
2169 2314 2308 2364 γέγονε;
2329 2316 2366 2352 οὐ

1345 2376 1413 2427 γὰρ
1427 2375 1601 2418 πλουσίως
1622 2376 1660 2412 ἂν
1680 2379 1702 2421 ἠ
1721 2379 1781 2412 τοῦ
1808 2376 1900 2412 Θεοῦ
1926 2374 2027 2426 χάρις
2056 2373 2221 2425 ἐξεχύθη;
2239 2373 2287 2411 Τί
2310 2375 2365 2421 δέ,

1348 2441 1409 2476 οὐκ
1426 2436 1466 2475 ἂν
1486 2436 1628 2488 οὐρανὸν
1651 2436 1864 2486 ἐποιήσαμεν
1880 2435 1944 2481 τὴν
1963 2437 2028 2485 γῆν
2039 2451 2049 2482 3
2072 2436 2116 2473 Εἰ
2134 2434 2213 2472 ἔνθα
2234 2450 2340 2486 τρισχ
2344 2435 2369 2472 ί-

1347 2499 1415 2535 λιοι
1458 2496 1517 2534 καὶ
1546 2495 1840 2548 πεντακισχίλιοι,
1883 2500 1983 2533 τοῦτο
2028 2494 2209 2547 γενόμενον
2262 2495 2369 2538 οὕτως

1537 2557 1595 2594 καὶ

1348 2558 1504 2609 ἔλαμψε

1627 2557 1735 2599 οὐδεὶς
1767 2559 1877 2594 αὐτῶν
1908 2555 2029 2594 πενίαν
2060 2556 2249 2607 ᾐτιάσατο,
2270 2557 2369 2609 πόσῳ

1351 2621 1481 2670 μᾶλλον
1506 2620 1540 2655 ἓν
1564 2617 1716 2670 τοσούτῳ
1738 2617 1886 2664 πλήθει,
1916 2617 1968 2661 τίς
1997 2616 2032 2655 ’δὲ
2062 2619 2124 2655 οὔκ
2152 2616 2191 2654 ἂν
2214 2618 2273 2655 καὶ
2300 2621 2368 2656 τῶν

1798 2677 1918 2691 «ΧΝΙΫ
1989 2677 2004 2692 r]

1350 2679 1471 2723 ἔξωθεν
1487 2679 1657 2717 ἐπέδωκεν
1673 2694 1682 2724 ;
1702 2677 1779 2715 Ἵνα
1795 2689 1829 2714 οε
1849 2691 1949 2721 οειςω
1961 2708 1971 2725 ,
1984 2694 2037 2715 οτι
2056 2677 2072 2697 ‘¹
2084 2677 2124 2715 τὸ
2142 2677 2368 2724 διεσπάσθαι,

1350 2743 1451 2778 τοῦτο
1481 2739 1677 2790 δαπανηρὸν
1698 2738 1757 2776 καὶ
1784 2738 1903 2781 πενίας
1924 2738 2120 2784 ποιητικὸν,
2138 2737 2227 2775 ἔστω
2255 2737 2368 2784 οἰκία,

1352 2802 1431 2840 ἔνθα
1442 2799 1565 2838 παιδία
1580 2798 1664 2836 δέκα
1682 2799 1741 2836 καὶ
1756 2798 1842 2849 γυνὴ
1859 2798 1918 2836 καὶ
1933 2798 1997 2844 ἀνὴ
2005 2814 2033 2850 ρ,
2046 2797 2105 2835 καὶ
2117 2800 2138 2843 ἡ
2158 2797 2220 2848 μὲν
2237 2799 2371 2849 ἐριουρ-

1352 2861 1512 2913 γείτω,’ὁ
1532 2859 1567 2897 δὲ
1589 2858 1710 2903 ἔξωθεν
1729 2858 1861 2910 φερέτω
1880 2857 2087 2910 προσόδους·
2112 2858 2187 2895 εἰπὲ
2219 2859 2260 2905 δή
2290 2875 2370 2909 μοι,

1353 2917 1446 2962 οὗτοι
1481 2923 1578 2972 κοινῇ
1619 2919 1833 2970 σιτούμενοι,
1871 2917 1930 2957 καὶ
1959 2918 2040 2969 μίαν
2079 2918 2215 2970 ἔχοντες
2247 2920 2371 2967 οἰκίαν,

1379 2991 1390 3000 «
1424 2989 1432 3003 ι
1517 2987 1533 3001 -λ
1591 2989 1601 3002 a
1649 2985 1685 3024 λ]
1769 3001 1781 3008 ρ
1835 3002 1842 3008 ‚
1891 2986 1906 2998 κ
2072 2984 2081 2996 r
2169 3001 2176 3007 ·
2214 2985 2281 3009 ,vm-

1352 3001 1495 3028 πλειονα
1517 3002 1556 3025 αν
1583 3002 1648 3025 ανα
1675 3001 1816 3034 ισκοιεν,
1837 2986 1857 3031 ἢ
1888 2988 2178 3033 οιασπασθεντες,
2200 2987 2371 3035 Ευοηλον,

300 3063 353 3100 illi
383 3062 419 3099 in
451 3060 631 3100 communi
660 3059 819 3098 viventes
854 3067 888 3096 et
911 3057 947 3095 in
974 3071 1043 3095 una
1072 3056 1204 3107 domo,
1237 3071 1281 3095 an
1306 3068 1332 3097 Α
1353 3055 1405 3094 ὅτι
1431 3052 1710 3095 διασπασθέντες.
1738 3053 1782 3090 Εἰ
1810 3051 1877 3102 γὰρ
1912 3051 2068 3102 μέλλοιεν
2091 3051 2297 3090 διεσπάσθαι
2329 3052 2371 3090 τὰ

341 3198 352 3211 ¹²
370 3186 484 3220 morel.
501 3192 517 3224 ἡ
535 3190 600 3224 τοὺς
617 3189 767 3222 πλουσίους
782 3188 879 3217 τοῦτο.
897 3181 1011 3214 Melius
1029 3180 1083 3214 alil
1099 3187 1116 3220 ἣ
1134 3190 1193 3219 τοῖς
1207 3184 1298 3216 πλου-

298 3247 374 3277 σίοις.
393 3240 483 3281 [Mox
500 3240 540 3271 D.
553 3241 649 3276 ἐπειδὴ
667 3245 725 3275 τοῖς
741 3235 862 3282 effe-sous]

342 3293 357 3315 ἱ·
375 3291 437 3331 [D.
458 3294 505 3322 καὶ
523 3295 635 3334 κυρίους
652 3298 707 3322 τῶν
731 3292 841 3321 ἑαυτῶν
856 3291 958 3331 &tt-:rp-
978 3285 1047 3326 7121]-

342 3353 352 3365 k*
370 3341 462 3372 Unus
479 3338 561 3372 COd.
581 3342 720 3384 μυριάῦες
748 3345 781 3372 ἂν
797 3354 872 3384 χιουσ
889 3352 929 3370 ου-

343 3395 354 3411 ·¹
373 3391 432 3424 Alii
457 3399 488 3425 τὸ
510 3395 726 3432 διεσπασμένον.
747 3391 826 3430 Quae
852 3389 891 3420 de
915 3388 1111 3431 pauperibus
1130 3389 1297 3420 Constan-

1366 3177 1596 3221 tinopolitanis
1627 3175 1753 3209 alendis
1784 3176 1838 3208 hic
1864 3175 2021 3208 dicuntur
2035 3202 2043 3215 ‚
2074 3175 2193 3208 similia
2226 3183 2303 3207 sunt
2335 3174 2372 3207 iis

1367 3243 1439 3274 quae
1467 3230 1507 3262 de
1524 3227 1721 3272 pauperibus
1744 3227 1956 3260 Antiochenis
1981 3240 2080 3270 supra
2097 3227 2227 3260 dixerat
2254 3227 2372 3260 Homi-

1361 3282 1403 3314 lia
1420 3283 1539 3316 LXVI.
1559 3283 1591 3313 in
1611 3279 1821 3319 Mammam,
1836 3281 1944 3312 Tomo
1962 3282 1994 3313 7.
2013 3279 2078 3312 Ubi
2096 3278 2250 3312 advertas
2273 3278 2369 3322 longe

1364 3336 1522 3378 majorem
1539 3333 1637 3365 fuisse
1654 3343 1835 3375 pauperum
1859 3342 2031 3364 numerum
2056 3330 2369 3374 Constantinopoli,

1365 3399 1463 3430 quam
1482 3384 1678 3419 Antiochiae.
