2502 3810
782 250 823 279 m
863 249 1004 278 EPIST-

147 333 255 383 λέγων
272 331 378 383 μηδὲν
394 330 647 381 ἡμαρτηκέναι.
663 330 751 382 Πρὶν
771 330 793 376 ἢ
809 330 876 382 γὰρ
895 333 1001 369 ἐλθεῖν
1015 328 1077 374 τὴν
1097 329 1160 365 δω-

149 393 240 445 ρεὰν,
254 391 429 435 ἀποδεῖξαι
450 391 536 428 ἔδει·
552 389 717 436 ἐλθούσης
735 390 791 438 δὲ,
811 393 872 428 οὐκ
893 390 933 428 ἃν
952 389 1026 441 ἔχοι
1041 388 1160 440 καιρὸν

146 457 342 504 καυχᾶσθαι
359 451 490 489 λοιπόν.
506 450 555 489 ζῸ
577 451 618 497 δὴ
635 451 693 489 καὶ
710 452 766 489 ἐπὶ
785 454 852 489 τῶν
871 451 1046 488 Ἰουδαίων
1062 449 1162 500 γε’γο-

145 529 213 551 νεν.
226 512 371 558 Ἐπειδὴ
387 512 454 564 γὰρ
469 513 597 550 οἴκοθεν
609 506 695 558 ἦσαν
710 511 974 563 προδεδομένοι,
992 510 1047 547 διὰ
1062 514 1162 547 τοῦτο

146 573 392 624 παραγέγονεν,
420 573 513 623 αὐτῷ
540 574 590 623 τῷ
626 572 882 623 παραγενέσθαι
910 570 972 617 τὴν
990 569 1161 621 καύχησιν

145 636 306 686 ἀναιρῶν.
328 633 372 671 ‘O
389 633 455 685 γὰρ
471 633 579 683 λέγων
602 633 807 674 διδάσκαλος
829 626 915 669 εωῖναι
936 631 1080 678 νηπίων,
1103 630 1161 668 καὶ

146 696 180 732 ἐν
212 697 261 745 τῷ
290 693 386 745 νόμῳ
410 692 655 744 καυχώμενος,
688 692 746 730 καὶ
779 691 965 738 παιδευτὴν
1004 690 1160 742 ἀφρόνων

146 754 265 792 ἑαυτὸν
288 753 476 802 ὀνομάζων,
501 753 627 802 ὁμοίως
650 753 789 796 ἐκείνοις
811 752 942 799 δεηθεὶς
974 756 1031 789 τοῦ
1062 749 1160 788 διδά-

146 814 262 859 ξαντος
281 814 340 851 καὶ
356 813 549 859 σώσαντος,
567 816 628 851 οὐκ
645 813 683 850 ἂν
700 813 773 865 ἔχοι
789 817 848 850 τοῦ
865 815 1061 862 καυχᾶσθαι
1077 811 1162 862 πρό-

144 890 260 927 φασιν.
276 876 320 912 Εἰ
339 874 405 925 γὰρ
421 873 480 911 καὶ
495 874 561 925 πρὸ
575 873 693 912 τούτου
715 877 734 919 ἡ
755 871 927 923 περιτομὴ
945 870 1160 921 ἀκροὲυστία

145 936 299 987 ἐγένετο,
322 936 440 986 πολλῷ
462 935 592 984 μᾶλλον
619 937 676 971 νῦν
692 949 700 957 ·
735 933 794 970 καὶ
829 931 895 983 γὰρ
925 931 960 974 ἐξ
986 930 1162 982 ἑκατέρων

144 1002 157 1017 ¹¹
172 995 380 1040 ἐκὲέὸληται
397 997 465 1031 τῶν
485 997 628 1045 καιρῶν.
645 992 766 1030 Εἰπὼν
781 991 834 1037 δὲ,
855 991 907 1028 ὅτι
919 990 1139 1037 Ἔξεκλείσθη
1152 1019 1161 1035 ,

144 1054 292 1092 δείκνυσι
321 1054 379 1091 καὶ
407 1056 492 1095 πῶς.
527 1055 608 1095 Πῶς
630 1047 687 1090 οὖν
713 1051 931 1097 ἐξεκλείσθη,
965 1050 1073 1101 φησί,
1093 1051 1161 1088 Διὰ

144 1114 242 1152 ποίου
258 1114 379 1163 νόμους
407 1116 475 1150 τῶν
496 1113 625 1164 ἔργων,
653 1112 765 1164 Οὐχὶ,
796 1112 885 1150 ἀλλὰ
906 1111 962 1149 διὰ
981 1111 1088 1162 νόμου
1103 1111 1160 1148 πί-

145 1189 262 1217 στεως.

197 1652 287 1691 Ἰδοὺ
309 1652 367 1690 καὶ
386 1650 447 1698 τὴν
464 1650 579 1688 πίστιν
598 1649 700 1701 νόμον
717 1648 892 1697 ἐκάλεσεν,
908 1651 1159 1702 ἓμφιλοχωρῶν

143 1721 212 1756 τοῖς
223 1713 400 1764 ὀνόμασιν,
411 1711 501 1751 ὥστε
515 1715 796 1762 παραμυθεῖσθαι
809 1710 872 1757 τὴν
889 1712 1053 1749 δοκοῦσαν
1071 1705 1160 1748 εἶναι

144 1772 453 1824 καινοτομίαν.Τίς
468 1771 530 1809 δὲὸ
545 1775 607 1818 τῆς
623 1771 773 1814 πίστεως
791 1771 917 1821 νόμος,
935 1771 1003 1809 Διὰ
1017 1771 1161 1822 χάριτος

144 1834 504 1878 σώζεσθαι.Ἐνταῧθα
519 1834 558 1870 τὸ
569 1833 710 1871 δυνατὸν
727 1832 878 1870 δείκνυσι
897 1837 955 1870 τοῦ
971 1834 1061 1871 Θεοῦ
1075 1863 1084 1880 ,
1107 1831 1159 1870 ὅτι

144 1896 182 1933 οὗ
203 1895 302 1944 μόνον
316 1894 457 1941 ἔσωσεν,
473 1893 562 1932 ἀλλὰ
574 1893 632 1930 καὶ
651 1892 833 1931 ἐδικαίωσε
847 1893 905 1930 καὶ
924 1895 970 1936 εἷς
986 1893 1158 1945 καύχησιν

142 1955 264 2006 ἤγαγε,
288 1955 346 1992 καὶ
367 1954 441 1992 οὐδὲ
461 1953 568 2005 ἔργων
587 1953 737 2001 δεηθεὶς,
763 1952 853 1991 ἀλλὰ
871 1952 986 1991 πίστιν
1009 1953 1161 2000 ζητήσας

144 2015 258 2065 μόνον.
286 2017 407 2053 Ταῦτα
425 2014 460 2052 δὲ
475 2013 588 2065 λέγει,
604 2014 662 2051 καὶ
677 2014 735 2052 τὸν
748 2013 982 2052 πιστεύσαντα
996 2014 1159 2051 Ἰουδαῖον

144 2076 337 2127 μετριάζειν
359 2075 651 2127 παρασκευάζων,
680 2074 738 2112 καὶ
768 2074 824 2112 τὸν
860 2074 907 2126 μὴ
927 2074 1161 2113 πιστεύσαντα

143 2136 399 2181 καταστέλλων,
420 2134 509 2172 ὥστε
532 2135 633 2172 αὐτὸν
651 2134 916 2186 ἓφελκύσασθαι.
946 2133 990 2173 Ὁ
1013 2134 1074 2185 μὲν
1093 2134 1159 2186 γὰρ

142 2196 262 2238 σωθεὶς
275 2225 285 2243 ,
306 2196 345 2232 ἂν
366 2195 456 2246 μέγα
478 2197 584 2246 φρονῇ
604 2197 654 2246 τῷ
673 2195 770 2246 νόμῳ
791 2194 995 2247 προσέχων,
1015 2194 1161 2232 ἀκούσε-

140 2273 198 2294 ται
217 2256 269 2293 ὅτι
287 2256 388 2299 αὐτὸς
405 2258 509 2293 αὐτοῦ
531 2255 570 2292 τὸ
589 2254 702 2304 στόμα
717 2254 911 2306 ἐνέφραξεν,
933 2255 1034 2298 αὐτὸς
1054 2256 1159 2293 αὐτοῦ

139 2316 391 2368 κατηγόρησεν,
406 2316 507 2358 αὐτὸς
531 2316 634 2353 αὐτοῦ
646 2314 708 2361 τὴν
729 2315 905 2367 σωτηρίαν
926 2315 1160 2366 ἀπηγόρευσε,

138 2377 246 2415 καὶτὸ
260 2377 426 2429 καύχημα
436 2376 636 2420 ἐξέκλεισεν·
650 2379 668 2413 ὁ
684 2375 777 2426 δὲμὴ
791 2375 978 2419 πιστεύσας
988 2377 1091 2414 πάλιν
1104 2377 1161 2414 διὰ

138 2440 205 2475 τῶν
221 2440 331 2474 αὐτῶν
350 2436 479 2475 τούτων
490 2436 976 2488 ταπεινωθεὶς,προσαχθῆναι
988 2440 1031 2488 τῇ
1044 2436 1160 2475 πίστει

139 2498 336 2543 δυνήσεται.
348 2491 447 2539 Εἶδες
463 2496 553 2543 πόση
573 2499 635 2543 τῆς
650 2496 799 2539 πίστεως
825 2500 846 2543 ἡ
867 2497 1050 2549 περιουσία
1065 2514 1074 2545 3
1087 2500 1161 2541 πῶς

142 2557 316 2602 ἀπέστησε
340 2560 408 2594 τῶν
425 2556 616 2608 προτέρων,
646 2557 734 2607 μηδὲ
750 2561 949 2608 καυχᾶσθαι
973 2560 1027 2595 ἐπ’
1045 2561 1161 2602 αὐτοῖς

139 2618 282 2668 &oziau
310 2616 525 2668 Λογιζόμεθα
544 2611 600 2655 οἶν
615 2617 731 2655 πίστει
754 2619 1159 2671 δικαιοῦσθαιᾶνθρωπον

138 2678 245 2729 χωρὶς
267 2677 376 2728 ἔργων
402 2676 613 2726 νόμου.“Οτε
635 2677 758 2722 ἔδειξεν
772 2678 963 2731 ἀνωτέρους
980 2680 1080 2723 ὄντας
1092 2680 1160 2718 ἀπὸ

138 2741 201 2784 τῆς
217 2738 366 2780 πίστεως
386 2740 453 2775 τῶν
473 2737 663 2786 Ἰουδαίων,
683 2738 762 2777 τότε
779 2740 898 2778 λοιπὸν
923 2740 1012 2790 μετὰ
1029 2743 1160 2788 πολλῆς

139 2801 200 2845 τῆς
212 2798 408 2850 παρρησίας
421 2799 480 2836 καὶ
495 2799 575 2851 περὶ
588 2801 694 2845 αὐτῆς
711 2800 982 2852 διαλέγεται,καὶ
993 2801 1031 2839 τὸ
1041 2804 1159 2840 δοκοῦν

139 2860 283 2896 ἐνταῦθα
303 2859 469 2911 θορυὸεῖν,
488 2859 592 2897 πάλιν
614 2862 720 2897 ἰᾶται.
733 2860 802 2898 Καὶ
819 2860 886 2913 γὰρ
907 2861 966 2900 δύο
983 2866 1096 2900 ταῦτα
1117 2863 1160 2900 τὰ

138 2918 351 2969 ταράττοντα
370 2914 411 2966 ἦν
431 2920 619 2963 Ἰουδαίους
633 2950 643 2968 ,
663 2920 698 2958 ἓν
715 2921 798 2970 μὲν,
822 2923 851 2959 εἷ
865 2921 942 2965 τοὺς
958 2923 1034 2973 μετ’
1050 2923 1158 2976 ἔργων

140 2979 188 3028 μὴ
211 2980 379 3023 σωθέντας
405 2981 544 3018 δυνατὸν
573 2981 681 3033 χωρὶς
712 2981 820 3034 ἔργων
841 2987 1015 3030 σωθῆναι·
1043 2985 1158 3036 ἕτερον

139 3038 174 3077 δὲ
187 3068 196 3085 ,
219 3041 247 3076 εἷ
266 3039 343 3082 τοὺς
362 3040 595 3092 ἀκροῧύστους
615 3041 746 3080 δίκαιον
771 3045 840 3080 τῶν
866 3045 977 3082 αὐτῶν
997 3046 1157 3082 ἀπολαῦ-

140 3114 197 3136 σαι
217 3106 284 3142 τοῖς
309 3103 343 3138 ἐν
367 3101 518 3153 τοσούτῳ
543 3102 658 3155 χρόνῳ
689 3111 914 3156 συντραφεῖσι
932 3108 981 3157 τῷ
1000 3105 1114 3157 νόμῳ·
1141 3105 1158 3144 ὃ

139 3160 256 3210 πολλῷ
283 3163 340 3196 τοῦ
368 3161 534 3214 προτέρου
562 3165 692 3212 μᾶλλον
720 3165 841 3209 αὐτοὺς
857 3165 1074 3217 ἐξετάραττε.
1090 3165 1158 3203 Διὰ

138 3223 237 3256 τοῦτο
258 3220 366 3257 ἐκεῖνο
384 3223 655 3271 κατασκευάσας,
684 3224 741 3263 ἐπὶ
763 3230 861 3264 τοῦτο
879 3226 998 3264 λοιπὸν
1015 3225 1137 3270 ἔξεισιν
1149 3242 1156 3250 ·

140 3279 225 3330 ὅπερ
248 3278 354 3323 οὕτως
370 3279 385 3299 ¹³
398 3281 550 3332 ἐθορύὲει
567 3283 643 3328 τοὺς
661 3284 846 3330 Ἰουδαίους
858 3316 868 3335 ,
888 3290 934 3330 ὡς
953 3287 1012 3325 καὶ
1030 3287 1155 3340 Πέτρῳ

188 3404 200 3418 ⁰
224 3393 336 3428 Morel,
357 3395 402 3437 [et
418 3396 470 3438 A.]
486 3400 644 3439 [Ξέίῗληται.

1045 247 1103 276 ΑΙ)
1140 246 1248 276 ROM.

1191 517 1210 545 Β

1183 2272 1208 2301 D

2122 230 2212 276 555

1233 342 1341 379 supra
1355 327 1516 375 dixisset,
1536 326 1607 364 Ad
1618 328 1870 363 ostensionem
1878 327 2059 377 justitiae,
2076 326 2212 376 intulit,

1233 390 1283 425 In
1307 390 1488 439 praesenti
1515 396 1690 438 tempore.
1713 385 1821 433 Quod
1846 386 1875 423 si
1903 385 2050 436 quidam
2069 397 2211 424 contra-

1234 447 1402 496 dixerint,
1422 447 1580 498 idipsum
1600 446 1755 496 faciunt,
1782 461 1822 484 36
1845 446 1874 483 51
1900 448 1979 497 quis
2003 457 2083 499 post
2103 448 2215 485 multa

1235 507 1388 545 admissa
1412 517 1568 559 peccata,
1593 522 1677 544 611111
1704 521 1774 545 11011
1800 511 1910 559 possit
1928 508 1964 545 in
1983 508 2120 559 judicio
2143 523 2216 546 sese

1234 581 1402 619 purgare,
1431 568 1491 605 sed
1510 567 1698 605 damnatus
1724 568 1901 620 supplicio
1928 568 2121 606 tradendus
2151 569 2215 615 sit,

1235 627 1364 665 deinde
1396 643 1458 680 per
1486 629 1578 678 regis
1602 629 1752 680 gratiam
1780 629 1963 676 dimissus,
1993 630 2217 682 impudenter

1234 697 1353 738 postea
1376 688 1546 738 glorietur
1561 688 1695 737 dicens,
1713 703 1748 726 se
1766 689 1857 726 nihil
1870 690 2081 740 peccavisse.
2098 692 2217 742 Opor-

1234 748 1467 786 tuissetenim
1489 749 1527 786 id
1542 749 1794 798 demonstrare,
1811 759 1999 800 antequam
2016 750 2127 801 gratia
2146 766 2215 790 ve—

1235 805 1346 853 111161,
1376 815 1563 857 postquam
1583 806 1677 844 venit
1704 815 1838 856 autem,
1865 821 1935 844 non
1958 808 2050 846 ultra
2076 818 2216 861 tempus

1236 873 1285 902 est
1303 865 1493 915 gloriandi.
1516 865 1556 901 Id
1572 865 1668 915 quod
1682 865 1788 902 etiam
1802 866 1901 917 apud
1913 869 1935 905 J
1938 868 2055 906 udaeos
2073 869 2216 907 accidit.

1236 924 1329 972 Quia
1347 925 1441 961 enim
1457 939 1502 961 ex
1520 938 1556 961 56
1576 925 1643 975 ipsi
1667 925 1799 976 proditi
1822 936 1933 972 erant,
1954 927 2032 964 ideo
2055 929 2166 976 venit,
2184 938 2218 966 et

1235 984 1389 1022 adventu
1409 998 1471 1021 suo
1486 984 1631 1021 illorum
1642 985 1850 1035 jactantiam
1863 985 2018 1023 sustulit.
2035 987 2107 1032 Qui
2123 991 2218 1025 enim

1234 1058 1270 1082 56
1291 1044 1379 1082 dicit
1396 1044 1585 1082 infantium
1603 1054 1869 1096 praeceptorem,
1891 1055 1923 1082 et
1941 1046 1977 1083 in
1997 1046 2073 1097 lege
2089 1048 2219 1098 gloria-

1233 1112 1305 1151 tur,
1325 1117 1365 1140 ac
1381 1117 1416 1140 se
1437 1103 1629 1140 stultorum
1648 1104 1860 1155 magistrum
1885 1105 2053 1156 appellat,
2073 1106 2220 1157 perinde

1234 1171 1338 1213 atque
1363 1163 1417 1200 illi
1439 1163 1588 1202 doctore.
1609 1178 1649 1201 36
1677 1173 1855 1202 servatore
1882 1165 2058 1217 indigens,
2083 1167 2220 1204 nullam

1235 1223 1412 1274 gloriandi
1428 1238 1570 1262 causam
1585 1224 1763 1262 habuerit.
1784 1225 1822 1263 Si
1841 1226 1935 1263 enim
1953 1236 2054 1264 antea
2067 1227 2220 1265 circum-

1236 1284 1322 1322 cisio
1350 1285 1569 1337 praeputium
1595 1286 1687 1322 facta
1715 1295 1783 1335 est3
1814 1286 1926 1324 multo
1955 1288 2069 1339 magis
2094 1302 2217 1326 nunc:

1234 1358 1318 1381 nam
1338 1345 1400 1382 illa
1419 1345 1464 1382 ab
1488 1345 1893 1398 utrisque*temporibus
1917 1348 2025 1399 ejecta
2045 1357 2106 1386 est.
2129 1349 2221 1386 Cum

1233 1404 1322 1442 dicit
1348 1414 1466 1443 autem
1495 1406 1596 1443 illam
1618 1406 1800 1444 exclusam
1831 1421 1924 1457 esse,
1949 1409 2101 1447 ostendit
2128 1423 2220 1460 quo-

1234 1464 1341 1502 modo
1364 1465 1403 1503 id
1420 1466 1554 1503 factum
1579 1466 1635 1504 sit.
1658 1467 1849 1512 Quomodo
1865 1482 1948 1519 ergo
1969 1468 2113 1507 exclusa
2140 1470 2220 1507 est?

1234 1527 1314 1563 Per
1341 1541 1459 1578 quam
1487 1528 1632 1579 Iegem?
1657 1530 1888 1581 factorum?
1914 1531 2030 1579 Non,
2060 1532 2128 1568 sed
2153 1544 2222 1582 per

1240 1586 1358 1637 legem
1371 1587 1481 1637 fidei.

1287 1648 1324 1685 4.
1337 1647 1428 1685 Ecce
1441 1647 1549 1686 fidem
1565 1648 1760 1700 appellavit
1774 1650 1900 1702 legem,
1909 1651 2062 1689 libenter
2075 1651 2112 1688 in
2123 1651 2220 1689 hisce

1233 1707 1438 1745 nominibus
1452 1721 1607 1756 versans,
1616 1709 1664 1744 ita
1677 1719 1716 1745 ut
1727 1711 1884 1747 emolliat
1896 1725 1985 1759 eam,
1994 1726 2072 1761 quae
2084 1712 2222 1750 novitas

1233 1784 1305 1807 esse
1319 1769 1519 1809 videbatur.
1533 1772 1704 1818 Quaenam
1716 1781 1834 1809 autem
1846 1782 1897 1810 est
1909 1773 1993 1811 fidei
2004 1774 2087 1812 lex?
2099 1776 2149 1812 Ut
2157 1789 2220 1826 per

1233 1830 1384 1881 gratiam
1401 1830 1496 1868 salus
1511 1830 1724 1869 obtineatur.
1740 1832 1807 1870 Hic
1815 1832 1882 1870 Dei
1890 1834 2086 1885 potentiam
2099 1843 2221 1872 osten—

1232 1890 1300 1940 dit,
1314 1890 1409 1941 quod
1422 1905 1491 1929 non
1508 1891 1623 1929 solum
1637 1893 1843 1942 servaverit,
1857 1894 1920 1932 sed
1929 1895 2220 1946 etiamjustifica-

1232 1951 1294 2001 rit,
1313 1959 1348 1988 et
1365 1951 1402 1989 in
1422 1952 1667 2002 gloriationem
1679 1953 1882 2003 deduxerit,
1896 1969 1965 1993 non
1982 1969 2086 2006 egens
2101 1956 2223 2007 operi-

1231 2012 1312 2062 bus,
1329 2012 1389 2050 sed
1404 2012 1513 2050 fidem
1532 2021 1671 2050 tantum
1685 2014 1882 2064 requirens.
1902 2015 1985 2052 Haec
1997 2025 2115 2053 autem
2135 2016 2224 2054 dicit

1232 2074 1352 2124 etiam,
1369 2083 1408 2111 ut
1441 2073 1637 2111 credentem
1658 2076 1679 2114 J
1684 2075 1823 2112 udaeum
1837 2075 1883 2113 ad
1901 2076 2111 2115 modestiam
2131 2091 2223 2129 prae-

1233 2143 1343 2187 paret,
1357 2143 1389 2173 et
1402 2148 1472 2172 non
1488 2134 1686 2172 credentem
1706 2136 1890 2187 reprimat,
1902 2137 1949 2174 ita
1966 2147 2005 2175 ut
2027 2138 2132 2175 illum
2147 2152 2225 2190 per-

1232 2195 1362 2232 trabat.
1379 2196 1470 2232 Nam
1495 2195 1555 2246 qui
1572 2196 1723 2233 salutem
1742 2206 1864 2234 nactus
1882 2206 1947 2247 est,
1971 2198 1999 2235 si
2014 2198 2085 2249 legi
2104 2208 2222 2237 atten—

1231 2255 1319 2293 dens
1330 2256 1443 2293 altum
1460 2256 1585 2308 sapiat,
1601 2256 1736 2306 audiet,
1750 2257 1848 2307 quod
1862 2257 1923 2295 illa
1936 2258 2050 2310 ipsios
2066 2259 2222 2308 obturet,

1232 2316 1310 2368 ipsa
1324 2316 1427 2353 illum
1447 2325 1599 2365 accuset,
1610 2316 1687 2368 ipsa
1703 2317 1779 2368 ejus
1800 2317 1948 2355 salutem
1969 2318 2172 2370 impedierit
2191 2328 2224 2356 et

1233 2378 1480 2429 gloriationem
1512 2372 1702 2415 excluserit
1729 2394 1737 2415 :
1766 2379 1829 2429 qui
1849 2393 1934 2418 vero
1949 2394 2018 2418 non
2053 2380 2224 2428 credidit,

1231 2455 1294 2492 per
1309 2440 1386 2477 11366
1405 2441 1481 2492 ipsa
1498 2439 1647 2477 humilis
1680 2441 1839 2491 effectus,
1857 2442 1902 2479 ad
1923 2441 2030 2479 fidem
2061 2441 2225 2480 accedere

1231 2501 1375 2552 poterit.
1408 2501 1584 2541 Vidistin'
1612 2511 1743 2552 quanta
1777 2502 1861 2540 fidei
1888 2503 1972 2543 vis?
2003 2504 2182 2555 quomodo
2204 2520 2224 2542 3

1233 2562 1412 2613 prioribus
1445 2563 1648 2611 removerit,
1670 2563 1706 2599 in
1728 2563 1801 2600 illis
1831 2564 1977 2614 gloriari
1997 2579 2065 2602 non
2082 2565 2224 2602 sinens?

1232 2621 1298 2660 5⁷28.
1323 2622 1578 2659 Arbitramur
1591 2636 1678 2673 ergo
1690 2626 1760 2673 Jier
1776 2623 1904 2674 fidem
1925 2625 2138 2675 justificari
2153 2626 2223 2661 110-

1233 2684 1376 2718 minem
1401 2683 1486 2719 sine
1514 2684 1687 2733 operibus
1713 2682 1817 2731 legis.
1848 2682 1922 2718 Ubi
1950 2683 2103 2720 ostendit
2122 2697 2179 2721 eos
2201 2698 2221 2721 3

1232 2742 1315 2789 fide,
1344 2742 1418 2778 sine
1456 2741 1623 2792 operibus
1654 2740 1756 2790 legis,
1788 2741 1923 2780 Judaeis
1957 2756 2030 2780 esse
2062 2744 2222 2795 superio-

1232 2812 1414 2853 re531unc
1443 2802 1588 2839 demum
1635 2816 1716 2839 611111
1746 2802 1859 2840 multa
1888 2802 2020 2841 fiducia
2051 2805 2144 2842 circa
2170 2806 2220 2842 il—

1232 2863 1303 2900 lam
1334 2861 1507 2908 edisserit,
1539 2871 1572 2899 et
1604 2862 1652 2909 ei,
1680 2861 1778 2912 quod.
1810 2862 1869 2899 hic.
1901 2864 2045 2901 turbare
2071 2865 2221 2902 videba-

1230 2923 1352 2972 batur‚
1374 2922 1553 2961 medelam
1582 2922 1694 2959 affert.
1716 2921 1858 2959 Etenim
1889 2922 1966 2961 haec
1984 2923 2056 2961 duo
2077 2924 2219 2964 Judaeos

1232 2983 1446 3032 turbabant3
1465 2997 1574 3020 unum
1590 2981 1748 3033 quidem,
1768 2982 1797 3020 si
1818 2982 1844 3019 ii
1867 2983 1927 3033 qui
1948 2998 2029 3021 cum
2051 2985 2218 3036 operibus

1232 3044 1361 3082 servati
1381 3058 1451 3082 non
1466 3044 1615 3091 fuerant,
1626 3052 1765 3094 possent
1785 3043 1860 3081 sine
1873 3044 2039 3096 operibus
2057 3046 2192 3083 servari
2208 3061 2218 3095 3

1233 3105 1335 3143 aliud
1369 3120 1466 3154 vero,
1487 3105 1517 3142 si
1543 3105 1681 3157 justum
1712 3113 1800 3141 esset
1830 3106 2059 3157 praeputiatos
2093 3106 2224 3144 iisdem

1230 3167 1317 3219 ipsis
1337 3167 1529 3217 frui,queis
1548 3166 1588 3216 11,
1606 3166 1667 3216 qui
1685 3174 1782 3203 tanto
1808 3175 1965 3218 tempore
1987 3167 2023 3205 in
2038 3168 2114 3219 lege
2129 3182 2220 3205 enu—

1230 3228 1307 3265 triti
1336 3236 1453 3276 erant5
1484 3227 1522 3265 id
1550 3227 1647 3277 quod
1669 3227 1774 3278 longe
1796 3228 1909 3279 magis
1931 3228 2012 3266 illos
2033 3229 2217 3274 turbabat,

1231 3302 1338 3338 quam
1359 3290 1455 3339 prior
1473 3288 1533 3326 illa
1564 3287 1769 3327 difficultas.
1792 3289 1875 3327 Ideo
1909 3298 2096 3341 postquam
2126 3290 2221 3327 illud

1288 246 1443 277 HOMIL.
1483 246 1564 275 VH.

1264 3403 1280 3427 ¹¹
1305 3403 1366 3443 [Α.
1388 3406 1512 3445 θορυὲεἶ,
1531 3403 1541 3444 ]
