2502 3810
162 830 185 847 1.
205 819 339 847 Canii.

354 235 450 292 488
809 247 846 275 s.

354 339 417 367 rat.
440 332 573 366 Verum
594 326 667 364 bre-c
687 327 721 362 in
757 325 1004 375 sequentibus;
1038 325 1179 362 iuterim
1211 340 1338 377 propo-

355 390 458 426 sitam
490 402 563 424 rem
595 395 795 423 tractemus.
819 386 1029 422 Revelatur
1047 389 1149 422 enim
1178 389 1238 423 ira
1265 388 1339 424 Dei

355 451 402 485 de
417 448 523 484 caelo.
536 446 642 495 Atqui
658 446 693 483 in
709 446 775 483 bac
790 445 864 483 vita
880 445 920 483 id
936 459 1027 497 scepe
1045 446 1173 484 accidit
1192 447 1228 484 in
1249 448 1341 484 fame

354 517 386 544 et
400 516 495 558 peste
510 516 542 543 et
561 506 665 543 bellis
682 522 689 542 ε
705 521 785 543 nam
805 506 976 557 privatim
995 506 1127 557 singuli
1143 517 1177 545 et
1193 507 1228 545 in
1244 522 1340 545 eom-

353 569 451 605 muni
488 581 608 604 omnes
639 567 850 619 puniuntur.
883 567 978 613 Quid
1014 567 1124 618 igitur
1164 578 1248 606 tune
1278 583 1341 607 no-

354 629 388 665 vi
403 628 491 665 erit?
508 628 613 674 Quod
628 630 741 680 majus
761 629 920 666 futurum
939 629 984 666 sit
1002 629 1230 680 supplicium,
1244 630 1341 680 quod

355 703 539 727 commune
569 699 600 726 et
631 703 699 727 nou
722 689 926 728 earumdem
957 704 1075 727 rerum
1105 704 1341 729 causaznune

355 751 446 787 enim
468 751 513 787 ad
534 751 815 789 emendationem
834 752 909 789 baec
926 751 1032 800 fiunt,
1054 760 1138 788 tune
1162 761 1279 789 autem
1297 752 1343 789 ad

356 811 549 849 ultionem:
577 812 671 862 quod
687 812 891 862 significans
911 812 1045 851 Paulus
1071 812 1228 850 dicebat:
1249 815 1340 850 Cor-

356 874 516 923 ripimur
539 887 654 917 nune,
670 881 710 910 ut
729 886 802 910 non
824 886 909 910 eum
928 873 1071 909 mundo
1092 873 1334 911 damnemur.

360 932 404 970 Et
426 947 517 970 nunc
547 933 691 984 quidem
710 947 777 971 non
799 948 843 971 ex
868 947 1017 985 superna
1038 933 1104 983 ira,
1126 933 1190 971 sed.
1206 934 1251 971 ab
1272 934 1338 971 ho-

359 994 497 1031 minum
526 995 657 1046 injuria
677 995 752 1032 baec
774 1009 793 1032 a
813 994 937 1032 multis
956 993 1114 1032 accidere
1144 1003 1337 1046 putantur.-

885 246 958 275 JOA
971 247 991 274 N
1001 245 1068 274 le
1105 246 1344 276 CHRYSOST.

359 1065 441 1092 tunc
458 1070 540 1094 vero
558 1056 741 1093 manifesta
760 1055 826 1093 erit
856 1055 922 1092 Dei
937 1055 1042 1101 ultio,
1059 1055 1200 1106 quando
1220 1057 1338 1095 Judex

359 1115 481 1153 sedens
503 1116 538 1153 in
560 1116 741 1154 tremendo
761 1116 862 1165 solio,
884 1115 971 1153 alios
991 1115 1038 1153 ad
1067 1116 1223 1154 caminos
1244 1118 1337 1155 trahi

356 1177 513 1227 jubebit,
529 1177 617 1214 alios
638 1177 683 1214 ad
702 1177 862 1215 tenebras
880 1176 1082 1225 exteriores,
1101 1177 1191 1215 alios
1206 1178 1253 1215 ad
1269 1179 1339 1216 alia

360 1238 578 1276 inevitabilia
598 1247 630 1275 et
650 1238 870 1276 intoleranda
897 1238 1086 1290 supplicia.
1110 1238 1156 1275 Et
1188 1253 1251 1276 cur
1270 1254 1338 1277 non

358 1299 409 1335 sie
429 1308 545 1350 aperte
564 1299 665 1343 dicit,
695 1299 825 1349 Ftlium
847 1298 913 1336 Dei
932 1308 1121 1337 venturum
1154 1314 1228 1337 esse
1259 1315 1339 1337 cum

359 1359 553 1396 innumeris
572 1359 718 1410 angelis,
733 1369 765 1396 et
784 1359 954 1397 rationem
969 1374 988 1397 a
1004 1359 1154 1411 singulis
1172 1361 1339 1412 repetitu-

358 1435 454 1468 rum;
475 1420 536 1457 sed
550 1421 610 1469 ait,
626 1421 834 1458 Revelatur
848 1424 906 1458 ira
923 1421 1340 1474 DeiPNeopbytiadhue

359 1489 456 1517 erant
478 1480 680 1530 auditores;
703 1480 850 1531 ideoque
872 1480 917 1518 ab
947 1480 1009 1527 iis,
1033 1495 1110 1531 quae
1131 1482 1273 1519 omnino
1305 1483 1340 1520 in

357 1542 512 1578 confesso
527 1551 625 1579 erant
638 1540 733 1593 apud
747 1555 816 1589 eos,
830 1542 987 1593 primum
1002 1542 1096 1592 ipsos
1110 1542 1233 1579 allicit.
1246 1545 1338 1580 Prae-
1364 1544 1386 1572 Ε

356 1612 448 1640 terea
468 1617 551 1640 vero
573 1603 718 1653 gentiles
737 1602 871 1652 alloqui
901 1603 989 1639 mihi
1008 1602 1169 1651 videtur3
1190 1602 1340 1654 ideoque

357 1662 439 1699 hinc
458 1663 612 1707 orditur,
627 1671 746 1714 postea
761 1671 881 1699 autem
899 1662 943 1699 de
957 1662 1095 1713 judicio
1115 1663 1247 1701 Christi
1267 1679 1338 1702 ser-

357 1737 495 1761 monem
513 1723 660 1760 inducit.
678 1723 796 1774 Super
811 1737 961 1760 omnem
980 1725 1214 1775 impietatem
1231 1734 1268 1762 et
1281 1729 1338 1762 in-

347 1787 543 1835 justitiam
558 1786 769 1833 hominum,
787 1787 855 1836 qui
869 1787 1073 1822 navitatem
1089 1788 1130 1822 in
1145 1788 1339 1838 injustitia

355 1846 538 1882 detinent.
557 1846 622 1883 Hic
639 1845 792 1884 ostendit
805 1845 936 1883 multas
947 1860 1021 1884 esse
1039 1846 1230 1898 impietatis
1247 1848 1337 1895 vias,

250 1922 341 1949 Erm
354 1906 512 1945 veritatis
531 1916 648 1944 autem
668 1921 786 1944 unam.
810 1906 951 1944 Etenim
972 1906 1083 1955 varia,
1106 1900 1338 1945 multiformis

156 1964 251 1990 {aliu}
292 1974 338 1990 ΣΟ·

155 2011 222 2030 ΗΠ(
250 2015 317 2032 una.

160 2414 186 2432 ι.
202 2406 337 2442 Thess.l4.

155 2448 183 2476 s».

155 2578 302 2610 Prosmzz.
313 2590 337 2609 1.

354 1977 387 2005 et
408 1969 550 2006 confusa
569 1983 623 2006 res
637 1978 686 2006 cst
706 1982 825 2016 err;or
852 1967 980 2006 xeiitas
1000 1977 1117 2005 autem
1136 1982 1218 2007 una.
1237 1970 1337 2007 Post-

353 2044 460 2080 quam
476 2044 559 2067 uio
576 2030 620 2067 de
636 2029 864 2080 dogmatibus
882 2029 991 2078 dixit,
1010 2028 1054 2066 de
1073 2029 1144 2068 xita
1164 2030 1336 2080 loquitur,

354 2091 564 2143 injustitiam
584 2091 770 2128 hominum
789 2105 1000 2128 memorans.
1024 2090 1167 2128 Etenim
1196 2091 1339 2144 injusti—

353 2153 410 2189 tiae
431 2152 538 2189 varim
559 2161 640 2189 sunt
655 2168 661 2188 τ
677 2161 708 2189 ct
729 2152 798 2189 alia
818 2151 962 2201 quidem
982 2151 1074 2189 eirca
1090 2152 1258 2204 pecunias
1274 2162 1335 2201 cst,

1386 247 1592 278 ARCHIEP.
1630 250 1769 280 CONST
1772 251 1796 280 >S
1805 253 1983 283 N‘rINOP.

1411 344 1528 374 τατον,
1554 329 1634 366 ὅταν
1665 330 1741 372 τους
1772 333 2010 383 ἀντιλέγοντας
2040 350 2101 371 αυτ
2090 350 2123 384 η
2146 335 2188 383 57,-
2210 335 2271 370 ἁλι·
2270 336 2314 379 Οε
2319 333 2364 383 ίᾳ,
2384 334 2424 369 δι

1412 392 1459 425 ὡν
1479 392 1616 427 ποιοῦσι
1635 391 1711 428 καθ’
1744 392 1893 439 ἑκάστην
1912 393 1934 439 ἢ
1960 395 2018 432 καὶ
2047 395 2085 432 λε’
2070 409 2204 445 “mouet
2224 408 2430 443 συνισταμε-

1412 464 1487 492 νους
1511 449 1632 492 αὐτους
1663 451 1846 502 ἀποφαίνει
1872 459 1943 496 τοῖς
1967 457 2027 499 της
2052 453 2213 499 ἀληθείας
2243 452 2425 503 δόγαασιν.

1413 509 1517 546 Ἀλλὰ
1534 515 1643 548 ταῦτα
1663 511 1724 561 μὲν
1744 513 1778 549 ἐν
1796 518 1866 555 τοῖς
1885 513 1961 559 ἑξῆς
1973 543 1982 559 ,
2001 515 2086 557 τέως
2107 513 2141 552 δὲ
2157 517 2224 551 τῶν
2245 514 2428 564 προκειμέ-

1412 585 1478 607 νων
1508 570 1623 621 ἐχόαε
1629 575 1681 609 θα.
1716 572 2014 611 Ἀποκαλυπτεται
2039 574 2107 626 γὰρ
2131 574 2215 626 ὀργὴ
2247 576 2337 612 Θεοῦ
2368 575 2428 611 ἀπ

1413 632 1570 681 οὐρανοῦ.
1605 631 1728 670 Καίτοι
1747 632 1806 689 καὶ
1822 635 1967 671 ἐιταῦθα
1983 635 2150 678 πολλάκις
2165 638 2266 672 τοῦτο
2284 634 2428 684 γίνεται,

1412 694 1481 728 οἱον
1509 693 1544 728 ἐν
1566 693 1680 742 λιμοῖς
1701 693 1760 730 καὶ
1776 695 1907 743 λοιυοὶς
1923 710 1982 731 και
2002 694 2181 744 πολέμοις·
2199 694 2341 746 καὶγὰρ
2359 694 2428 744 ἰδία

1412 751 1568 799 ἕκαστος,
1594 753 1652 790 καὶ
1671 769 1767 804 κοινῃ
1794 754 1919 798 πάντες
1939 754 2154 799 κολάζονται.
2175 755 2221 793 Τί
2241 759 2297 793 οὐν
2317 771 2355 792 το
2377 754 2427 798 ξέ-

1411 829 1466 850 νον
1480 812 1575 860 τότε,
1591 813 1676 851 (Ότι
1692 814 1749 851 καὶ
1766 815 1890 864 μείζων
1907 819 1928 861 ἡ
1945 815 2087 858 κόλασις
2103 816 2162 853 καὶ
2181 815 2276 861 κοινὴ
2293 815 2351 852 καὶ
2368 816 2428 852 οὐκ

1412 873 1469 911 ἐπὶ
1491 880 1560 917 τοῖς
1581 877 1712 918 αὐτοῖς·
1743 880 1800 913 νῦν
1828 875 1889 926 μὲν
1907 875 1972 927 γὰρ
1986 876 2071 928 πρὸς
2088 875 2266 926 διόρθωσιν
2281 874 2324 912 τὰ
2338 874 2428 926 γινό-

1412 950 1511 983 μενα,
1536 934 1614 972 τότε
1639 935 1674 973 δὲ
1693 935 1779 988 πρὸς
1796 936 1985 990 τιμωρίαν·
2000 936 2086 988 ὅπερ
2100 937 2159 974 καὶ
2174 939 2191 974 ὃ
2206 938 2346 979 Παῦλος
2365 937 2426 982 δη-

1410 996 1479 1031 λῶν
1498 995 1624 1046 ἔλεγεν,
1641 995 1694 1034 ὅτι
1709 997 1953 1047 Παιδευόμεθα
1971 1001 2044 1042 νῦν,
2060 995 2117 1034 ἵνα
2136 996 2184 1046 μὴ
2206 996 2264 1035 σὺν
2293 999 2342 1048 τῷ
2371 996 2427 1033 κό-

1412 1070 1489 1107 σμῳ
1503 1059 1781 1109 κατακριθῶμεν.
1795 1057 1861 1095 Καὶ
1877 1060 1935 1094 νῦν
1953 1057 2014 1107 μὲν
2031 1059 2067 1094 οὐ
2081 1057 2137 1095 διὰ
2153 1057 2216 1104 τὴν
2228 1058 2355 1095 ἄνωθεν
2372 1057 2427 1106 ὀρ-

1410 1115 1473 1166 γὴν
1489 1118 1629 1159 πολλοῖς
1643 1118 1735 1154 δοκεῖ
1753 1117 1797 1155 τὰ
1809 1118 1923 1156 πολλὰ
1936 1117 2101 1169 γίνεσθαι,
2119 1117 2209 1156 ἀλλὰ
2230 1119 2272 1155 δι’
2292 1117 2423 1168 ἀνθρώ-

1409 1192 1483 1213 πων
1500 1176 1662 1229 ἐπήρειαν
1678 1193 1685 1200 ·
1703 1177 1780 1215 τότε
1796 1178 1831 1216 δὲ
1846 1179 1977 1230 φανερὰ
1992 1178 2088 1216 ἔσται
2105 1182 2126 1225 ἡ
2142 1178 2240 1229 παρὰ
2257 1182 2316 1216 τοῦ
2334 1180 2426 1215 Θεοῦ

1409 1237 1561 1286 κόλασις,
1588 1239 1670 1277 ὅταν
1690 1240 1914 1289 καθημενος’
1900 1240 1958 1278 επὶ
1979 1245 2037 1278 τοῦ
2056 1241 2200 1293 φοὶεροῦ
2231 1240 2422 1291 βήματος(
2410 1257 2428 1276 ο

1411 1298 1542 1351 κριτὴς,
1570 1299 1648 1342 τοὺς
1671 1299 1732 1350 μὲν
1758 1300 1828 1338 ἐπὶ
1838 1300 1901 1343 τὰς
1925 1301 2090 1351 καυ.ίνους
2107 1301 2268 1338 ἕλκεσθαι
2288 1298 2426 1349 κελεύῃ,

1412 1359 1489 1402 τοὺς
1517 1360 1552 1398 δὲ
1581 1360 1637 1398 ἐπι
1655 1377 1693 1399 το
1712 1362 1832 1404 σκότος
1849 1361 1888 1399 τὸ
1904 1361 2078 1413 ἐξώτερον,
2103 1376 2180 1404 τους
2197 1359 2231 1398 δὲ
2249 1361 2293 1398 ἐπ
2294 1360 2427 1401 ’ἀλλοις

1411 1421 1669 1471 ἀπαραιτήτους
1687 1422 1745 1459 και
1767 1422 1957 1474 ἀφορητους
1973 1423 2058 1460 κολ
2039 1438 2144 1464 ασεις.
2168 1421 2236 1459 Και
2251 1421 2340 1463 τίνος
2356 1419 2427 1457 ἔνε-

1411 1497 1468 1518 κεν
1489 1482 1554 1532 οὐχ
1577 1481 1653 1518 οὔτε,
1647 1497 1682 1525 )ς
1707 1486 1782 1519 εἰπε
1807 1498 1945 1534 σαφιις,
1966 1488 2034 1521 οἷον
2052 1483 2103 1521 ὅτι
2123 1487 2140 1521 ὃ
2157 1483 2213 1520 Υ
2193 1498 2238 1525 ιος
2257 1485 2316 1520 τοῦ
2334 1483 2425 1519 Θεοῦ

1412 1541 1531 1591 μελλει
1548 1542 1715 1594 παραγίνε
1703 1546 1798 1580 εσθαι
1827 1544 1914 1593 μετὰ
1936 1545 2066 1596 μυρίων
2095 1544 2261 1594 ἀγγέλων,
2288 1559 2346 1580 και
2366 1542 2427 1583 τὰς

1410 1603 1550 1646 εὐθύνας
1576 1606 1735 1641 ἀπαιτεῖν
1764 1604 1924 1652 ἕκαστον,
1953 1607 2028 1642 ἀλλ’
2054 1604 2106 1641 ὅτι
2126 1604 2426 1642 Ἀποκαλύπτεται

1410 1663 1493 1715 ὀργὴ
1517 1666 1632 1711 Θεοῦ,
1662 1666 1743 1702 Τῶν
1767 1663 1939 1716 νεοφύτων
1969 1658 2057 1710 ἦσαν
2086 1667 2117 1702 οἱ
2144 1663 2323 1706 ἀκούοντες
2349 1663 2426 1700 ἔτι·

1410 1725 1466 1762 διὰ
1484 1729 1583 1762 τοῦτο
1598 1725 1666 1763 ἀπὸ
1685 1728 1753 1763 τῶν
1768 1724 1899 1777 σφόδρα
1915 1723 2194 1776 ὡμολογημένων
2209 1727 2291 1776 παρ’
2312 1726 2427 1766 αὐτοῖς

1409 1800 1545 1837 πρωτον
1569 1785 1689 1828 αὐτους
1705 1788 1909 1824 ἐπισπᾶται.
1948 1785 2098 1836 Χωρις
2080 1784 2116 1822 οὲ
2135 1788 2204 1822 των
2221 1785 2427 1869 εἰρημένων,

1410 1845 1469 1883 καὶ
1488 1845 1572 1897 πρὸς
1589 1845 1766 1893 ζΈλληνας
1796 1845 2034 1884 ἀποτείνεσθαί
2063 1861 2122 1896 υ.οι
2149 1847 2240 1884 δοκεῖ
2255 1847 2342 1884 ’διὸ
2367 1862 2426 1883 και

1410 1908 1561 1945 ἐντεῦθεν
1590 1908 1878 1960 προοιμιάζεται·
1902 1906 1964 1945 ὕστ
1953 1922 2040 1959 ερον
2061 1907 2097 1956 δὲ
2116 1923 2174 1944 και
2193 1907 2250 1944 τὸν
2268 1908 2346 1958 περὶ
2365 1911 2426 1953 της

1410 1967 1554 2020 κρίσεως
1575 1971 1634 2006 τοῦ
1653 1969 1806 2020 Χριστοῦ
1826 1969 1925 2019 λόγον
1941 1968 2083 2020 εἰσάγει.
2115 1968 2199 2006 Ἐπὶ
2215 1974 2329 2006 πᾶσαν
2347 1969 2427 2007 ‹202¹-

1410 2028 1505 2066 ὅειαν
1533 2029 1593 2067 καὶ
1622 2029 1758 2067 ἀδικίαν
1791 2029 1981 2082 ἀνθρώπων
2010 2031 2077 2066 τῶν
2111 2029 2173 2076 τὴν
2198 2029 2361 2076 ἀλήθειαν
2391 2032 2425 2067 ἐν

1409 2090 1526 2143 ἀδικία
1558 2090 1787 2143 κατεχόντων).
1826 2089 2000 2128 Ἐνταῦθα
2022 2090 2205 2137 δείκνυσιν,
2226 2091 2280 2129 ὅτι
2300 2091 2425 2129 πολλαὶ

1409 2153 1470 2197 τῆς
1486 2151 1648 2195 ἀσετῖείας
1675 2155 1710 2190 αἱ
1728 2151 1810 2199 ὁδοὶ,
1837 2156 1857 2199 ἡ
1881 2151 1915 2190 δὲ
1931 2155 1993 2198 τῆς
2009 2152 2168 2199 ἀληθείας
2186 2152 2266 2202 μία·
2282 2152 2341 2190 καὶ
2359 2153 2426 2205 γὰρ

356 2221 394 2248 ut
415 2225 494 2248 cum
512 2212 591 2262 quis
608 2213 643 2249 in
664 2212 706 2249 iis
722 2212 928 2264 proximum
948 2212 1047 2249 laedit
1057 2228 1068 2262 3
1088 2213 1156 2249 alia
1172 2214 1336 2251 mulieres
1349 2241 1395 2265 ,ω
1408 2213 1565 2251 ποικίλον
1585 2214 1644 2251 καὶ
1663 2213 1840 2256 πολυειδὲς
1856 2213 1916 2250 καὶ
1935 2213 2190 2264 συγκεχυμένον
2210 2218 2228 2260 ἡ
2247 2213 2375 2261 πλάνη,
2402 2217 2422 2258 ἡ

355 2282 501 2323 spectat,
525 2282 560 2309 ut
575 2272 716 2322 quando
732 2273 810 2323 quis
829 2272 950 2310 relicta
969 2287 1094 2319 uxore,
1111 2273 1253 2311 alterius
1270 2289 1336 2311 nu-
1360 2279 1384 2306 Α
1409 2274 1442 2311 δὲ
1464 2275 1608 2320 ἀλήθεια
1628 2275 1702 2324 μία.
1741 2274 1862 2312 Εἰπὼν
1883 2274 1918 2312 δὲ
1937 2275 2017 2325 περὶ
2037 2275 2232 2324 δογμάτων,
2254 2275 2346 2325 λέγει
2366 2277 2425 2313 καὶ

355 2333 446 2384 ptias
458 2333 607 2373 dirimit.
627 2334 702 2370 Hoc
717 2342 808 2370 certe
823 2332 984 2370 fraudem
1002 2342 1105 2371 vocat
1125 2334 1269 2383 Paulus,
1283 2335 1337 2372 di-

355 2407 454 2430 cens:
476 2395 534 2431 Ne
553 2397 637 2445 quis
655 2396 846 2445 opprimat
865 2393 932 2430 vel
942 2394 1100 2443 fraudet
1118 2396 1159 2430 in
1186 2398 1336 2446 negotio

345 2457 528 2508 finirem.
553 2456 625 2493 Alii
650 2470 793 2494 rursum
806 2469 875 2493 non
891 2469 1038 2493 uxorem
1058 2457 1116 2494 vel
1131 2457 1332 2508 pecuniam,

355 2516 413 2554 sed
437 2516 587 2567 gloriam
606 2517 760 2568 proximi
785 2516 1060 2553 labefactantzet
1076 2516 1144 2554 hoe
1163 2517 1335 2569 injustitia

355 2586 417 2614 est.
435 2578 527 2614 Nam
546 2578 689 2614 IlIelius
703 2585 757 2614 est
775 2589 914 2614 nomen
931 2578 1085 2623 bonum,
1104 2591 1221 2627 qaam
1237 2579 1335 2616 divi-

355 2644 416 2677 tioe
445 2641 588 2680 multce.
606 2639 764 2688 Quidam
783 2653 866 2689 vcro
893 2639 1016 2676 dieunt
1036 2640 1102 2678 hoc
1131 2655 1272 2691 quoque
1291 2641 1335 2679 de

352 2700 578 2751 dogmatibus
593 2715 612 2738 a
634 2701 744 2738 Paulo
763 2700 936 2751 intelligi.
950 2709 1052 2738 caetei
1056 2715 1115 2738 um
1135 2701 1225 2738 nihil
1240 2712 1335 2740 vetat

352 2762 396 2800 de
409 2772 557 2813 utroque
571 2762 706 2800 dictum
726 2762 844 2800 fuisse.
860 2761 956 2808 Quid
975 2771 1091 2799 autem
1108 2763 1334 2813 sit‚Ie1ita-

354 2831 427 2860 tem
443 2826 483 2859 in
499 2826 692 2875 injustitia
707 2824 893 2869 detinent,
913 2836 958 2860 ex
973 2823 1201 2873 sequentibus
1224 2824 1331 2862 disce.

354 2885 415 2921 49.
440 2885 540 2934 Quia
555 2885 657 2935 qnod
677 2893 807 2920 notum
825 2892 879 2921 est
898 2884 988 2928 Dei,
1011 2885 1262 2936 manifestum
1276 2895 1331 2924 est
1355 2885 1378 2914 Β

353 2948 394 2981 in
407 2945 486 2982 illis
500 2960 510 2980 .·
525 2945 629 2982 Deus
643 2947 745 2981 enim
758 2945 836 2982 illis
856 2946 1138 2995 manifestavit.
1159 2945 1227 2983 Sed
1241 2946 1333 2984 lianc

353 3004 502 3055 gloriam
521 3004 628 3056 lignis
643 3005 881 3042 attribuerunt
899 3013 933 3041 et
950 3004 1144 3056 lapidibus.

1408 2334 1487 2385 περὶ
1518 2334 1605 2384 βίου,
1638 2334 1774 2372 ἀδικίαν
1803 2334 1993 2386 ἀνθρώπιον
2027 2334 2145 2371 εἰπών.
2180 2334 2250 2372 Καὶ
2275 2335 2341 2386 γὰρ
2360 2340 2374 2355 ²¹
2389 2338 2424 2373 αἱ

1408 2395 1539 2431 ἀδικίαι
1568 2394 1742 2432 ποικίλαι·
1765 2394 1823 2431 καὶ
1851 2397 1872 2439 ἡ
1901 2393 1963 2443 μὲν
1992 2393 2070 2444 περὶ
2094 2394 2263 2446 χρήματα
2278 2394 2422 2445 γίνεται,

1406 2450 1475 2492 οἷον
1499 2454 1578 2492 ὅταν
1603 2471 1655 2498 τις
1670 2456 1704 2491 ἐν
1726 2454 1859 2497 τούτοις
1881 2455 1983 2505 ἀδικῇ
2001 2455 2058 2492 τὸν
2072 2454 2218 2499 πλησίον
2231 2471 2238 2478 ·
2257 2458 2278 2500 ἡ
2294 2454 2328 2492 δὲ
2343 2456 2422 2507 περὶ

1405 2521 1588 2567 γυναῖκας,
1614 2516 1696 2553 ὅταν
1712 2532 1762 2558 τις
1789 2515 1884 2567 ἀφεὶς
1903 2515 1963 2561 τὴν
1986 2518 2125 2562 ἑαυτοῦ,
2139 2515 2196 2553 τὸν
2214 2515 2331 2566 ἑτέρου
2349 2518 2419 2554 διο-

1408 2577 1512 2630 ρύττῃ
1530 2577 1641 2627 γάμον
1656 2593 1662 2599 ’
1684 2577 1742 2615 καὶ
1759 2577 1824 2628 γὰρ
1841 2576 1900 2614 καὶ
1920 2580 2020 2615 τοῦτο
2036 2574 2235 2619 πλεονεξίαν
2251 2580 2268 2614 ὁ
2283 2578 2421 2620 Παῦλος

1829 2640 1861 2676 T
1863 2637 1881 2674 ὸ
1909 2637 1957 2688 μὴ
1978 2636 2197 2690 ὑπερὸαίνειν
2216 2637 2274 2675 καὶ
2290 2639 2419 2676 πλεον-

2141 2697 2284 2750 ἽΞτεροι
2300 2699 2419 2747 πάλιν,

1404 2640 1525 2682 καλεῖ,
1554 2637 1644 2675 οὕτω
1667 2637 1777 2688 λέγων
1793 2653 1800 2661 ·

1404 2704 1514 2737 εκτεῖν
1531 2700 1565 2735 ἐν
1583 2701 1632 2750 τῷ
1660 2698 1845 2751 πράγματι
1872 2698 1928 2736 τὸν
1956 2698 2115 2749 ἀδελφόν.

1404 2760 1480 2799 ἀντὶ
1499 2760 1656 2811 γυναικὸς
1683 2759 1742 2797 καὶ
1767 2758 1978 2810 χρημάτων,
1999 2758 2095 2801 δόξαν
2115 2758 2340 2808 λυμαίνονται
2356 2759 2419 2805 τὴν

1403 2824 1462 2859 τοῦ
1480 2819 1644 2866 πλησίον·
1669 2820 1728 2857 καὶ
1753 2824 1853 2857 τοῦτο
1879 2819 1914 2856 δὲ
1932 2818 2048 2857 ἀδικία
2061 2834 2069 2841 ·
2088 2818 2147 2856 καὶ
2163 2817 2229 2870 γὰρ
2249 2820 2417 2871 Κρεῖσσον

1404 2882 1511 2931 ὄνομα
1537 2880 1654 2925 καλὸν,
1677 2880 1699 2926 ἢ
1721 2882 1867 2923 πλοῦτος
1891 2879 2009 2922 πολύς.
2036 2878 2137 2923 Τινὲς
2155 2879 2192 2917 δέ
2214 2895 2334 2931 φασιν,
2367 2880 2418 2918 ὅτι

1402 2942 1461 2979 καὶ
1479 2945 1579 2979 τοῦτο
1607 2941 1687 2992 περὶ
1716 2941 1898 2991 δογμάτων
1916 2940 2052 2992 εἴρηται
2073 2942 2123 2990 τῷ
2149 2940 2282 2992 Παύλῳ
2295 2955 2303 2963 ·
2326 2940 2416 2987 πλὴν

1403 3002 1498 3041 οὐδὲν
1526 3001 1652 3039 κωλύει
1679 3001 1758 3052 περὶ
1788 3001 1992 3052 ἀμφοτέρων
2016 3003 2185 3052 εἰρῆσθαι.
2215 3001 2262 3039 Τί
2280 3001 2317 3039 δέ
2330 3002 2416 3047 ἐστι,

1401 3063 1475 3110 Τὴν
1505 3062 1667 3108 ἀλήθειαν
1695 3063 1728 3099 ἐν
1760 3060 1876 3112 ἀδικία
1902 3061 2133 3113 κατεχόντων,
2161 3061 2218 3100 διὰ
2243 3063 2310 3098 τῶν
2340 3061 2416 3107 ἑξῆς

1402 3125 1563 3176 μάνθανε.
1590 3122 1676 3161 “On
1697 3123 1736 3160 τὸ
1754 3123 1907 3171 γνωστὸν
1923 3126 1980 3159 τοῦ
1997 3125 2087 3161 Θεοῦ
2107 3123 2364 3175 φανερόνιέστιν
2381 3125 2414 3160 ἐν

1400 3189 1513 3228 αὐτοῖς
1526 3201 1534 3209 ·
1554 3188 1571 3223 ὃ
1586 3185 1674 3226 Θεὸς
1689 3183 1754 3235 γὰρ
1772 3185 1884 3226 αὐτοῖς
1905 3183 2134 3235 ἐφανέρωσεν.
2164 3184 2268 3223 Ἀλλὰ
2284 3182 2414 3230 ταύτην

1398 3247 1460 3293 τὴν
1481 3245 1578 3290 δόξαν
1595 3244 1705 3290 ξύλοις
1724 3244 1932 3296 περιέθηκαν
1955 3245 2014 3282 καὶ
2030 3245 2147 3288 λίθοις.

395 3373 406 3386 ³
432 3364 523 3395 [Inus
547 3363 631 3396 Cod.
651 3368 759 3400 ἀδικίαι
783 3370 902 3400 πολλαί.
923 3368 973 3408 [Α.
994 3371 1040 3402 ἀδ.
1063 3374 1191 3405 ποικίλαι
1217 3372 1284 3404 sine
1303 3372 1475 3415 articula]
