2466 3805
707 274 748 302 IN
785 274 901 304 ACTA
937 268 1280 303 APOSTOLORUM.

122 356 182 395 καὶ
200 355 254 395 ὅτι
273 356 329 394 διὰ
343 356 481 394 πολλῶν
499 355 646 408 θλίψεων
666 357 715 393 δεῖ
729 358 822 406 ἡμᾶς
836 356 997 393 εἰσελθεῖν
1014 355 1060 396 εἷς
1073 352 1136 399 τὴν

124 417 302 469 βασιλείαν
318 420 377 455 τοῦ
396 419 500 456 Θεοῦ.

821 536 971 584 Ἐπιστη
979 536 1138 588 ρίζοντες,

765 599 876 636 εΏστε
896 599 978 643 ἔστη
986 596 1138 649 ριγμένοι

175 540 289 577 Τοῦτο
316 537 433 590 ἔλεγον
449 569 458 586 ,
488 541 588 576 τοῦτο
614 537 793 577 ἐδείκνυον.

122 600 224 653 φησὶ,
244 600 305 644 τὰς
327 600 441 651 ψυχὰς
459 602 525 637 τῶν
545 602 723 650 μαθητῶν.

121 655 209 706 ἦσαν
226 676 233 683 ·
257 662 387 709 μᾶλλον
405 659 440 696 δὲ
457 659 709 711 προσετίθεντο.
728 658 927 711 Προύλεγον
943 656 1068 701 τοίνυν,
1082 655 1138 692 ἵνα

123 721 172 771 μὴ
190 723 501 759 σκανδαλισθῶσιν.
532 720 673 771 (Ὠσπερ
694 719 851 765 ἐπίτηδες
867 717 957 755 δὲτὸ
976 716 1060 753 αὐτὸ
1081 715 1138 764 γί-

122 797 230 829 νεται,
249 784 286 819 οὐ
306 780 362 818 διὰ
376 784 443 818 τῶν
459 779 660 818 ἀποστόλων
680 778 797 829 μόνον,
813 777 902 815 ἀλλὰ
918 776 977 813 καὶ
998 774 1055 812 διὰ
1069 776 1137 811 τῶν

123 844 309 891 μαθητῶν·
330 841 384 878 ἵνα
416 841 570 891 μάθωσιν
599 841 638 877 ἐκ
656 837 848 891 προοιμίων
863 836 988 876 εὐθέως
1003 849 1063 871 και
1078 847 1138 869 του

120 902 342 973 κηρύ(ματος
359 917 422 948 την
444 900 601 950 δύναμιν,
622 899 681 937 καὶ
700 897 752 935 ο’τι
771 896 831 934 καὶ
851 894 973 936 αὐτους
993 894 1043 930 δεῖ
1067 907 1139 930 τοι·

123 965 210 999 α’ῦτα
237 961 410 1013 πάσγειν,
442 960 501 998 καὶ
530 959 586 996 ἵνα
612 956 776 1009 γενναίως
812 970 938 1001 στωσι,
966 969 1014 1004 μη
1036 952 1139 1002 μόνον

120 1023 205 1074 πρὸς
221 1022 265 1060 τὰ
283 1028 411 1072 σημεῖα
431 1036 470 1058 κε
472 1035 616 1071 χτνοτες
630 1048 639 1066 ,
660 1016 749 1056 ἀλλὰ
767 1017 887 1053 πολλῶ
908 1015 1039 1065 μᾶλλον
1055 1029 1140 1064 προς

119 1098 199 1125 τους
221 1080 449 1133 πειρασιιούς.
483 1078 551 1117 Διὰ
579 1082 679 1116 τοῦτο
707 1076 767 1114 καὶ
792 1075 892 1117 αὐτος
922 1073 1019 1124 ἔλεγε
1034 1089 1041 1097 ·
1068 1073 1138 1111 Τὸν

122 1143 224 1180 αὐτὸν
244 1145 361 1192 ἀγωνα
381 1140 538 1191 ἔγοντες,
567 1142 635 1176 οἱον
656 1138 762 1175 εἴδετε
799 1137 834 1173 ἓν
855 1135 933 1185 ἐμοι
954 1135 1014 1172 καὶ
1033 1133 1140 1181 ηκού-

121 1218 218 1240 σατε.
237 1200 431 1252 Διωγμοὶ
414 1210 475 1237 oio)
478 1214 585 1250 γμους
602 1197 814 1249 8i333702ro·
833 1198 1013 1247 πανταγοῦ
1033 1195 1141 1234 πόλε-

121 1279 204 1313 μοι,
228 1261 360 1314 μοί-χαι,
377 1260 581 1299 λιθοὸολίαι.
611 1258 703 1296 Ποία
730 1273 935 1310 προτροπηξ
954 1273 1028 1300 πως
1045 1256 1139 1294 ἔπει-

120 1327 176 1362 θον
206 1325 240 1360 ἓν
266 1321 461 1374 προοιμίοις
487 1320 617 1372 θλίψεις
645 1319 823 1370 λέγοντες,
856 1312 946 1356 Εἶτα
971 1318 1032 1355 καὶ
1052 1318 1140 1366 ἄλλη

117 1384 337 1436 παραμυθία.
365 1382 719 1435 Χειροτονήσαντες
701 1380 736 1419 οὲ
759 1381 872 1423 αὐτοῖς
890 1379 1142 1432 πρεσὸυτέρους

119 1448 198 1482 κατ’
219 1443 448 1490 Εκκλησίαν,
467 1459 575 1496 προσε
561 1442 739 1493 ευξοίμενοι
759 1439 848 1491 μετὰ
868 1444 1048 1487 νηστειῶν,
1071 1456 1140 1477 πα-

123 1506 257 1559 ρέθεντο
292 1504 413 1548 αὐτους
442 1522 491 1542 τω
520 1503 661 1556 Κυρίω,
697 1505 743 1546 εἷς
773 1503 808 1541 ὃν
837 1501 1140 1540 πεπιστεύκεισαν.

119 1560 222 1609 Εἶδες
238 1565 436 1617 θερμότητα
453 1564 612 1611 Παυλου,
626 1562 783 1615 Προσευξ
787 1578 920 1612 αμενοι,
937 1578 1033 1614 φησι,
1053 1561 1142 1612 μετὰ

119 1629 286 1673 νηστειῶν
308 1625 497 1678 παρέθεντο
524 1624 646 1668 αυτους
676 1640 725 1661 τιι)
746 1623 876 1676 Κυρίῳ.
912 1623 1006 1674 εὈρα
1021 1653 1030 1670 ,
1053 1622 1142 1673 μετὰ

119 1689 285 1734 νηστειῶν
306 1689 341 1724 αἱ
356 1684 577 1738 χειροτονίαι.
593 1684 706 1722 Πάλιν
724 1683 881 1730 νηστεία,
900 1683 937 1721 τὸ
953 1683 1140 1735 καθάρσιον

119 1751 188 1785 τῶν
207 1747 387 1799 ἡμετέρων
407 1748 542 1798 ψυχῶν.
580 1745 650 1784 Καὶ
669 1744 858 1787 διελθόντες
879 1743 940 1790 τὴν
964 1744 1141 1794 Πισιδίαν,

119 1803 224 1856 ἦλθον
252 1810 299 1852 εἷς
315 1807 547 1859 Παμφυλίαν·
575 1805 635 1844 καὶ
651 1804 866 1850 λαλήσαντες
885 1807 918 1842 ἐν
941 1805 1062 1857 Πέργῃ
1084 1805 1140 1843 τὸν

119 1869 241 1920 λόγον,
270 1868 491 1915 κατήντησαν
519 1869 566 1910 εἷς
592 1866 805 1904 Ἀττάλειαν.
830 1864 909 1903 Ἵνα
923 1865 990 1918 γὰρ
1013 1865 1061 1916 μὴ
1082 1883 1143 1904 κα-

124 1929 258 1980 ταπέσῃ
285 1928 352 1966 ι’τδι
377 1927 586 1980 φρονήματα
604 1930 672 1964 τῶν
695 1929 872 1977 μαθητῶν,
891 1925 943 1964 ὅτι
962 1928 992 1964 οἱ
1008 1927 1143 1977 νομιζό-

126 2006 222 2041 μενοι
242 1990 310 2028 θεοὶ
326 1995 469 2028 τοιαῦτα
497 1988 704 2040 πάσχουσιν,
724 1989 879 2033 εἷσῆλθον
899 1986 983 2038 πρὸς
1004 1987 1140 2035 αὐτοὺς,

123 2051 183 2089 καὶ
203 2050 442 2102 διελέχθησαν.
472 2050 541 2096 Καὶ
560 2049 640 2099 ὅρα·
662 2051 799 2100 πρῶτον
819 2050 867 2090 εἷς
887 2048 1024 2100 Δέρὸην
1045 2048 1142 2100 ἐξέρ-

123 2127 236 2163 χεται,
258 2111 368 2154 διδοὺς
393 2113 506 2153 αὐτοῖς
532 2113 745 2148 ἀναπνεῦσαι
760 2113 819 2147 τοῦ
842 2112 966 2158 θυμοῦ,
990 2109 1050 2146 καὶ
1065 2109 1142 2147 τότε

121 2172 228 2210 πάλιν
258 2173 305 2215 εἰς
324 2171 486 2223 Λύστραν
504 2171 564 2208 καὶ
580 2170 724 2208 Ἰκόνιον
742 2169 801 2206 καὶ
821 2168 1049 2220 Ἀντιόχειαν,
1078 2173 1142 2206 θυ-

123 2232 307 2284 μουμένοις
337 2231 397 2283 μὲν
425 2234 538 2274 αὐτοῖς
564 2231 686 2278 εἴκων,
714 2229 952 2280 πεπαυμένοις
971 2229 1006 2267 δὲ
1028 2232 1142 2268 ἐπιτι-

121 2295 159 2332 θέ
162 2311 186 2331 υ.
191 2309 273 2338 ενος.

120 2354 198 2392 κεία
243 2362 375 2404 σπουοῃ

118 2414 352 2467 Ἀντιόχειαν,
378 2413 452 2452 οθεν
482 2416 570 2459 ἠσαν
589 2411 865 2464 παραδεδομένοι
883 2415 926 2462 τῇ
942 2411 1063 2463 χάριτι
1080 2417 1140 2451 τοῦ

118 2477 209 2514 Θεοῦ
232 2477 279 2518 εἰς
293 2474 333 2512 τὸ
348 2474 460 2526 ἔργον,
480 2473 498 2512 ὃ
519 2472 741 2524 ἐπλήρωσαν.
761 2471 829 2510 Διὰ
847 2471 882 2510 τί
901 2472 1006 2510 πάλιν
1023 2473 1140 2525 ἔρχον-

118 2551 177 2573 ται
197 2538 244 2578 εἷς
255 2534 466 2586 Ἀντιόχειαν
479 2549 489 2580 ;
503 2533 579 2572 Ἵνα
592 2532 833 2584 ἀπαγγείλωσι
852 2532 897 2570 τὰ
915 2535 985 2571 ἐκεῖ
996 2534 1139 2584 γενόμε-

337 2352 495 2375 flvvivs!

439 2368 605 2404 οιωκουν,
638 2353 808 2390 Κάκεῖθεν
842 2350 1064 2389 ἀπέπλευσαν
1093 2354 1141 2396 εἷς

118 2611 172 2633 να.
182 2594 314 2638 Ἄλλως
327 2594 362 2631 δὲ
378 2594 438 2632 καὶ
453 2596 684 2644 οἰκονομεῖται
702 2593 792 2644 μέγα
806 2600 955 2646 πρᾶγμα
972 2597 1138 2633 ἐντεῦθεν·

119 2656 187 2694 ἔδει
205 2656 273 2707 γὰρ
292 2654 411 2693 λοιπὸν
431 2655 518 2705 μετὰ
528 2654 802 2706 παῤῥησίαςτοῖς
816 2654 928 2693 ἔθνεσι
943 2655 1137 2706 κηρύττειν.

117 2717 308 2769 Ἔρχονται
322 2710 378 2754 οῧν
389 2720 497 2753 ταῦτα
511 2714 797 2766 ἀπαγγέλλοντες,
810 2714 867 2753 ἵνα
879 2715 1004 2754 εἰδέναι
1018 2716 1138 2768 ἔχωσι.

117 2777 189 2815 Καὶ
211 2779 443 2828 οἰκονομεῖται
465 2776 542 2813 τότε
568 2778 744 2814 κατελθεῖν
761 2775 839 2818 τοὺς
855 2776 1052 2821 κωλύοντας
1068 2785 1139 2822 τοῖς

117 2838 246 2876 ἔθνεσιν
265 2840 399 2888 ὁμιλεῖν
416 2867 424 2881 ,
443 2835 498 2874 ἵνα
513 2836 633 2874 λοιπὸν
651 2836 719 2874 ἀπὸ
737 2835 988 2889 Ἱεροσολύμων
1003 2838 1136 2886 πολλὴν

118 2897 280 2941 λαὸόντες
307 2898 424 2935 ἄδειαν
439 2927 448 2945 ,
472 2896 561 2947 μετὰ
584 2895 783 2949 παρρησίας
806 2896 967 2936 ἀπίωσιν.
994 2896 1047 2936 Ἠ
1077 2899 1137 2937 καὶ

117 2957 244 3004 ἄλλως,
267 2956 436 2996 δείκνυσιν
457 2959 570 2995 αὐτῶν
588 2957 627 2995 τὸ
640 2951 721 3002 ἦθος
735 2959 796 2995 οὐκ
812 2957 967 3001 αὔθαδες.
982 2957 1137 3011 ’Έρχον-

115 3034 174 3055 ται
193 3018 260 3070 γὰρ
279 3018 340 3064 τήν
360 3034 399 3055 τε
416 3018 614 3070 παρρησίαν
633 3016 903 3067 ἐνδεικνύμενοι,
924 3017 976 3056 ὅτι
990 3020 1050 3057 καὶ
1065 3035 1137 3071 χω-

118 3079 166 3130 ρὶς
186 3078 323 3116 ἐκείνων
341 3083 413 3120 τοῖς
431 3078 560 3117 ἔθνεσιν
580 3078 748 3130 ἐκήρυξαν
761 3107 771 3125 ,
792 3078 852 3116 καὶ
875 3078 939 3125 τὴν
959 3080 1133 3129 ὑπακοὴν,

115 3140 166 3177 ὅτι
197 3140 311 3181 αὐτοῖς
339 3138 562 3190 ἀναφέρουσιν
579 3155 587 3163 ·
616 3142 653 3178 οὐ
673 3139 740 3191 γὰρ
766 3142 812 3182 ὡς
830 3144 981 3178 τοσαῦτα
999 3156 1136 3194 κατωρ·

115 3199 263 3242 θωκότες
296 3198 553 3246 ἀπενοήθησαν.
599 3200 704 3239 υΟθεν
729 3195 817 3247 ἦσαν
847 3202 1133 3253 παραδεδομένοι,

114 3267 214 3318 φησὶ,
235 3268 276 3317 τῇ
293 3265 414 3317 χάριτι
433 3270 491 3305 τοῦ
507 3268 610 3306 Θεοῦ.
638 3268 709 3306 Καὶ
727 3268 797 3320 μὴν
811 3268 851 3306 τὸ
864 3270 1011 3321 Πνεῦμα
1027 3263 1132 3309 εἶπεν·

158 3389 174 3412 ¹⁸
201 3388 291 3420 Unus
315 3392 353 3420 τὰ
379 3395 515 3429 νοήματα
538 3397 606 3423 τῶν,

159 3440 266 3481 '‘[Sic
298 3446 383 3471 recte
416 3441 452 3471 B.
487 3441 524 3472 D.
560 3450 590 3473 ct
617 3441 777 3477 Commel.
811 3443 912 3478 Savil.
936 3451 967 3476 ct
997 3444 1116 3479 Montf.

307 2292 478 2345 ‘0p01§‚‘¹
457 2309 510 2332 οτι
540 2294 577 2330 οὗ
597 2292 712 2329 πάντα
730 2290 873 2342 χάριτι,
896 2290 986 2328 ἀλλὰ
1007 2291 1066 2328 καὶ
1086 2294 1137 2330 οἷ-
1154 2326 1167 2349 2

1319 267 1474 298 nomn..
1512 265 1642 296 xxm.
2099 246 2186 309 267

1209 363 1294 387 mas
1314 347 1603 400 discipulorum,
1619 345 1945 396 exhortantesque
1972 351 2014 381 ut
2041 356 2191 394 perma-

1211 418 1344 447 nerent
1363 412 1405 446 in
1419 409 1514 460 fide,
1537 416 1574 445 et
1593 407 1698 459 qaod
1714 419 1783 457 per
1797 405 1941 442 multas
1972 404 2191 442 tribulatio-

1211 484 1276 508 nes
1293 478 1439 521 oportet
1456 483 1524 506 nos
1539 471 1686 505 intrare
1699 469 1740 503 in
1758 480 1917 518 regnum
1927 466 2016 503 Dei.

1261 532 1298 568 9.
1318 530 1395 567 Hoc
1410 528 1588 575 dicebant,
1602 527 1670 564 hoc
1688 525 2192 578 monstrabant.Corfirman-

1211 598 1277 639 tes,
1291 589 1418 640 inquit,
1439 592 1592 627 animas
1604 587 1893 639 discipulorum.
1916 587 2039 635 Itaque
2063 585 2194 622 confir-

1214 652 1299 688 mati
1313 661 1408 700 sunt,
1429 651 1500 688 imo
1521 659 1602 688 sunt
1621 649 1785 701 appositi.
1817 648 2064 685 Praedicabant
2082 661 2166 698 ergo
2180 677 2192 697 ,

1214 725 1257 748 ne
1272 711 1308 748 in
1329 711 1585 748 offendiculum
1600 710 1776 747 caderent.
1803 709 1850 746 Et
1879 709 1982 759 quasi
2013 708 2057 746 (lc
2089 708 2194 746 indu-

1213 771 1298 808 stria
1313 771 1381 807 hoc
1399 771 1454 817 fit,
1480 783 1550 807 non
1567 779 1704 807 tantum
1720 783 1783 820 per
1800 770 1988 819 apostolos,
2008 769 2068 806 sed
2088 770 2196 807 etiam

1214 843 1277 881 per
1295 830 1509 881 discipulos,
1526 839 1566 866 ut
1583 828 1722 867 discant
1739 829 1859 866 statim
1872 829 1917 865 ab
1936 830 2035 866 initio
2053 839 2086 866 et
2104 844 2195 881 prae—

1214 889 1402 928 dicationis
1420 890 1511 939 vim,
1532 899 1567 927 et
1586 890 1680 941 ipsos
1695 889 1801 926 etiam
1822 898 1983 940 oportere
2002 890 2085 926 talia
2103 890 2194 941 pati;

1215 959 1325 1001 utque
1334 950 1470 987 fortiter
1480 959 1585 998 stent,
1606 964 1675 987 non
1688 948 1795 986 modo
1811 948 1857 986 ad
1882 949 1983 999 signa
2009 949 2196 998 inhiantes,

1163 1026 1187 1055 D
1214 1012 1278 1050 sed
1295 1011 1407 1049 multo
1421 1010 1533 1061 magis
1544 1010 1593 1047 ad
1610 1010 1831 1048 tentationes.
1859 1008 1944 1046 Ideo
1961 1018 1994 1046 ct
2013 1008 2088 1060 ipse
2103 1008 2197 1047 dicc-

1213 1073 1276 1111 bat
1291 1072 1420 1109 :Idem
1445 1080 1641 1109 certamen
1661 1072 1859 1115 habentes,
1888 1070 2006 1122 quale
2025 1078 2062 1107 et
2093 1072 2195 1107 vidi·
2211 1084 2347 1123 Philipp.
2368 1092 2395 1114 ι.

1213 1136 1284 1172 stis
1300 1135 1341 1170 in
1356 1147 1417 1171 me
1436 1141 1473 1171 et
1488 1133 1714 1171 exaudistis.
1729 1130 2020 1181 persequutiones
2037 1131 2198 1181 frequen-

1215 1204 1267 1233 tes
1297 1203 1396 1232 erant
1428 1210 1436 1230 :
1473 1194 1608 1244 ubique
1632 1192 1738 1240 bella,
1760 1205 1914 1243 pugnae,
1946 1191 2195 1243 lapidationes.

1217 1256 1342 1303 Qualis
1355 1255 1556 1293 adhortatio
1575 1255 1593 1292 Ξ)
1614 1253 1791 1305 quomodo
1818 1252 2089 1304 persuadebant,
2110 1253 2199 1291 dum

1215 1317 1252 1356 in
1274 1317 1450 1370 principio
1484 1317 1733 1355 tribulationes
1776 1314 1964 1352 dicerent?
1998 1314 2135 1352 Deinde
2165 1325 2200 1354 et

1214 1378 1285 1416 alia
1302 1378 1494 1417 consolatio
1506 1394 1514 1414 ε
1526 1381 1588 1416 92.
1606 1379 1659 1415 Et
1678 1390 1764 1414 cum
1783 1376 2026 1413 ordinassent
2041 1376 2120 1413 illis
2131 1391 2201 1427 per

1213 1441 1389 1493 singulas
1423 1440 1622 1477 Ecclesias
1657 1439 1917 1489 presbyteros,
1953 1445 1990 1474 et
2025 1446 2200 1475 orassent

1213 1517 1300 1540 eum
1315 1504 1492 1555 jejuniis,
1519 1500 1887 1538 commendaverunt
1906 1511 1970 1535 eos
1989 1499 2160 1535 Domino
2183 1529 2194 1544 ,

1213 1566 1256 1601 in
1269 1577 1381 1615 quem
1402 1562 1661 1600 crediderunt.
1684 1558 1857 1598 Vidistin’
1873 1558 2048 1596 fervorem
2063 1559 2165 1596 Pauli
2180 1559 2198 1596 Ξ)

1215 1625 1312 1662 Cum
1332 1630 1519 1669 orassent,
1542 1620 1672 1671 inquit,
1698 1634 1784 1657 cum
1810 1621 1985 1671 jejuniis,
2009 1632 2199 1656 commen-

1166 1693 1190 1723 E
1215 1686 1406 1723 daverimt
1427 1698 1490 1722 eos
1508 1684 1693 1722 Domino.
1725 1681 1836 1730 Vide,
1858 1694 1938 1718 cum
1954 1680 2100 1732 jejuniis
2134 1695 2198 1718 or-

1215 1745 1427 1785 dinationes.
1463 1747 1600 1783 Rursus
1629 1742 1821 1795 jejunium,
1858 1741 2022 1793 purgatio
2063 1743 2198 1780 anima-

1217 1820 1297 1844 rum
1326 1814 1537 1843 nostrarum.
1557 1806 1620 1842 95.
1641 1804 1674 1840 T
1672 1801 1974 1853 ranseuntesq‘ue
1988 1803 2196 1853 Pisidiam,

1217 1874 1403 1904 venerunt
1437 1867 1479 1901 in
1499 1863 1783 1914 Pamphyliam
1797 1877 1813 1906 ;
1841 1862 1905 1900 24.
1931 1870 1968 1899 et
1996 1862 2197 1913 loquentes

1216 1930 1378 1965 verbum
1414 1929 1456 1963 in
1488 1927 1637 1976 Perge,
1682 1923 1961 1961 descenderunt
1997 1925 2039 1959 in
2068 1924 2192 1961 Atta-

1215 1988 1324 2025 liam.
1346 1987 1438 2025 Nam
1466 1999 1509 2023 ne
1534 1983 1794 2035 discipulorum
1818 1983 1930 2020 animi
1949 1983 2191 2034 conciderent,

1216 2047 1314 2099 quod
1332 2047 1412 2096 illi,
1433 2046 1496 2097 qui
1523 2045 1576 2083 dii
1595 2044 1790 2082 existimati
1821 2044 1961 2081 fuerant
1980 2074 1990 2093 ,
2016 2044 2099 2082 talia
2128 2059 2197 2097 pa-

1215 2118 1397 2157 terentur,
1430 2106 1579 2158 ingressi
1613 2114 1695 2143 sunt
1730 2104 1776 2142 ad
1812 2104 1920 2154 illos,
1954 2114 1986 2142 et
2020 2105 2197 2156 alloquuti

1213 2179 1296 2208 sunt
1316 2183 1385 2207 eos.
1406 2169 1454 2206 Et
1480 2167 1585 2215 vide3
1610 2166 1710 2218 prius
1742 2166 1779 2203 in
1816 2166 1957 2203 Derhen
1991 2165 2078 2214 exit,
2101 2165 2192 2204 dans

1216 2230 1288 2268 illis
1317 2227 1514 2280 respirandi
1547 2227 1668 2264 locum
1684 2240 1704 2263 a
1726 2226 1867 2274 furore,
1898 2235 1932 2262 et
1961 2234 2047 2263 tunc
2073 2239 2196 2264 rursus

1214 2291 1314 2329 venit
1342 2291 1533 2342 Lystram,
1562 2287 1725 2325 Iconium
1751 2295 1784 2324 et
1805 2286 2054 2323 Antiochiam:
2076 2287 2197 2324 furen-

1164 2362 1190 2391 A
1217 2352 1311 2390 tibus
1346 2351 1420 2388 illis
1446 2349 1572 2387 cedens
1589 2378 1599 2397 ,
1635 2347 1774 2385 sedatos
1807 2361 1892 2386 vero
1928 2347 2062 2385 adiens.
2085 2348 2198 2387 Vides

1215 2427 1273 2451 eos
1293 2426 1361 2450 non
1377 2411 1495 2450 omnia
1522 2424 1585 2462 per
1604 2409 1779 2460 gratiam,
1816 2407 1878 2445 sed
1901 2408 2007 2445 etiam
2035 2423 2097 2460 per
2115 2423 2199 2461 pro-

1213 2474 1334 2526 prium
1359 2472 1518 2511 studium
1541 2469 1817 2508 administrasse.
1844 2471 1909 2508 125.
1934 2471 1989 2507 Et
2016 2470 2107 2506 inde
2127 2483 2198 2507 na-

1216 2538 1441 2587 vigaverunt
1479 2531 1750 2576 Antiochiam,
1782 2530 1884 2567 unde
1921 2539 2033 2568 erant
2065 2532 2200 2574 traditi

1212 2599 1351 2648 gratiae
1370 2596 1460 2643 Dei,
1480 2596 1520 2630 in
1549 2606 1644 2643 opus
1664 2592 1769 2643 quod
1792 2591 2090 2642 compleverunt.
2125 2592 2199 2635 Cur-

1213 2671 1337 2695 rursus
1367 2653 1593 2692 Antiochiam
1618 2652 1796 2691 veniunt?
1824 2653 1875 2690 Ut
1913 2651 2122 2689 annuntient
2157 2666 2197 2691 ea

1213 2732 1290 2770 quae
1315 2716 1392 2755 illic
1425 2716 1516 2753 facta
1536 2723 1629 2752 sunt.
1659 2712 1828 2762 Alioquin
1855 2726 1939 2750 vero
1956 2712 2041 2749 hinc
2069 2727 2196 2764 magna

1211 2793 1267 2817 res
1297 2776 1568 2816 administratur
1591 2791 1598 2811 :
1628 2773 1812 2826 oportebat
1835 2773 1929 2810 enim
1944 2773 2020 2824 jam
2049 2787 2130 2810 cum
2152 2774 2197 2811 fi-

1211 2839 1317 2878 ducia
1332 2838 1525 2892 praedicare
1543 2835 1718 2888 gentibus.
1735 2834 1893 2873 Veniunt
1916 2847 1999 2884 ergo
2014 2833 2090 2871 haec
2105 2848 2197 2872 nun-

1211 2901 1345 2949 tiaturi,
1362 2909 1403 2938 ut
1429 2899 1518 2937 scire
1531 2897 1680 2950 possint.
1708 2895 1756 2933 Et
1780 2893 1990 2947 providetur
2011 2924 2020 2941 ,
2041 2903 2080 2931 ut
2112 2904 2197 2933 tunc

1161 2970 1183 3000 B
1213 2962 1354 3002 veniant
1382 2960 1408 2998 ii
1441 2960 1502 3011 qui
1531 2957 1770 3011 prohibebant
1805 2970 1886 2993 cum
1922 2955 2084 3006 gentibus
2112 2971 2195 2994 ver-

1210 3023 1280 3062 sari
1290 3039 1302 3073 3
1341 3031 1382 3060 ut
1411 3020 1541 3059 deinde
1562 3032 1729 3070 magnam
1762 3031 1807 3055 ex
1825 3016 2060 3068 Jerosolymis
2092 3017 2195 3055 fidu-

1210 3085 1302 3124 ciam
1315 3083 1446 3135 adepti,
1476 3081 1625 3120 fidenter
1639 3079 1788 3117 abirent.
1809 3077 1880 3117 Vel
1898 3078 2020 3115 aliter:
2041 3078 2196 3117 ostendit

1210 3159 1331 3183 eorum
1361 3157 1476 3181 mores
1511 3155 1581 3179 non
1610 3138 1850 3190 arrogantiam
1880 3152 2013 3190 sapere.
2034 3138 2194 3178 Veniunt

1210 3206 1319 3256 enim,
1338 3214 1379 3242 ut
1399 3213 1433 3242 et
1455 3203 1627 3241 fiduciam
1646 3215 1746 3239 suam
1762 3198 1965 3248 exhibeant,
1985 3199 2082 3250 quod
2107 3200 2194 3238 abs-

1210 3281 1279 3319 que
1304 3266 1377 3305 illis
1404 3263 1654 3317 praedicassent
1689 3261 1865 3313 gentihus,
1887 3270 1920 3299 et
1938 3260 2193 3313 obedientiam,

1184 3396 1329 3429 ἑξῑώκουν.
1347 3391 1383 3424 C.
1404 3393 1548 3424 έῖιοίκουν.
1569 3387 1605 3419 Α.
1625 3386 1660 3421 δι’
1678 3386 1799 3427 ἄλοκι]
