2466 3805
124 2142 237 2169 JIth.
259 2141 287 2169 5.

337 279 425 333 2214

757 286 794 315 S.
832 283 1018 315 JOANNIS
1052 280 1294 312 CHRYSOST·
1333 279 1537 309 ARCHIEP.
1577 280 1936 311 CONSTANTINOP.

329 371 536 423 proferunt?
557 372 603 407 At
621 381 724 415 nunc,
742 367 824 403 licet
846 366 958 402 multa
984 363 1196 412 dixerimus,
1214 376 1303 400 non-
1328 365 1354 394 D
1376 365 1524 412 κινῶμεν
1556 364 1694 416 λόγους,
1739 366 1798 403 καὶ
1831 370 1899 404 τῶν
1931 367 2206 417 βασανιστηρίων
2240 365 2392 412 ἐκείνων,

327 432 411 468 dum
438 431 617 467 manifesta
645 437 695 465 est
723 426 866 462 nuditas
888 441 896 460 :
918 425 994 462 illic
1012 439 1097 463 vero
1122 424 1305 461 manifesta

327 491 402 527 erit.
416 488 601 535 Quomodo
618 496 651 524 et
666 500 734 536 qua
748 485 904 522 ratione?
919 485 1011 522 Cum
1023 485 1143 523 sericis
1158 484 1230 522 illis
1244 498 1306 523 ve-

324 552 436 588 stibus
450 560 482 586 et
497 548 646 600 gemmis
666 546 815 594 amissis,
831 546 915 583 solis
931 546 988 584 vel
1009 546 1152 584 virtutis
1173 545 1230 584 vel
1251 544 1305 582 vi-

324 613 362 649 tii
383 611 539 649 vestibus
558 609 677 646 amicti
697 622 816 646 omnes
834 616 1019 645 cernentur
1026 623 1038 658 3
1062 622 1142 645 cum
1162 621 1301 659 paupe-

322 687 377 710 res
392 672 502 722 gloria
518 671 636 708 amicti
658 670 770 707 multa
789 669 1055 721 comparebunt,
1072 669 1201 707 divites
1217 681 1301 707 Vero

322 732 408 769 nudi
437 746 476 769 ac
495 741 614 783 turpes
633 730 677 767 ad
703 729 879 781 supplicia
898 729 1096 767 trahentur.
1120 728 1219 775 Quid
1242 728 1302 765 de-

320 794 459 832 licatius
478 803 551 831 erat
573 793 636 830 illo
662 793 786 837 divite,
805 792 868 842 qui
889 792 1100 829 induebatur
1118 791 1302 843 purpura?

321 855 408 904 quid
444 853 633 906 pauperius
664 853 822 890 Lazaro?
844 861 921 889 uter
949 866 1031 902 ergo
1058 852 1301 889 mendicorum

320 916 519 966 proferebat
533 914 669 952 verba?
693 922 769 950 uter
783 913 884 963 quasi
903 913 939 950 in
963 912 1181 950 abundantia
1199 912 1305 962 dege-

319 975 382 1012 bat
393 976 410 1012 ?
420 975 457 1013 Si
474 975 554 1025 quis
573 974 721 1011 domum
734 974 856 1011 multis
871 982 969 1010 ornet
985 973 1119 1022 aulaeis,
1134 973 1207 1024 ipse
1221 986 1305 1009 vero

321 1035 416 1072 intus
440 1035 556 1072 nudus
581 1035 638 1082 sit,
660 1035 756 1086 quod
774 1033 942 1071 lucrum?
963 1033 1022 1072 Sic
1041 1043 1074 1070 et
1097 1032 1305 1071 mulieribus

321 1095 449 1133 accidit
470 1111 476 1131 :
498 1095 644 1133 domum
662 1095 793 1147 quippe
809 1095 948 1138 animae,
965 1109 1092 1146 corpus
1107 1094 1199 1141 dico,
1214 1094 1306 1131 mul-
1326 1105 1350 1134 E

321 1155 367 1193 tis
384 1156 546 1193 decorant
565 1157 798 1205 ornamentis,
821 1155 1085 1193 materfamilias
1108 1169 1190 1193 vero
1209 1155 1305 1192 intus

322 1215 418 1254 sedet
449 1216 557 1254 nuda.
582 1217 812 1254 Commodate
844 1217 932 1253 mihi
961 1216 1086 1253 animae
1118 1215 1251 1265 oculos,
1273 1224 1304 1252 et

321 1277 505 1314 ostendam
526 1278 627 1315 vobis
653 1278 777 1315 animae
799 1277 1005 1315 nuditatem.
1022 1277 1110 1322 Quae
1135 1276 1229 1314 enim
1255 1285 1305 1314 est

321 1337 447 1374 animae
461 1337 593 1375 vestis?
611 1338 736 1376 Virtus
752 1347 852 1375 certe.
869 1338 955 1383 Quae
969 1337 1137 1375 nuditas?
1152 1337 1303 1374 Malitia.

321 1397 421 1434 Sicut
440 1397 533 1434 enim
551 1398 579 1435 si
595 1398 673 1448 quis
687 1398 840 1435 liberum
860 1398 1063 1450 quempiam
1082 1407 1202 1448 exuat,
1224 1412 1305 1435 eru—

319 1457 444 1507 bescit,
467 1459 687 1496 contrahitur
708 1468 739 1496 et
760 1459 849 1510 fugit
867 1475 874 1494 :
890 1459 940 1496 sic
953 1459 981 1496 si
998 1459 1152 1497 animam
1171 1459 1227 1496 his
1241 1473 1304 1496 vc-

320 1520 434 1557 stibns
450 1534 519 1558 non
537 1521 699 1559 indutam
717 1522 848 1559 intueri
862 1521 1025 1571 velimus,
1042 1521 1215 1559 erubescit
1230 1521 1302 1558 illa.

319 1580 416 1626 Quot
437 1591 539 1632 putas
572 1596 666 1620 nunc
688 1583 826 1634 pudore
851 1582 958 1628 affici,
978 1591 1011 1619 et
1031 1582 1067 1619 in
1086 1582 1303 1634 profundum

319 1641 541 1689 descendere,
561 1652 598 1680 ut
614 1644 714 1693 quasi
735 1643 927 1694 quodpiam
951 1643 1190 1680 velamentum
1210 1658 1302 1693 quae-

1376 422 1453 474 οὐχὶ
1482 425 1613 474 μᾶλλον
1645 428 1712 463 τῶν
1738 430 1878 478 γυμνῶν
1911 426 2050 464 ἐκείνων
2072 427 2270 478 πεπήγασιν
2299 429 2391 463 οὑτοι

1375 483 1434 520 καὶ
1450 484 1652 535 τρέμουσιν,
1671 486 1748 537 οὐχὶ
1767 486 1876 538 πικρὰ
1892 487 2104 534 στενάζουσι,
2119 488 2177 524 καὶ
2198 486 2388 525 καταδικά-

1375 545 1488 587 ζουσιν
1516 546 1676 592 ἑαυτούς,
1707 547 1755 585 Τί
1771 548 1840 594 δαὶ,
1861 546 1936 584 “rw
1956 550 2005 598 τῷ
2025 549 2107 585 δεῖνι
2126 548 2390 599 προσέρχωνται

1374 604 1433 641 καὶ
1458 605 1618 654 λέγωσιν,
1645 601 1739 651 εῦξαι
1757 608 1844 660 ὑπὲρ
1860 610 1943 656 ἐμοῦ
1956 623 1964 630 ·
1985 607 2060 658 οὐχὶ
2079 607 2122 645 τὰ
2139 608 2227 646 αὐτὰ
2249 608 2391 659 ῥήματα

1373 664 1578 716 φθέγγονται
1601 667 1766 716 ἐκείνοις,
1793 667 1897 706 Ἀλλὰ
1914 673 1970 706 νῦν
1992 667 2068 718 μὲν,
2089 668 2154 705 δ’σα
2170 668 2209 705 ἂν
2227 668 2392 717 εἴπωμεν,

1371 725 1467 763 οὔπω
1485 728 1571 774 δήλη
1592 732 1613 774 ἡ
1635 728 1825 779 γυμνότης·
1849 728 1948 766 ἔσται
1962 728 1997 766 δὲ
2014 731 2084 766 ἐκεῖ
2100 728 2203 774 δήλη.
2232 730 2315 771 Πῶς
2330 727 2390 765 καὶ

1370 786 1436 824 τίνι
1451 788 1592 841 τρόπῳ,
1611 788 1726 828 εὈταν
1746 794 1814 828 τῶν
1835 792 1986 842 σηρικῶν
2008 789 2156 841 ἱματίων
2177 789 2306 827 τούτων
2331 790 2390 827 καὶ

1372 851 1439 886 τῶν
1462 849 1564 887 λίθων
1587 851 1843 899 ἀπωλολότων,
1876 852 1945 889 ἀπὸ
1968 851 2080 902 μόνων
2096 854 2164 889 τῶν
2184 855 2246 898 τῆς
2266 853 2390 904 ἀρετῆς

1372 910 1431 947 καὶ
1459 914 1520 957 τῆς
1544 911 1669 956 κακίας
1686 912 1834 962 ἱματίων
1854 913 2004 956 ἅπαντες
2020 912 2232 964 φαίνωνται·
2259 911 2339 949 ὅταν
2356 915 2388 949 οἷ

1374 969 1435 1019 μὲν
1467 971 1613 1019 πένητες
1632 966 1716 1011 ῶσιν
1736 973 1969 1026 ἠμφιεσμένοι
1997 972 2096 1017 δόξαν
2122 972 2255 1019 πολλὴν
2271 1002 2280 1019 ,
2303 974 2334 1010 οἱ
2354 971 2390 1010 δὲ

1372 1032 1595 1076 πλουτοῦντες
1611 1034 1734 1085 γυμνοὶ
1750 1035 1809 1072 καὶ
1829 1038 2104 1086 ἀσχημονοῦντες
2122 1034 2207 1085 πρὸς
2224 1033 2268 1072 τὰ
2286 1035 2390 1071 κολα-

1373 1093 1499 1143 στήρια
1519 1094 1702 1146 σύρωνται.
1737 1096 1783 1133 Τί
1801 1095 1984 1147 ἁδρότερον
2006 1089 2047 1141 ἦν
2067 1099 2126 1132 τοῦ
2151 1094 2315 1133 πλουσίου
2330 1097 2390 1132 τοῦ

1371 1154 1435 1201 τὴν
1462 1155 1638 1207 πορφύραν
1667 1155 1970 1206 ἓνδιδυσκομένου;
2003 1155 2038 1193 τί
2058 1156 2092 1194 δὲ
2110 1156 2313 1208 πενέστερον
2331 1158 2390 1192 τοῦ

1373 1215 1555 1268 Λαζάρου,
1575 1215 1625 1259 τίς
1642 1210 1697 1253 οῦν
1713 1216 1757 1254 τὰ
1769 1220 1836 1254 τῶν
1868 1218 2020 1254 ἐπαιτῶν
2038 1215 2219 1267 ἐφθέγγετο
2236 1215 2390 1267 ῥήματα,

1457 1276 1483 1290 Ἀὶ

1601 1280 1610 1291 >
1703 1277 1711 1290 t
1757 1271 1777 1291 ’ζ’
1886 1279 1895 1291 2
1934 1277 1943 1291 t
2095 1277 2110 1291 a!
2225 1276 2233 1291 x
2298 1278 2307 1290 ι
2338 1275 2347 1289 ι

1453 1291 1488 1314 ΟΞ
1522 1293 1556 1314 SV
1592 1281 1734 1329 αἶρθονῑᾳ
1755 1293 1818 1323 7]V;
1852 1279 1942 1315 Eme
1971 1293 2050 1325 μῠῑ,
2079 1293 2108 1314 ει
2127 1293 2178 1320 τις
2197 1293 2258 1323 την
2278 1292 2388 1314 Οῑχιαν

1370 1275 1421 1319 τίς

1371 1338 1576 1388 περιδάλλοι
1603 1340 1744 1382 πολλοῖς
1765 1345 1835 1382 τοῖς
1861 1338 2201 1391 παραπετάσμασιν,
2230 1337 2330 1379 αὐτὸς
2353 1336 2389 1374 δὲ

1372 1398 1466 1436 ἔνδον
1491 1398 1639 1445 κάθηται
1667 1399 1817 1450 γυμνὸς,
1848 1399 1882 1436 τί
1903 1399 1942 1437 τὸ
1959 1399 2098 1451 κέρδος,
2129 1398 2233 1436 Οὕτω
2253 1397 2312 1435 καὶ
2330 1397 2389 1434 ἐπὶ

1371 1463 1438 1497 τῶν
1461 1463 1632 1511 γυναικῶν
1652 1460 1795 1511 γίνεται.
1816 1459 1917 1506 1’Τὴν
1939 1459 2000 1510 μὲν
2015 1459 2081 1511 γὰρ
2103 1459 2213 1497 οἰκίαν
2233 1461 2294 1503 τῆς
2321 1459 2389 1510 ψυ-

1371 1525 1449 1573 χῆς,
1468 1521 1507 1557 τὸ
1526 1524 1629 1571 σῶμα
1645 1522 1748 1573 λέγω,
1768 1523 1908 1565 πολλοῖς
1930 1521 2196 1572 περιὸάλλουσιν
2211 1536 2218 1543 ·
2238 1523 2260 1566 ἦ
2283 1519 2317 1556 δὲ
2340 1521 2390 1558 οἷ-

1372 1581 1579 1619 κοδέσποινα
1598 1582 1690 1619 ἔνδον
1712 1581 1862 1626 κάθηται
1883 1581 2010 1633 γυμνή.
2050 1579 2215 1632 Χρήσατέ
2235 1595 2293 1631 μοι
2311 1578 2389 1622 τοὺς

1371 1646 1432 1688 τ’ἧς
1452 1645 1564 1694 ψυχῆς
1586 1642 1802 1694 ὀφθαλμοὺς,
1832 1643 1891 1680 καὶ
1913 1642 2081 1686 ὑποδείξω
2097 1645 2177 1692 ὑμῖν
2197 1645 2259 1688 τῆς
2274 1642 2389 1692 ψυχῆς

317 1711 443 1752 rentes,
465 1712 505 1740 ut
524 1717 567 1740 ne
588 1704 696 1741 verba
718 1704 780 1741 illa
795 1704 970 1741 audiant?
992 1704 1079 1750 Quae
1101 1718 1184 1741 Vero
1204 1704 1362 1753 illius-307
1372 1701 1433 1748 τὴν
1448 1702 1660 1753 γυμνότητα.
1689 1703 1736 1741 Τί
1751 1703 1818 1756 γάρ
1839 1704 1931 1740 ἐστιν
1955 1702 2091 1753 ἱμάτιον
2111 1704 2244 1754 ψυχῆς,
2268 1700 2388 1753 Ἀρετὴ

319 1763 386 1800 sibi
402 1764 486 1800 mali
506 1765 650 1802 consciae
666 1779 735 1802 non
751 1774 842 1813 sunt,
858 1765 1036 1815 laetantur,
1056 1765 1221 1816 gaudent,
1241 1765 1303 1802 dc-
1325 1768 1351 1796 A

317 1823 503 1873 lectantur,
525 1834 558 1862 et
577 1826 621 1863 de
635 1826 741 1863 dictis
756 1826 962 1878 hujusmodi
979 1826 1187 1877 gloriantur.
1206 1826 1305 1864 Audj

317 1883 362 1922 de
385 1886 486 1922 beata
507 1886 652 1923 Thecla.
670 1887 738 1924 Illa
766 1896 803 1924 ut
829 1887 981 1924 Paulum
999 1887 1152 1935 videret,
1176 1901 1304 1924 aurum

319 1958 424 1982 suum
452 1946 551 1983 dedit
575 1962 581 1982 :
604 1956 642 1983 tu
666 1956 704 1984 ut
729 1947 911 1984 Christum
935 1947 1071 1994 videas,
1090 1962 1201 1997 neque
1221 1947 1305 1985 obo-

318 2004 396 2042 lum
415 2005 571 2056 dederis,
590 2007 650 2044 sed
677 2007 818 2045 miraris
839 2007 983 2058 quidem
1003 2008 1099 2045 illius
1119 2018 1225 2059 gesta,
1242 2022 1306 2046 nec

319 2064 485 2102 imitaris.
504 2066 585 2102 Non
607 2065 723 2113 audis,
743 2081 851 2116 quam
872 2067 964 2103 beati
984 2066 1148 2104 dicantur
1166 2067 1306 2104 miseri-

323 2124 470 2162 cordes?
486 2127 602 2163 Beati
612 2129 885 2173 misericordes,
897 2127 1023 2176 inquit,
1036 2131 1220 2179 quoniam
1235 2131 1307 2179 ipsi

324 2188 626 2223 misericordiam
656 2197 945 2238 consequentur.
975 2188 1079 2234 Quod
1114 2188 1254 2224 lucrum
1286 2202 1306 2225 a

322 2245 485 2296 pretiosis
500 2247 688 2284 vestibus-,⁰
704 2247 874 2296 quamdiu
891 2248 939 2285 ad
950 2249 1045 2285 hunc
1065 2249 1235 2285 amictum
1251 2248 1305 2285 in-

320 2305 524 2343 hiabimus?
548 2307 766 2344 Amiciamur
781 2307 892 2358 gloria
908 2308 1052 2356 Christi,
1067 2308 1129 2345 illa
1144 2309 1304 2360 pulchri-

320 2367 444 2405 tudine
472 2368 744 2415 circumdemur,
768 2379 807 2407 ut
825 2379 859 2407 et
882 2371 942 2407 hic
964 2370 1162 2418 laudemur,
1182 2380 1213 2408 et
1230 2371 1304 2409 illic

321 2437 450 2466 aeterna
479 2443 732 2480 consequamur
760 2430 864 2477 bona,
889 2432 1002 2482 gratia
1030 2440 1061 2468 et
1089 2432 1305 2483 benignitate
1323 2433 1346 2462 Β

321 2489 467 2526 Domini
488 2491 597 2527 nostri
617 2493 700 2529 Jesu
723 2491 869 2539 Christi,
890 2492 1034 2542 quicum
1053 2492 1149 2529 Patri
1172 2502 1202 2529 et
1224 2492 1302 2544 Spi„

320 2549 404 2586 ritui
424 2560 543 2588 sancto
563 2551 688 2602 gloria,
704 2552 905 2604 imperium,
917 2553 1143 2603 honor,nune
1159 2562 1192 2591 et
1211 2568 1302 2592 sem-

318 2623 394 2660 per,
410 2619 443 2648 et
458 2611 494 2648 in
512 2612 639 2650 saecula
655 2613 876 2652 saeculorum.
899 2616 1022 2652 Amen.

1326 3109 1350 3138 C

370 3220 385 3242 b
403 3218 463 3251 Alii
481 3226 532 3259 τὴν
551 3224 605 3262 μὲν
628 3222 677 3254 οὖν
693 3226 793 3255 οἰκίαν-

1372 1763 1541 1808 δηλονότι.
1559 1763 1605 1801 Τί
1621 1762 1655 1801 δὲ
1670 1763 1863 1815 γυμνότης,
1884 1764 2012 1801 Κακία.
2030 1763 2196 1814 Καθάπερ
2212 1762 2279 1814 γὰρ
2294 1761 2389 1803 εἴτις

1372 1823 1556 1862 ἀποδύσειέ
1573 1840 1650 1862 τινα
1666 1828 1733 1862 τῶν
1746 1824 1944 1878 ἐλευθέρων,
1961 1824 2159 1876 αἰσχύνεται
2170 1824 2229 1862 καὶ
2241 1822 2388 1862 συστέλ-

1368 1886 1466 1922 λεται
1482 1885 1541 1923 καὶ
1556 1886 1685 1938 φεύγει·
1700 1885 1789 1924 οὕτω
1805 1886 1845 1933 δὴ
1863 1886 1920 1924 καὶ
1935 1886 2042 1938 ψυχὴ,
2054 1886 2093 1923 ἂν
2103 1885 2256 1936 θέλωμεν
2268 1887 2314 1927 εἷς
2329 1885 2387 1921 αὖ·

1370 1946 1433 1992 τὴν
1443 1948 1537 1994 ἰδεῖν,
1551 1952 1572 1994 ἧ
1583 1947 1631 1997 μὴ
1645 1952 1753 1986 ταῦτα
1764 1947 1891 1999 ἔχουσα
1900 1948 2089 1998 τὰῖμάτια,
2105 1950 2255 2000 ἐρυθριᾷ.
2269 1945 2388 1988 Πόσας

1370 2007 1432 2045 οἴει
1448 2012 1504 2045 νῦν
1521 2008 1759 2060 αἰσχύνεσθαι,
1774 2009 1833 2046 καὶ
1850 2009 1934 2063 πρὸς
1950 2009 2032 2047 αὐτὸ
2042 2007 2319 2046 καταδύεσθαιτὸ
2330 2006 2389 2057 βοί-

1371 2071 1438 2115 θος,
1447 2068 1607 2123 ὥσπερ-ιι
1618 2070 1879 2121 παραπέτασμα
1889 2069 1948 2107 καὶ
1959 2069 2197 2122 προκάλυμμα
2213 2067 2388 2116 ἔπιζητού·

1371 2145 1445 2176 σας,
1467 2129 1522 2166 ἵνα
1546 2130 1672 2168 τούτων
1691 2131 1738 2180 μὴ
1756 2130 1910 2168 ἀκούοιεν
1927 2132 1994 2168 τῶν
2010 2130 2122 2181 λόγων
2138 2146 2147 2177 ;
2164 2132 2209 2168 Αἱ
2228 2130 2263 2168 δὲ
2281 2129 2388 2179 μηδὲν

1371 2192 1558 2228 συνειδυῖαι
1585 2195 1734 2235 ἑαυταῖς,
1755 2192 1951 2243 γάννυνται,
1970 2191 2165 2244 χαίρουσιν,
2186 2191 2387 2243 ἐναόρύνον-

1370 2266 1428 2287 ται
1448 2251 1506 2288 καὶ
1526 2251 1843 2301 ε’γκαλλωπίζονται
1868 2258 1937 2294 τοῖς
1954 2253 2163 2303 λεγομένοις.
2193 2251 2382 2291 ὃνΑκουσον

1369 2311 1449 2362 περὶ
1469 2315 1531 2357 τ’ἧς
1552 2310 1725 2362 μακαρίας
1745 2311 1895 2357 Θέκλης.
1925 2313 2064 2358 Ἐκείνη
2085 2313 2140 2350 ἵνα
2160 2315 2298 2351 Παῦλον
2319 2312 2387 2362 ἴδῃ,

1369 2371 1428 2408 καὶ
1452 2371 1495 2409 τὰ
1526 2371 1654 2422 χρυσία
1679 2371 1804 2408 ἔδωκεν
1826 2374 1966 2417 ἑαυτῆς·
1988 2372 2028 2410 σὺ
2047 2372 2081 2410 δὲ
2095 2372 2149 2410 ἵνα
2163 2373 2221 2410 τὸν
2237 2374 2386 2424 Χριστὸν

1370 2431 1458 2483 ἴδῃς,
1479 2433 1554 2470 οὐδὲ
1575 2431 1694 2469 ὁὸο).ον
1714 2431 1836 2478 δίδως,
1859 2431 1948 2469 ἀλλὰ
1976 2432 2161 2482 θαυμάζεις
2177 2432 2239 2483 μὲν
2260 2433 2303 2472 τὰ
2330 2449 2387 2484 γε-

1368 2492 1541 2544 γενημένα
1562 2493 1618 2529 ὑπ’
1639 2491 1783 2539 ἐκείνης,
1800 2495 1836 2530 οὐ
1857 2494 1970 2539 ζηλοῖς
1984 2493 2031 2530 δέ.
2063 2495 2140 2531 Οὐκ
2160 2494 2295 2538 ἀκούεις
2313 2496 2388 2537 πῶς

1366 2553 1444 2597 τοὺς
1465 2553 1652 2603 ἐλεήμονας
1675 2553 1858 2605 μακαρίζει
1877 2557 1894 2591 ὁ
1914 2553 2030 2605 λόγος;
2048 2554 2227 2605 Μακάριοι
2243 2558 2274 2592 οἱ
2289 2555 2386 2601 ἐλεή-

1368 2630 1484 2665 μονες,
1510 2614 1612 2666 φησὶν
1625 2644 1634 2660 ,
1655 2615 1707 2652 ὅτι
1739 2614 1834 2652 αὐτοὶ
1855 2614 2113 2661 ἐλεηθήσονται.
2148 2614 2195 2652 Τί
2211 2615 2250 2652 τὸ
2268 2616 2388 2669 κέρδος

1368 2676 1436 2714 ἀπὸ
1450 2678 1517 2712 τῶν
1535 2676 1730 2714 πολυτελῶν
1754 2676 1900 2725 ἱματίων
1914 2693 1923 2723 ;
1940 2676 2044 2728 μέχρι
2059 2675 2143 2713 πότε
2158 2677 2244 2728 πρὸς
2258 2677 2385 2725 ταύτην

1367 2736 1564 2788 κεχήναμεν
1596 2736 1657 2782 τὴν
1685 2738 1829 2784 στολήν,
1872 2736 2146 2789 Ἀμφιασώμεθα
2183 2736 2245 2783 τὴν
2288 2737 2385 2782 δόξαν

1367 2802 1426 2835 τοῦ
1446 2799 1610 2849 Χριστοῦ,
1628 2797 1902 2851 περιὸαλώμεθα
1915 2799 1954 2835 τὸ
1973 2798 2098 2840 κάλλος
2114 2800 2235 2843 ἐκεῖνο,
2251 2798 2308 2837 ἵνα
2328 2800 2387 2836 καὶ

1369 2859 1515 2894 ἐνταῦθα
1534 2860 1781 2909 ἐπαινεθῶμεν,
1806 2858 1864 2895 καὶ
1880 2859 1950 2895 ἐκεῖ
1971 2860 2038 2895 τῶν
2059 2858 2205 2896 αἰωνίων
2225 2859 2386 2911 τύχωμεν

1370 2921 1531 2969 ἀγαθῶν,
1557 2918 1676 2971 χάριτι
1705 2920 1763 2957 καὶ
1794 2918 2034 2972 φιλανθρωπία
2058 2924 2116 2957 τῶ
2136 2920 2266 2972 Κυρίου
2286 2923 2386 2972 ἡμῶν

1371 2979 1486 3025 Ἰησοῦ
1516 2980 1670 3031 Χριστοῦ
1686 3009 1695 3026 ,
1732 2978 1806 3029 μεθ’
1827 2974 1864 3017 οῦ
1893 2983 1942 3032 τῷ
1972 2980 2088 3032 Πατρὶ
2122 2981 2196 3031 ἅμα
2216 2984 2265 3033 τῷ
2298 2981 2386 3033 ἁγίῳ

1372 3040 1554 3090 Πνεύματι
1579 3040 1680 3085 δόξα,
1708 3040 1852 3092 κράτος,
1878 3042 1984 3091 τιμὴ,
2010 3046 2066 3080 νῦν
2087 3042 2147 3081 καὶ
2162 3042 2234 3088 ἀεὶ,
2265 3043 2325 3081 καὶ
2341 3045 2388 3086 εἷς

1374 3101 1450 3144 τοὺς
1466 3104 1591 3144 αἰῶνας
1610 3104 1676 3138 τῶν
1695 3101 1839 3140 αἰώνων.
1858 3101 1978 3151 Ἀμήν.

1435 3234 1447 3249 =¹
1466 3223 1528 3256 Alii
1544 3231 1592 3257 ἁκ-
1613 3233 1664 3262 τῆς
1678 3240 1752 3267 μακ.
1781 3230 1887 3262 ἐκείνης
1900 3229 2024 3265 Θεκώας,
2044 3232 2087 3260 ὅτι
2115 3231 2160 3260 ἵνα
2192 3230 2310 3260 Παῦλον
2327 3229 2382 3271 ἴδῃ.
