2502 3810
643 226 653 253 1
661 225 685 253 N
724 226 748 253 A
754 226 836 254 CTA
876 226 900 253 A
908 224 1156 254 POSTOLORU
1163 226 1194 254 M
1204 245 1212 254 .

99 304 186 350 ζωὴν
204 304 262 341 καὶ
282 303 389 349 πνοὴν
414 304 473 341 καὶ
492 304 536 342 τὰ
556 306 689 343 πάντα·
710 306 851 351 ἐποίησέ
871 323 907 344 τε
923 306 957 350 ἐξ
977 306 1047 349 ἑνὸς
1063 306 1115 343 αἵ-

98 378 204 412 ματος
230 369 299 400 πᾶν
332 364 424 406 ἔθνος
454 364 644 415 ἀνθρώπω]
679 372 852 403 κατοικεῖν
890 366 947 403 ἐπὶ
977 373 1046 403 πᾶν
1077 366 1117 404 τὸ

95 424 279 474 πρόσωπον
300 440 362 468 της
383 428 457 474 γῆς.
479 427 592 463 Τοῦτο
612 428 703 464 Θεοῦ
724 427 822 464 ἴδιον.
842 426 937 478 εὈραι
957 426 1067 465 τοίνυν
1087 429 1116 464 εἰ

97 482 144 533 μὴ
164 484 222 520 καὶ
243 483 299 521 ἐπὶ
325 488 383 522 τοῦ
408 486 492 522 Υἱοῦ
513 491 620 524 ταῦτα
640 486 800 536 λέγεσθαι
822 486 975 524 δύναται
999 488 1115 537 Οὖρα-

94 547 173 590 νοῦ,
196 559 301 595 φησι,
328 545 388 582 καὶ
413 549 476 595 (ἧς
500 545 626 599 Κύριος
652 550 834 598 υπαρχων,
851 547 940 599 ἅπερ
961 546 1114 597 ἐνόμιζον

97 607 182 640 εἶναι
211 603 316 646 θεους.
351 605 420 642 Και
452 605 514 652 τὴν
534 607 679 657 δημιουρ
684 606 760 658 (ίαν
781 607 934 653 ἐδήλωσε
961 623 1020 644 και
1039 622 1116 649 τους

95 663 306 714 ἀνθρώπους
324 663 468 716 Ορίσας
486 682 659 718 προστετα
662 666 807 718 (μένους
823 683 962 719 καιρους
981 683 1041 704 και
1054 666 1115 709 τὰς

95 723 269 774 ὁροθεσίας
296 728 358 770 τῆς
390 725 568 770 κατοικίας
588 729 716 772 αὐτῶν,
748 729 861 773 ζητεῖν
881 727 938 764 τὸν
958 726 1060 772 Θεὸν,
1086 728 1114 762 εἷ

94 783 160 833 ἄρα
190 799 228 834 γε
261 785 504 835 ψηλαφήσειαν
526 787 625 824 αὐτὸν
656 785 714 823 καὶ
736 785 876 838 εὕροιεν,
893 785 1006 823 καίτοι
1025 800 1063 834 γε
1078 786 1114 821 οὗ

96 843 231 893 μακρὰν
254 845 321 881 ἀπὸ
338 844 410 888 ἑνὸς
427 846 572 883 ἑκάστου
594 848 693 895 ἡμῶν
715 846 927 895 ὑπάρχοντα.
942 844 1003 881 Ἑν
1022 845 1113 893 αὐτῷ

94 904 160 954 γὰρ
181 906 291 954 ζωμεν
308 921 365 942 και
385 907 572 956 κινουμεθα
590 922 648 943 και
661 922 745 954 erp.
749 921 778 949 ν,
799 908 844 946 ὡς
860 904 920 940 καί
934 919 1023 945 τινες
1044 905 1112 938 τῶν

95 967 172 1002 καθ’
201 969 289 1015 ὑμας
320 982 472 1012 ποιητι3ν
504 966 685 1017 εἰρηκασι·
717 967 789 1002 Τοῦ
823 963 890 1016 γὰρ
922 978 982 1000 και
1017 977 1113 1012 γενος

93 1028 175 1076 ἐσμε
170 1027 208 1062 ’.ν
229 1029 341 1063 Ἰοῦτο
359 1025 501 1076 Αρατος
525 1029 618 1062 εἶπεν
638 1027 654 1061 ὁ
672 1040 831 1070 ποιητης.
850 1023 948 1074 Ορα
967 1038 1026 1059 και
1044 1022 1113 1059 ἀπὸ

92 1088 159 1122 τι3ν
175 1089 231 1123 ὑπ’
251 1088 362 1122 αὐτων
378 1085 580 1135 γινομένων,

93 1146 281 1189 ἀποδείξεις
293 1145 503 1197 παρέχοντα.
517 1144 620 1187 Γένος
636 1138 694 1181 οῦν
705 1143 918 1195 ὑπάρχοντες
932 1146 990 1180 τοῦ
1007 1145 1112 1188 Θεοῦ,

596 1079 662 1122 καὶ
676 1084 743 1121 ἀπὸ
758 1085 825 1121 τῶν
843 1081 1034 1135 εἷρηαενων
1052 1082 1112 1125 τὰς

90 1208 152 1242 οὐκ
179 1206 359 1256 ὀφείλομεν
381 1205 530 1256 νομίζειν
550 1207 671 1256 χρυσῷ
698 1203 720 1250 ἢ
754 1203 893 1257 ἀργύρῳ
922 1201 976 1248 ὴῆ
1004 1203 1112 1255 λίθῳ,

89 1267 295 1317 χαράγματι
332 1266 456 1317 τέχνης
487 1266 547 1304 καὶ
581 1264 800 1315 ἐνθυμήσεως
837 1263 1016 1317 ἀνθρώπου
1029 1294 1039 1312 ,
1073 1263 1112 1300 τὸ

90 1329 193 1364 Θεῖον
215 1320 301 1363 εἶναι
320 1326 448 1376 ὅμοιον.
462 1326 535 1364 Καὶ
551 1325 619 1376 μὴν
640 1325 696 1363 διὰ
717 1329 831 1372 τοῦτο,
847 1325 964 1377 φησὶν,
976 1324 1112 1376 ὀφείλο-

92 1404 165 1438 μεν.
186 1389 384 1438 Οὐδαμῶς·
406 1390 442 1425 οὐ
462 1388 527 1439 γὰρ
549 1387 625 1434 δὴῦ
622 1393 706 1436 ,υ.εῖς
723 1388 836 1437 ὅμοιοι
855 1385 932 1423 οὐδε
952 1389 987 1424 αἱ
1003 1386 1112 1437 ψυχαι

91 1450 126 1486 αἱ
145 1448 324 1500 ἡμέτεραι.
347 1448 429 1486 Τί
411 1448 538 1494 οήποτε
558 1464 618 1486 ουκ
634 1447 715 1494 ἔστη
735 1447 820 1499 πρὸς
836 1449 896 1499 φι)
888 1446 1037 1498 oeozpiotv
1058 1449 1113 1484 εὐ-

91 1509 165 1556 θὺς,
185 1508 244 1546 καὶ
260 1512 374 1546 εἶπεν·
395 1512 412 1546 ὁ
431 1509 553 1551 Θεὸς
535 1509 721 1559 ασώματος
746 1523 862 1559 φυσει,
887 1507 1032 1559 ἀόρατος
1054 1507 1112 1545 καὶ

91 1568 376 1620 ἀσχηματιστος·
368 1599 377 1616 ,
400 1569 487 1607 ΕὈτι
510 1568 671 1621 περιττὸν
686 1568 772 1610 τέως
791 1567 902 1606 εδόκει
921 1571 1030 1604 ταῦτα
1050 1567 1110 1604 λε’-

92 1646 164 1682 γειν
182 1629 266 1681 πρὸς
286 1629 485 1682 ἀνθρώπους
506 1646 614 1680 μηπω
637 1629 808 1679 μαθόντας
825 1657 833 1674 ,
851 1628 903 1666 ὁτι
920 1629 992 1666 ἐστὶ
1013 1628 1113 1678 μόνος

92 1690 193 1733 Θεός.
223 1690 290 1728 Δια
319 1705 419 1728 το3το
439 1693 551 1728 ἐκεῖνα
570 1692 676 1728 εἰπεῖν
695 1689 808 1742 ἅψεις,
826 1689 911 1742 πρὸς
926 1688 965 1726 τὸ
984 1689 1111 1734 ζητου-

94 1766 194 1800 μενον
213 1750 375 1798 ι’,σταται
396 1750 456 1788 καί
489 1766 590 1802 φησι·
610 1750 699 1794 Τους
719 1749 761 1800 pk
763 1767 780 1787 ν
811 1754 867 1787 οὖν
887 1750 1029 1801 χρόνους
1051 1752 1112 1795 τ’ἧς

94 1810 232 1862 ἀγνοίας
250 1811 421 1863 ὑπεριδὼν
449 1814 465 1848 ὁ
495 1812 603 1859 Θεὸς,
623 1810 665 1848 τὰ
696 1815 753 1848 νῦν
785 1810 1020 1862 παραγγέλλει
1042 1817 1113 1853 τοῖς

94 1871 285 1924 ἀνθρώποις
319 1880 406 1911 πᾶσι
437 1876 615 1925 πανταχοῦ
647 1877 837 1923 μετανοεῖν,
859 1871 945 1909 διότι
969 1871 1112 1918 ἔστησεν

91 1932 239 1984 ἡμέραν,
260 1936 294 1971 ἐν
313 1927 336 1980 ἦ
357 1932 475 1983 μέλλει
490 1933 616 1985 κρίνειν
636 1932 698 1978 τὴν
715 1931 918 1982 οἰκουμένην
936 1934 968 1969 ἐν
986 1933 1112 1970 δικαιο-

94 1992 201 2043 σύνῃ,
230 1994 263 2030 ἐν
296 1993 392 2046 ἀνδρὶ
419 1988 446 2044 ᾧ
481 1993 605 2045 ὥρισε,
635 1992 751 2031 πίστιν
771 1991 965 2044 παρασχὼν
993 1999 1112 2040 πᾶσιν,

93 2052 292 2098 ἀναστήσας
306 2053 406 2090 αὐτὸν
425 2055 463 2091 ἐκ
477 2056 619 2106 νεκρῶν.
638 2052 736 2105 εὈρα
748 2084 756 2098 ,
771 2053 980 2096 κατασείσας
998 2055 1112 2090 αὐτῶν

91 2112 152 2159 τὴν
172 2113 321 2151 διάνοιαν
339 2116 388 2166 τῷ
411 2116 531 2161 εἰπεῖν,
554 2113 728 2160 Ἔστησεν
754 2113 900 2166 ἡμέραν,
918 2113 978 2150 καὶ
998 2112 1113 2166 05:06³&-

92 2190 153 2216 σας
167 2204 176 2221 ,
191 2174 268 2211 τότε
295 2174 461 2225 εὐκαίρως
480 2175 603 2226 ἐπάγει
622 2179 723 2212 τοῦτο
737 2175 793 2222 τὸ,
809 2174 1023 2220 Ἀναστήσας
1053 2176 1111 2212 αὖ-

90 2235 148 2273 τὸν
169 2236 208 2272 ἐκ
223 2239 362 2286 νεκρῶν.
383 2235 472 2273 Ἀλλ’
495 2235 621 2285 ἴδωμεν
642 2236 769 2273 ἄνωθεν
790 2234 834 2272 τὰ
855 2234 1034 2286 εἷρημένα.
1049 2234 1110 2273 Ἔν

93 2294 128 2333 δὲ
147 2301 221 2338 ταῖς
240 2294 394 2341 Ἀθήναις
411 2295 637 2347 ἐκδεχομένου
654 2294 774 2338 αὐτοὺς
787 2299 846 2333 τοῦ
865 2294 1006 2332 Παύλου
1018 2325 1027 2343 ,
1043 2311 1111 2333 πα-

95 2354 278 2408 ρωξύνετο,
298 2356 381 2407 φησὶ
399 2386 408 2403 ,
429 2356 467 2394 τὸ
493 2359 630 2406 πνεῦμα
651 2358 754 2394 αὐτοῦ
770 2359 804 2394 ἐν
822 2357 927 2407 αὐτῷ.
950 2357 1027 2394 Οὐκ
1047 2357 1109 2410 ὀρ-

91 2415 156 2466 γὴν
178 2417 324 2454 ἐνταῦθα
347 2416 422 2455 οὐδὲ
451 2417 687 2468 ἀγανάκτησιν
713 2420 730 2454 ὃ
749 2417 990 2468 παροξυσμὸς,
1020 2417 1110 2455 ἀλλὰ

93 2476 262 2529 διέγερσιν
290 2477 349 2514 καὶ
396 2480 479 2523 ἧλον
511 2478 628 2524 δηλοῖ,
664 2477 821 2530 καθάπερ
844 2477 903 2515 καὶ
933 2478 1089 2529 ἀλλαχοῦ
1101 2493 1108 2499 ·

88 2536 248 2587 Ἐγένετο
263 2567 272 2585 ,
292 2537 399 2589 φησὶ,
419 2537 637 2591 παροξυσμὸς
656 2537 786 2590 μεταξὺ
803 2539 929 2576 αὐτῶν.

142 2845 238 2896 ”Ορα
257 2844 293 2883 δὲ
309 2847 381 2887 πῶς
405 2846 652 2895 οἰκονομεῖται,
670 2845 729 2882 καὶ
752 2846 880 2884 ἄκοντα
903 2852 1017 2895 μεῖναι
1039 2849 1110 2884 ἐκεῖ

91 2904 313 2956 ἐκδεχόμενον
330 2905 488 2948 ἐκείνους.
505 2904 552 2942 Τί
571 2899 628 2943 οῦν
645 2905 736 2953 ἐστὶ,
753 2905 1001 2959 Παρωξύνετο,
1019 2906 1109 2944 Ἀντὶ

89 2971 168 3012 τοῦ,
187 2965 397 3017 διηγείρετο·
418 2968 521 3017 ὀργῆ-ς
539 2966 606 3017 γὰρ
625 2966 684 3004 καὶ
706 2967 974 3018 ἀγανακτήσεως
990 2967 1109 3019 πόρρω

90 3027 128 3064 τὸ
146 3042 316 3078 χαρισμα.
336 3026 448 3064 Ουκ
431 3043 560 3079 εφερεν,
577 3029 681 3066 ἀλλ’
667 3027 823 3074 ετήκετο.
845 3029 1052 3079 Διελέγετο
1048 3029 1108 3066 μὲν

90 3082 146 3124 οῦν
172 3098 206 3123 εν
230 3089 272 3135 τῇ
303 3090 484 3138 συναγωγῇ
503 3094 573 3130 τοῖς
597 3088 798 3135 Ἰουδαίοις,
830 3089 932 3139 φησὶ,
963 3089 1021 3126 καὶ
1039 3095 1111 3132 τοῖς

91 3145 299 3196 σεὲομένοις.
320 3144 416 3198 εὈρα
435 3146 538 3184 πάλιν
561 3147 660 3185 αυτὸν
687 3148 772 3200 πρὸς
792 3148 977 3191 Ιουδαίους
998 3150 1109 3186 διαλε-

89 3206 244 3256 γόμενον.
266 3205 478 3255 Σεὸομένους
507 3207 542 3244 δὲ
562 3207 638 3251 τοὺς
654 3208 891 3262 προσηλύτους
907 3209 1012 3260 λέγει.
1033 3211 1112 3246 Διε-

136 3333 150 3355 b
175 3331 288 3365 Morel.
303 3337 320 3370 ἡ
341 3336 419 3366 λίθου
432 3338 622 3376 χαράγματι.
648 3333 709 3375 [D.
729 3339 808 3369 λίθου
824 3340 1027 3378 χαράγματα.
1047 3334 1113 3367 5οἆ

1256 226 1408 256 nonu..
1447 226 1639 256 xxxvui.
2067 214 2157 274 319

1188 320 1254 343 nec
1284 309 1461 344 manibus
1491 307 1632 344 colitur
1666 307 1860 352 humanis,
1893 307 2067 358 indigens
2095 308 2170 344 ali-

1186 380 1275 417 qzm.
1298 367 1430 405 Viden’
1451 367 1629 416 quomodo
1645 366 1819 418 paulatim
1835 367 2104 419 philosophum]
2120 368 2172 404 in-

1185 427 1299 476 ducit,
1318 426 1497 477 quomodo
1514 427 1637 464 irridet
1656 427 1844 478 gentilium
1861 428 2039 465 errorem?
2058 430 2172 466 Dans

1184 489 1311 524 vitam
1343 495 1379 524 et
1406 490 1582 538 spiritum
1608 495 1644 524 et
1667 489 1798 524 omnia
1816 488 1904 525 εἳδ.
1914 489 2094 540 fecitque
2125 503 2172 525 ex

1185 562 1260 585 uno
1281 552 1471 600 sanguine
1491 563 1603 586 omne
1620 563 1740 601 genus
1768 551 1965 587 hominum
1994 552 2174 589 habitare

1184 622 1296 660 super
1323 611 1712 661 universmnfaciem·
1735 619 1859 647 terrae.
1884 610 1960 647 Hoc
1988 610 2055 648 Dei
2086 625 2171 662 pro-

1183 669 1303 719 prium
1332 678 1395 706 est.
1428 669 1523 707 Vide
1544 683 1626 720 ergo
1652 684 1766 706 annon
1797 670 1871 707 haec
1891 670 1935 707 de
1954 671 2046 708 Filio
2066 671 2171 708 etiem

1184 728 1255 765 dici
1285 729 1432 779 possint.
1465 730 1574 774 Caeli,
1599 729 1729 778 inquit,
1756 738 1792 766 et
1815 739 1926 767 terrae
1949 733 2141 769 Dominus
2159 748 2168 766 .-

1183 801 1261 837 quae
1280 787 1333 823 illi
1355 787 1527 837 putabant
1546 787 1629 824 deos
1649 802 1737 826 esse.
1761 788 1808 825 Et
1822 790 2038 833 ,creationem
2054 792 2171 828 decla-

1183 854 1238 882 rat
1258 854 1291 882 et
1316 845 1489 882 homines.
1520 846 1721 896 Definiens
1751 855 1898 884 statuta
1931 857 2102 900 tempora
2136 861 2171 887 et

1186 908 1368 942 terminos
1415 906 1669 943 habitationis
1717 920 1862 953 eorum,
1903 910 1967 945 27.
2006 923 2172 960 quaerere

1184 966 1323 1010 Deum,
1348 966 1496 1017 sisorte
1510 974 1747 1003 contrectent
1764 981 1850 1003 eum
1868 976 1934 1004 aut
1952 971 2169 1016 inveniant,

1183 1028 1359 1077 quamvis
1378 1040 1454 1063 non
1475 1027 1587 1078 longe
1603 1029 1653 1064 sit
1671 1030 1719 1064 ab
1741 1041 1971 1080 unoquoque
1989 1038 2171 1068 nostrum.

1182 1086 1244 1124 28.
1268 1089 1318 1123 In
1341 1090 1421 1138 ipso
1454 1091 1557 1124 enim
1583 1090 1753 1125 vivimus
1783 1097 1818 1126 et
1846 1103 2043 1127 movemur
2059 1100 2095 1128 et
2111 1105 2173 1129 su-

1183 1161 1278 1185 mus.
1310 1148 1416 1185 Sicut
1435 1149 1594 1200 quidam
1610 1157 1811 1199 poetarum
1833 1159 2048 1187 vestrorum
2068 1153 2174 1189 dire-

1181 1217 1291 1246 runt:
1306 1211 1433 1260 Ipsius
1451 1212 1554 1246 enirn
1570 1218 1605 1246 et
1623 1224 1742 1260 genus
1761 1224 1906 1248 sumus.
1936 1211 2011 1248 Hoc
2042 1214 2172 1250 Aratus

1181 1277 1285 1320 poeta
1302 1268 1408 1306 dixit.
1426 1268 1521 1308 Vide
1540 1278 1579 1306 ut
1598 1269 1915 1308 demonstrationes
1935 1272 2060 1309 afferat
2079 1281 2111 1309 et
2127 1273 2173 1310 ab

1183 1329 1239 1378 iis,
1257 1344 1335 1380 quae
1350 1329 1417 1381 ipsi
1433 1330 1586 1367 fecerant
1601 1330 1924 1381 dixerantque29.
1942 1333 2072 1370 Genus
2084 1347 2172 1384 ergo

1184 1404 1270 1427 cum
1298 1393 1416 1428 simus
1445 1391 1535 1436 Dei,
1560 1404 1638 1427 non
1658 1392 1835 1429 debemus
1862 1395 2055 1430 aestimare
2075 1406 2171 1429 auro

1183 1459 1219 1488 et
1239 1459 1400 1503 argento
1427 1459 1495 1488 aut
1525 1451 1661 1502 lapidi,
1685 1453 1892 1504 sculpturce
1920 1456 2016 1490 artis
2043 1462 2079 1490 et
2107 1467 2172 1490 co—

1181 1516 1382 1564 gitationis
1404 1514 1587 1560 hominis,
1610 1515 1737 1551 Deum
1755 1528 1834 1552 esse
1853 1516 2034 1552 similem.
2063 1515 2170 1565 Atqui

1183 1573 1276 1621 ideo,
1295 1573 1449 1624 inquies,
1464 1573 1646 1612 debemus.
1673 1574 1845 1612 Minime:
1862 1589 1975 1626 neque
1994 1576 2089 1613 enim
2108 1590 2170 1613 nos

1182 1649 1294 1684 neque
1313 1635 1438 1672 animae
1458 1643 1586 1672 nostrae
1606 1635 1750 1674 similes.
1768 1636 1843 1673 Cur
1863 1650 1946 1687 ergo
1962 1651 2030 1674 non
2050 1637 2170 1675 statim

1182 1695 1428 1747 philosophice
1446 1695 1615 1744 loquutus
1635 1704 1700 1745 est,
1722 1710 1785 1734 nec
1804 1697 1899 1734 dixit
1915 1699 2034 1735 :Deus
2051 1698 2170 1735 incor—

1182 1770 1308 1806 poreus
1327 1764 1465 1803 natura,
1483 1755 1677 1793 invisibilis
1694 1765 1744 1793 est
1763 1766 1797 1794 et
1817 1757 1890 1794 sine
1911 1758 2026 1808 figura
2041 1759 2058 1795 ἶ)
2074 1758 2169 1805 Quia

1182 1817 1403 1868 superfluum
1425 1815 1615 1855 videbatur
1632 1817 1700 1854 hoc
1726 1816 1843 1855 dicere
1864 1818 2087 1868 hominibus,
2107 1818 2169 1869 qui

1183 1876 1342 1914 noudum
1370 1876 1584 1926 didicerant,
1602 1892 1714 1915 unum
1733 1892 1806 1915 esse
1828 1879 1959 1916 Deum.
1981 1879 2063 1916 Ideo
2083 1880 2171 1917 mis-

1183 1937 1229 1974 sis
1251 1936 1337 1986 illis,
1357 1937 1392 1975 in
1416 1951 1455 1974 eo
1478 1937 1575 1988 quod
1589 1938 1664 1989 jam
1695 1938 1866 1988 quaeritur
1885 1939 2030 1987 insistit,
2049 1949 2083 1977 et
2099 1941 2169 1978 ait:

1184 1998 1247 2034 50.
1271 1999 1322 2035 Et
1343 2006 1512 2049 tempora
1532 1999 1686 2050 quidem
1707 2000 1822 2050 liujus
1849 2001 2084 2050 ignorantia²
2108 2003 2172 2038 de-

1183 2059 1349 2108 spiciens
1370 2059 1491 2104 Deus,
1514 2072 1615 2095 nunc
1642 2061 1852 2095 annuntiat
1874 2061 2106 2106 hominibus,
2131 2070 2172 2098 ut

1185 2130 1316 2155 omnes
1337 2120 1479 2169 ubique
1491 2121 1758 2169 poenitentiam
1775 2129 1910 2170 agant,
1929 2122 1992 2158 51.
2009 2135 2051 2157 eo
2069 2123 2174 2172 quod

1127 2203 1172 2227 283
1184 2180 1321 2215 statuit
1346 2179 1461 2224 diem,
1486 2181 1528 2214 in
1548 2192 1622 2229 quo
1632 2180 1882 2230 judicaturus
1902 2189 1958 2218 est
1982 2184 2110 2219 orbem
2131 2186 2173 2219 in

1136 2239 1162 2268 A
1177 2240 1347 2291 justitia,
1367 2241 1408 2275 in
1426 2241 1513 2275 viro
1538 2241 1579 2275 in
1602 2253 1675 2290 quo
1693 2242 1844 2287 statuit,
1855 2240 1983 2291 fidem
1999 2245 2172 2293 praebens

1183 2300 1372 2346 omnibus,
1395 2302 1589 2337 suscitans
1608 2313 1694 2337 eum
1709 2314 1734 2337 α
1750 2304 1922 2338 mortuis.
1941 2302 2054 2341 Vide:
2076 2313 2173 2355 post-

1182 2373 1291 2409 quam
1322 2373 1444 2397 eorum
1474 2369 1627 2397 mentem
1654 2371 1892 2409 concusserat,
1923 2376 2003 2400 cum
2022 2363 2169 2415 diceret,

1180 2420 1325 2457 Statuit
1345 2421 1459 2466 diem,
1483 2420 1632 2471 illosque
1651 2430 1823 2458 terruerat
1830 2437 1842 2472 3
1867 2431 1951 2460 tune
1974 2434 2171 2476 opportune

1181 2480 1250 2518 hoc
1270 2481 1423 2531 inducit,
1443 2482 1644 2519 Suscitans
1663 2497 1746 2519 eum
1766 2497 1790 2520 a
1810 2487 1981 2523 mortuis.
2013 2486 2084 2523 Sed
2113 2501 2169 2524 su-

1182 2541 1320 2592 periora
1336 2550 1548 2593 repetamus.
1566 2543 1663 2579 Cum
1680 2542 1851 2580 Athenis
1871 2544 1960 2582 illos
1974 2555 2167 2596 exspecta-

1185 2611 1243 2639 ret
1259 2604 1425 2649 Paulus,
1443 2605 1694 2651 incitabatur,
1711 2603 1840 2653 inquit,
1857 2608 2013 2655 spiritus
2033 2609 2114 2658 ejus
2127 2609 2170 2643 in

1183 2675 1238 2700 eo,
1257 2664 1335 2700 Non
1360 2662 1451 2699 iram
1468 2662 1525 2701 vel
1541 2662 1823 2713 indignationem
1841 2664 1901 2701 hic
1919 2664 2097 2715 significat
2116 2666 2169 2703 in-

1183 2724 1305 2762 citatio
1326 2724 1404 2773 illa,
1425 2723 1485 2761 sed
1508 2722 1734 2774 vigilantiam
1753 2733 1784 2761 et
1804 2725 1931 2774 zelum,
1949 2735 1987 2763 ut
2003 2735 2036 2764 et
2052 2727 2138 2765 alibi
2158 2743 2164 2763 :

1184 2787 1312 2822 Facta
1343 2793 1413 2831 est,
1440 2784 1581 2833 inquit,
1601 2785 1788 2822 dissensio
1817 2786 2035 2825 interillos.

1184 2916 1241 2944 tus
1269 2906 1345 2943 illic
1372 2914 1511 2942 maneat
1542 2915 1748 2956 exspectans
1768 2906 1859 2945 illos.
1877 2906 1974 2952 Quid
1994 2922 2076 2959 ergo
2101 2919 2167 2954 est,

1183 2969 1455 3005 Incitabatur?
1472 2966 1515 3003 Id
1536 2976 1604 3014 est,
1628 2967 1871 3004 excitabatur:
1886 2968 1930 3004 ab
1948 2968 1999 3006 ira
2018 2979 2050 3006 et
2069 2970 2169 3008 indi—

1185 3027 1349 3079 gnatione
1368 3027 1493 3079 procul
1513 3036 1587 3064 erat
1602 3027 1670 3064 hoc
1684 3027 1828 3065 donum.
1845 3030 1923 3065 Non
1944 3029 2090 3077 serebat,
2109 3031 2171 3068 sed

1183 3087 1395 3126 tabescebat.
1418 3089 1655 3139 Disputabat
1675 3102 1762 3139 ergo
1788 3091 1829 3124 in
1853 3103 2055 3141 synagoga
2083 3105 2170 3129 cum

1183 3149 1346 3194 Judoeis,
1365 3148 1490 3199 inquit,
1505 3157 1541 3185 et
1555 3149 1781 3186 colentibus.
1797 3148 1891 3187 Vide
1905 3163 2027 3187 rursus
2049 3161 2168 3189 contra

1136 3219 1158 3247 Β
1183 3208 1325 3248 Judaeos
1342 3207 1594 3260 disputantem.
1622 3208 1782 3246 Colentes
1798 3218 1915 3247 autem
1930 3220 2031 3249 vocat
2047 3226 2169 3264 prose—

1137 3334 1224 3368 idern
1243 3342 1331 3367 recte
1352 3334 1452 3367 hahet
1469 3334 1552 3367 infra
1570 3346 1602 3376 p.
1625 3335 1700 3374 291,
1718 3336 1771 3376 Α.]

2183 2799 2250 2824 Aet.
2281 2799 2327 2827 15.

1237 2849 1274 2884 9.
1296 2845 1391 2885 Vide
1410 2854 1528 2882 autem
1547 2844 1726 2895 quomodo
1745 2846 1992 2897 provideatur,
2015 2857 2053 2885 ut
2074 2848 2167 2886 invi—
2184 2840 2234 2875 39.
