2502 3810
93 684 120 705 1.
149 675 228 705 Tim.
244 673 274 703 6.

96 726 141 746 ιο.

148 1637 290 1665 Pecunia-

104 1689 171 1707 rum
209 1679 290 1715 cupi-

106 1721 180 1748 ditas
200 1729 293 1756 quan-

107 1766 170 1788 tum
228 1769 291 1786 ma-

107 1801 182 1828 lum.

300 273 391 337 592

294 367 416 406 eadem
435 377 577 403 rursum
594 362 783 400 emittente.
808 361 983 408 Quaenam
1000 369 1082 409 ergo
1101 355 1278 394 malorum

292 427 397 464 radix
412 425 490 463 est?
510 424 616 461 Disce
633 436 652 460 a
668 422 761 459 bono
780 421 988 472 plantatore,
1008 417 1160 469 qni-haec
1175 429 1278 453 accu-

292 495 365 524 rate
394 485 506 533 novit,
531 493 565 521 et
583 482 803 535 spiritualem
821 481 963 519 vineam
985 480 1083 530 colit,
1114 492 1154 515 ac
1170 476 1278 514 totius

290 546 385 583 orbis
403 544 558 596 agricola
577 551 638 581 est.
659 543 777 589 Quam
792 555 875 592 ergo
893 540 981 578 dicit
998 541 1059 578 ille
1078 553 1151 578 esse
1166 538 1278 576 malo-

289 621 370 643 rum
389 606 548 644 omnium
571 604 739 642 causam?
765 602 1003 641 Pecuniarum
1028 600 1276 652 concupiscen-

289 667 386 705 tiam.
402 667 531 704 Radix
546 668 647 703 enim
663 667 833 702 omnium
847 664 1052 709 malorum,
1078 661 1206 712 inquit,
1221 668 1278 698 est

289 733 470 768 avaritia.
489 729 580 766 Hinc
593 742 732 780 pugnae,
749 727 957 775 inimicitiae,
973 726 1083 763 bella:
1096 725 1181 763 hinc
1194 738 1277 761 con-

288 791 470 839 tentiones,
490 789 661 837 convicia,
680 788 910 840 suspiciones,
931 786 1152 825 contumeliae
1169 801 1176 821 :
1193 785 1278 822 hine

289 852 414 899 caedes,
426 853 533 900 furta,
546 851 789 903 sepulcrorum
804 849 1004 887 effossiones
1017 864 1024 884 :
1037 846 1278 899 propterhanc

289 928 358 952 non
374 913 478 951 urbes
491 922 524 950 et
537 913 696 963 regiones
710 911 831 960 modo,
846 911 907 948 sed
917 910 1024 947 etiam
1035 908 1116 957 viae,
1132 917 1166 945 et
1182 907 1278 945 orbis

289 977 470 1015 habitatus
488 985 522 1014 et
535 990 605 1014 non
620 975 815 1024 habitatus,
836 982 987 1022 montes,
1010 972 1136 1019 saltus,
1155 971 1276 1020 colles,

291 1052 361 1075 uno
396 1037 505 1076 verbo
547 1035 664 1074 omnia
698 1035 869 1086 sanguine
899 1033 1129 1083 caedibusque
1174 1031 1279 1083 plena

292 1109 386 1138 sunt.
412 1101 465 1138 Ne
487 1113 584 1136 mare
606 1098 752 1149 quidem
772 1098 838 1134 hac
866 1105 961 1148 peste
978 1104 1096 1141 vacat,
1119 1093 1180 1131 sed
1202 1092 1279 1130 illic

293 1163 398 1199 etiam
428 1175 508 1198 cum
531 1161 648 1197 furore
668 1172 796 1210 magno
820 1166 1013 1209 grassatur,
1040 1155 1165 1208 piratis
1187 1153 1281 1192 illud

294 1223 451 1273 undique
470 1221 728 1269 obsidentibus,
747 1234 787 1257 30
807 1233 939 1258 novum
960 1217 1150 1268 quemdam
1174 1217 1282 1254 latro-

296 1284 380 1321 cinii
411 1283 559 1321 modum
593 1280 890 1333 excogitantibus.
927 1281 994 1316 Per
1028 1279 1120 1316 113110
1146 1287 1281 1315 naturae

297 1347 390 1397 leges
417 1361 546 1384 eversae
569 1354 664 1391 sunt,
692 1343 910 1395 cognationis
941 1352 1072 1380 statuta
1095 1355 1279 1391 concussa,

299 1407 503 1445 substantiae
524 1406 635 1459 ipsius
650 1407 733 1458 jura
754 1413 918 1457 corrupta
942 1413 1035 1442 sunt.

357 1631 395 1668 6.
426 1630 519 1667 N-am
536 1628 766 1680 pecuniarum
781 1625 940 1678 tyrannis
957 1638 1027 1663 non
1047 1633 1166 1662 contra
1184 1624 1286 1662 vivos
1310 1628 1335 1658 D

307 1689 422 1737 modo,
457 1688 520 1726 sed
546 1688 652 1725 etiam
673 1695 797 1725 eontra
819 1694 975 1723 mortuos
1007 1685 1094 1723 tales
1125 1684 1288 1723 dexteras

307 1750 458 1788 armavit
475 1765 483 1786 τ
521 1764 560 1787 30
597 1763 709 1799 neque
740 1762 821 1786 cum
847 1747 919 1784 illis
950 1761 1014 1799 per
1047 1756 1197 1785 mortem
1225 1762 1288 1799 pa-

308 1821 363 1849 cta
390 1810 474 1849 iniri
490 1819 664 1862 possunt:
688 1824 769 1847 nam
797 1808 917 1846 fractis
938 1808 1197 1860 sepulcralibus
1214 1809 1290 1846 the-

309 1873 370 1920 cis,
388 1881 508 1910 contra
534 1880 673 1908 mortua
702 1883 848 1922 corpora
885 1869 1070 1907 sceleratas
1096 1869 1292 1908 extendunt

307 1947 446 1981 manus,
468 1945 531 1969 nee
545 1946 590 1970 ex
607 1932 674 1970 1130
692 1931 766 1969 vita
786 1931 979 1981 migrantes
998 1930 1121 1968 sinunt
1139 1931 1183 1968 ab
1202 1931 1292 1968 insi-

307 1993 378 2030 diis
392 1993 464 2030 suis
481 1992 638 2030 liberari.
655 1994 706 2029 Ac
730 1999 903 2042 quotquot
915 1990 1008 2028 mala
1018 1990 1208 2039 inveneris,
1219 1990 1290 2029 do-

309 2053 370 2102 mi,
390 2053 425 2090 in
441 2054 516 2091 foro
532 2082 540 2099 ,
559 2053 596 2090 in
628 2051 868 2090 tribunalibus
888 2081 898 2099 ,
916 2052 952 2089 in
971 2051 1094 2100 curiis,
1111 2052 1146 2089 in
1162 2052 1260 2103 regia
1277 2082 1289 2102 ,

310 2123 343 2151 et
362 2114 576 2164 ubicumque
589 2113 689 2160 velis,
709 2112 792 2150 hinc
808 2112 927 2150 omnia
943 2113 1122 2164 pullulare
1136 2113 1289 2151 videbis.

311 2175 387 2213 Hoc
418 2175 553 2225 utiquc,
584 2174 654 2212 1100
683 2174 820 2211 1113111111
851 2183 913 2223 est,
948 2173 1044 2224 quod
1079 2175 1195 2212 omnia
1216 2188 1295 2212 san-

312 2234 418 2284 gnine
443 2243 475 2270 et
506 2233 662 2271 caedibus
689 2233 878 2284 implevit:
914 2233 981 2270 hoc
996 2234 1162 2284 gehennae
1193 2234 1295 2272 flam-

312 2307 408 2331 mam
418 2293 589 2341 accendit,
599 2294 667 2331 hoc
679 2293 794 2330 effecit
809 2301 849 2330 ut
856 2293 1016 2331 civitates
1027 2293 1140 2331 nihilo
1151 2294 1294 2345 melius,

315 2354 386 2391 imo
405 2353 508 2404 longe
527 2353 681 2391 deterius
701 2353 884 2401 haberent,
910 2367 1017 2402 quam
1033 2352 1181 2392 deserta.
1205 2355 1298 2392 Nam

314 2413 359 2450 al)
373 2413 428 2462 iis,
448 2413 511 2464 qui
525 2427 623 2451 secus
638 2412 714 2451 vias
733 2411 959 2461 insidiantur,
981 2426 1103 2451 cavere
1115 2413 1219 2451 facile
1233 2423 1296 2462 est,

314 2484 436 2527 utpote
456 2475 517 2525 qui
537 2489 607 2512 non
635 2474 852 2512 continenter
870 2472 1076 2511 adoriantur
1096 2490 1103 2510 :
1129 2475 1192 2525 qui
1213 2489 1298 2514 vero

314 2537 351 2574 in
375 2537 504 2575 mediis
526 2536 679 2574 urbibus
700 2535 781 2573 illos
801 2535 1007 2584 imitantur,
1036 2544 1133 2573 tanto
1163 2537 1299 2588 pejores

314 2598 386 2636 illis
415 2607 511 2647 sunt,
543 2606 675 2648 quanto
709 2595 894 2633 difficilius
919 2605 970 2634 est
995 2596 1040 2633 ab
1066 2597 1138 2635 illis
1164 2611 1299 2647 cavere,

316 2660 399 2710 quia
420 2659 458 2696 id
475 2659 593 2711 palam
610 2657 740 2695 audent
760 2657 857 2708 quod
873 2657 962 2694 clam
979 2657 1054 2695 alii.
1075 2658 1186 2709 Leges
1205 2659 1300 2698 enim

315 2729 438 2758 contra
466 2719 613 2757 illorum
638 2718 837 2769 nequitiam
862 2719 952 2756 latas
983 2717 1028 2756 ad
1051 2719 1300 2757 commilitium

318 2790 510 2830 sumentes,
541 2779 700 2818 caedibus
728 2793 769 2817 ac
797 2779 988 2818 sceleribus
1006 2779 1168 2818 civitates
1186 2781 1302 2834 reple-

315 2850 456 2879 verunt.
477 2843 600 2878 Annon
621 2840 734 2878 caedes
747 2850 810 2886 est,
830 2854 946 2891 quaeso
966 2850 998 2878 te
1011 2871 1023 2891 ,
1045 2841 1117 2879 imo
1135 2841 1230 2879 caede
1241 2856 1301 2894 pe-

314 2905 386 2956 jus,
405 2918 595 2956 pauperem
610 2903 696 2941 fami
709 2904 846 2941 tradere
860 2913 893 2941 et
906 2904 941 2941 in
955 2918 1129 2942 carcerem
1144 2904 1300 2956 trudere,

319 2973 352 3002 et
371 2979 453 3002 cum
469 2965 562 3002 fame
581 2965 765 3003 tormentis
780 2974 813 3002 et
841 2965 940 3002 mille
964 2965 1179 3004 cruciatibus
1197 2981 1306 3019 expo-
1318 2999 1365 3024 559

739 282 776 310 S.
815 276 998 310 JOANMS
1035 246 1275 306 CHRrSOST.
1316 271 1524 302 ARCHIEP.
1566 271 1921 302 CONSTANTINOP-

1352 367 1430 398 σας,
1453 355 1514 399 τῆς
1538 352 1634 404 ῥίζης
1653 352 1750 390 κάτω
1772 351 1956 403 μενούσης,
1977 351 2094 389 καὶτὰ
2111 350 2196 388 αὐτὰ
2216 352 2368 401 βλαστα-

1351 412 1474 460 νούσης
1489 413 1609 451 πάλιν.
1631 412 1695 456 Τίς
1713 407 1769 451 οῧν
1787 416 1809 458 ἡ
1829 412 1903 464 ῥίζα
1917 415 1986 450 τῶν
2001 414 2139 459 κακῶν;
2159 412 2260 449 Μάθε
2275 410 2371 462 παρὰ

1351 478 1410 512 τοῦ
1438 476 1546 512 καλοῦ
1567 478 1759 525 φυτουργοῦ
1773 503 1783 521 ,
1811 476 1870 511 τοῦ
1891 472 1934 511 τὰ
1953 476 2098 511 τοιαῦτα
2118 472 2270 525 ἀκριὲῶς
2290 473 2370 509 ἐπι-

1352 533 1524 585 σταμένου
1538 564 1548 583 ,
1575 535 1634 572 καὶΙ
1663 533 1726 581 τὴν
1750 534 1904 585 ἄμπελον
1923 532 1985 581 τὴν
2006 533 2245 584 πνευματικὴν
2265 536 2371 584 θερα-

1351 595 1514 638 πεύοντος
1528 625 1538 643 ,
1569 595 1629 634 καὶ
1648 594 1711 643 τὴν
1731 593 1935 645 οἰκουμένην
1968 598 2197 645 γεωργοῦντος
2219 593 2371 631 ἅπασαν.

1351 656 1442 695 Τίνα
1472 651 1529 695 οἶν
1556 651 1653 700 οῧτός
1683 672 1787 710 φησιν
1818 650 1904 694 εἶναι
1933 655 1994 702 τὴν
2026 655 2138 693 αἰτίαν
2165 658 2232 692 τῶν
2254 655 2371 692 κακῶν

1353 718 1535 766 ἁπάντων,
1564 717 1639 765 Τὴν
1666 721 1734 755 τῶν
1753 717 1945 769 χρημάτων
1967 715 2163 766 ἐπιθυμίαν.
2186 715 2285 759 “Ρίζα
2304 714 2372 767 γὰρ

1352 779 1492 818 πάντων
1512 781 1581 817 τῶν
1603 782 1734 826 κακῶν,
1761 778 1878 830 φησὶν,
1897 781 1919 824 ἡ
1944 777 2164 830 φιλαργυρία.
2192 773 2371 814 Ἐντεῦθεν

1354 840 1466 892 μάχαι
1486 839 1546 877 καὶ
1567 839 1689 892 ἔχθραι
1709 839 1769 877 καὶ
1797 840 1964 890 πόλεμοι,
1994 841 2146 876 ἐντεῦθεν
2168 836 2372 890 φιλονεικίαι

1353 901 1412 939 καὶ
1437 900 1605 953 λοιδορίαι
1624 901 1684 938 καὶ
1703 899 1850 952 ὑποψίαι
1872 899 1931 938 καὶ
1952 899 2085 950 ῧὸρεις,
2106 901 2257 936 ἐντεῦθεν
2279 898 2374 950 φόνοι

1353 961 1413 1000 καὶ
1433 962 1561 1000 κλοπαὶ
1581 961 1639 999 καὶ
1668 960 1930 1012 τυμὸωροχίαι·
1953 959 2010 997 διὰ
2031 959 2158 1006 ταύτην
2179 961 2216 996 οὗ
2233 958 2376 1000 ἔίιπόλεις

1353 1022 1413 1060 καὶ
1443 1025 1559 1074 χῶραι
1590 1021 1691 1072 μόνον
1707 1052 1717 1069 ,
1740 1021 1831 1059 ἀλλὰ
1855 1021 1916 1059 καὶ
1943 1020 2014 1058 ὁδοὶ
2033 1020 2092 1058 καὶ
2112 1018 2295 1070 οἰκουμένη
2316 1018 2375 1057 καὶ

1355 1083 1514 1131 ἀοίκητος
1545 1083 1605 1120 καὶ
1633 1083 1695 1134 ὄρη
1727 1082 1786 1120 καὶ
1814 1083 1923 1121 νάπαι
1953 1081 2012 1119 καὶ
2042 1081 2156 1132 βουνοὶ
2182 1080 2241 1118 καὶ
2260 1080 2375 1118 πάντα

1355 1145 1473 1186 ἁπλῶς
1503 1143 1661 1193 αἱμάτων
1684 1142 1784 1193 γέμει
1807 1143 1867 1180 καὶ
1886 1142 2008 1194 φόνων.
2041 1141 2110 1180 Καὶ
2130 1140 2204 1179 οὐδὲ
2230 1143 2292 1186 τῆς
2312 1145 2376 1178 θα-

1354 1206 1485 1252 λάττης
1506 1204 1681 1256 ἀπέσχετο
1699 1204 1794 1242 τουτὶ
1813 1204 1852 1241 τὸ
1866 1204 1991 1251 κακὸν,
2015 1202 2105 1241 ἀλλὰ
2124 1202 2182 1240 καὶ
2199 1205 2269 1240 ἐκεῖ
2289 1200 2377 1252 μετὰ

1355 1268 1486 1312 πολλῆς
1507 1265 1724 1315 εἰσεκώμασε
1742 1267 1804 1310 τῆς
1825 1263 1967 1314 μανίας,
1986 1267 2053 1301 τῶν
2073 1266 2247 1315 πειρατῶν
2270 1261 2377 1307 αὐτ-ἠν

1358 1327 1631 1378 πολιορκούντων
1657 1326 1843 1371 πάντοθεν,
1879 1325 1938 1362 καὶ
1969 1325 2086 1362 καινόν
2113 1339 2190 1360 τινα
2216 1322 2378 1374 λῃστείας

1359 1387 1585 1425 ἐπινοούντων
1617 1386 1758 1437 τρόπον.
1797 1384 1866 1423 Δια
1885 1384 2012 1430 ταύτην
2033 1383 2092 1421 καὶ
2117 1385 2147 1420 οἳ
2167 1386 2228 1428 τῆς
2247 1382 2379 1434 φύσεως

1360 1447 1603 1499 ἀνετράπησαν
1626 1445 1746 1496 νόμοι,
1777 1445 1837 1483 καὶ
1864 1446 1895 1482 οἳ
1914 1446 1976 1490 τῆς
1996 1443 2191 1495 συγγενείας
2212 1442 2378 1489 ἐκινήθη·

1360 1524 1424 1546 σαν
1454 1505 1598 1557 θεσμοὶ,
1635 1506 1694 1544 καὶ
1721 1505 1765 1543 τὰ
1798 1508 1859 1552 τῆς
1890 1504 2006 1548 οὐσίας
2037 1506 2142 1550 αὐτῆς
2176 1502 2378 1556 διέφθαρται

1362 1567 1491 1605 δίκαια.

1414 1627 1460 1665 ‘H
1481 1627 1549 1680 γὰρ
1571 1628 1638 1665 τῶν
1659 1626 1851 1680 χρημάτων
1871 1625 2030 1678 τυραννὶς
2049 1628 2086 1664 οὔ
2106 1624 2196 1664 κατὰ
2216 1627 2283 1662 τῶν
2298 1624 2380 1668 ζών-

1362 1704 1429 1727 των
1448 1689 1563 1740 μόνον,
1585 1687 1674 1726 ἀλλὰ
1694 1687 1752 1725 καὶ
1772 1686 1862 1725 κατὰ
1881 1690 1949 1725 τῶν
1970 1685 2210 1725 ἀποθανόντων
2231 1684 2292 1728 τὰς
2310 1701 2381 1723 τοι·

1365 1749 1468 1793 αύτας
1484 1748 1617 1788 ὥπλισε
1635 1747 1746 1792 δεξιάς
1757 1763 1764 1771 ·
1782 1748 1841 1786 καὶ
1856 1747 1931 1786 οὐδὲ
1944 1749 1993 1799 τῷ
2009 1746 2146 1800 θανάτῳ
2161 1746 2246 1798 πρὸς
2261 1745 2383 1788 αὐτοὺς

1309 1853 1315 1855 Δ
1364 1810 1590 1858 σπένδονται,
1624 1808 1714 1848 ἀλλὰ
1747 1808 1853 1855 θήκας
1880 1807 2171 1862 ἀναῤῥηγνύντες,
2203 1807 2262 1845 καὶ
2290 1806 2383 1844 κατὰ

1363 1874 1492 1924 νεκρῶν
1512 1871 1685 1921 σωμάτων
1703 1869 1764 1914 τὰς
1787 1869 1916 1923 μιαρὰς
1944 1868 2133 1907 ἐκτείνουσι
2151 1874 2288 1921 χεῖρας,
2309 1867 2385 1905 οὐδὲ

1365 1933 1420 1971 τὸν
1434 1930 1682 1982 ἀπαλλαγέντα
1700 1933 1762 1976 ⁵:7¹4-
1777 1933 1866 1977 ζωῆς
1882 1933 1943 1976 τῆς
1957 1932 2087 1967 ἑαυτῶν
2107 1928 2262 1981 ἀφιέντες
2275 1929 2386 1974 ἀπηλ·

1364 1993 1492 2044 λάχθαι
1506 1992 1702 2038 ἐπιδουλῆς.
1712 1991 1781 2029 Καὶ
1794 1990 1858 2028 ὅσα
1871 1990 1910 2028 ’ἂν
1923 1990 2024 2043 εὕρῃς
2036 1989 2140 2038 κακὰ,
2158 1989 2221 2027 κᾶν
2234 1992 2267 2027 ἐν
2281 1989 2387 2042 οἰκία,

1364 2053 1428 2091 κᾶν
1440 2055 1474 2091 ἓν
1485 2055 1607 2105 ἀγορᾷ,
1621 2052 1683 2090 κᾶν
1694 2054 1727 2090 ἐν
1739 2051 1985 2103 δικαστηρίοις,
1997 2051 2059 2089 κᾶν
2070 2054 2103 2090 ἓν
2119 2050 2390 2103 βουλευτηρίοις,

1365 2114 1430 2152 κᾶν
1450 2115 1483 2151 ἐν
1518 2113 1706 2165 βασιλείοις
1719 2143 1728 2161 ,
1761 2112 1825 2150 κᾶν
1847 2112 2081 2160 ὁπουδήποτε,
2102 2115 2254 2150 ἐντεῦθεν
2273 2111 2389 2149 πάντα

1366 2175 1443 2226 ὄψει
1460 2174 1710 2225 βλαστάνοντα.
1730 2176 1846 2212 Τοῦτο
1865 2173 1930 2225 γάρ
1951 2174 2044 2218 ἐστι,
2066 2178 2166 2211 τοῦτο
2185 2172 2225 2211 τὸ
2245 2172 2352 2211 κακὸν
2372 2171 2390 2210 ὃ

1367 2235 1481 2273 πάντα
1498 2235 1655 2285 αἱμάτων
1672 2234 1731 2272 καὶ
1751 2233 1862 2285 φόνων
1880 2233 2050 2280 ἐνέπλησε
2062 2262 2071 2279 ,
2085 2238 2185 2272 τοῦτο
2201 2233 2262 2279 τὴν
2279 2232 2391 2285 φλόγα

1369 2298 1430 2340 τ’ἧς
1449 2295 1586 2345 γεέννης
1606 2296 1716 2345 ἀνῆψε
1731 2324 1740 2342 ,
1761 2299 1861 2331 τοῦτο
1879 2297 1941 2340 τῆς
1960 2293 2105 2345 ἐρημίας
2127 2293 2188 2335 τὰς
2202 2295 2319 2335 πόλεις
2337 2293 2393 2330 οὗ·

1371 2355 1424 2393 δὲν
1443 2356 1583 2405 ἄμεινον
1603 2355 1797 2392 διακεῖσθαι
1816 2353 1993 2401 ἐποίησεν,
2011 2353 2100 2391 ἀλλὰ
2114 2354 2171 2391 καὶ
2185 2355 2304 2405 πολλῷ
2319 2358 2393 2404 χεῖ·

1372 2430 1440 2466 ρον.
1457 2414 1548 2458 Τοὺς
1584 2415 1648 2465 μὲν
1686 2414 1754 2466 γὰρ
1784 2419 1860 2457 ταῖς
1886 2415 1974 2457 ὁδοῖς
1993 2413 2234 2465 ἐφεδρεύοντας
2255 2413 2313 2452 καὶ
2333 2429 2394 2465 φυ-

1369 2475 1560 2514 λάσσεσθαι
1577 2475 1709 2526 ῥᾴδιον,
1731 2474 1791 2512 ἅτε
1814 2475 1850 2511 οὐ
1878 2473 1935 2511 διὰ
1963 2474 2090 2518 παντὸς
2115 2474 2370 2524 ἐπιτιθεμένους
2385 2488 2393 2495 ·

1371 2539 1402 2575 οἳ
1423 2535 1458 2574 δὲ
1487 2538 1520 2574 ἐν
1555 2534 1679 2586 μέσαις
1709 2539 1786 2579 ταῖς
1818 2535 1958 2574 πόλεσιν
1989 2535 2137 2578 ἐκείνους
2169 2534 2394 2585 μιμούμενοι,

1371 2596 1523 2648 τοσούτῳ
1543 2596 1678 2648 χείρους
1697 2596 1849 2644 ἐκείνων,
1878 2596 1949 2648 ὅσῳ
1976 2596 2035 2635 καὶ
2055 2596 2285 2648 δυσφύλακτοι
2301 2597 2395 2646 μᾶλ-

1373 2659 1431 2696 λον
1453 2661 1578 2706 αὐτῶν,
1607 2657 1667 2695 καὶ
1697 2657 1784 2707 μετὰ
1813 2656 2012 2709 παρ’ῥησίας
2030 2660 2140 2694 ταῦτα
2167 2658 2355 2707 τολμῶσιν,
2375 2655 2397 2693 ἃ

1377 2716 1466 2769 μετὰ
1492 2721 1552 2755 τοῦ
1581 2717 1764 2756 λανθάνειν
1786 2720 1922 2756 ἐκεῖνοι.
1942 2716 2033 2761 Τοὺς
2052 2717 2118 2769 γὰρ
2145 2718 2199 2754 ἐπ’
2223 2716 2398 2768 ἀναιρέσει

1376 2781 1438 2825 τῆς
1464 2778 1630 2830 πονηρίας
1666 2779 1775 2816 αὐτῶν
1806 2777 1984 2829 κειμένους
2014 2778 2160 2828 νόμους,
2182 2777 2321 2821 τούτους
2339 2777 2398 2815 καὶ

1379 2843 1425 2884 εἰς
1457 2839 1663 2891 συμμαχίαν
1684 2839 1841 2882 ἕλκοντες
1855 2870 1864 2887 ,
1900 2841 1969 2877 τῶν
2003 2839 2166 2877 τοιούτων
2203 2838 2314 2890 φόνων
2340 2838 2400 2876 καὶ

1381 2900 1592 2952 μιασμάτων
1610 2899 1671 2942 τέις
1694 2900 1812 2945 πόλεις
1835 2900 2041 2946 ἐνέπλησαν.
2060 2897 2112 2938 *H
2127 2904 2165 2937 οὐ
2189 2900 2307 2952 φόνος,
2327 2898 2401 2937 εἰπέ

1380 2975 1458 3010 μοι,
1480 2960 1540 2997 καὶ
1560 2959 1661 3012 φόνου
1682 2966 1812 3012 χεῖρον,
1832 2961 1898 2999 ξιτὸ
1916 2963 2010 3013 λιμῷ
2032 2961 2249 3012 παραδοῦναι
2268 2959 2402 3006 πένητα

319 3026 421 3063 nere?
436 3026 535 3064 Licet
547 3026 641 3063 enim
662 3027 737 3064 haec
755 3035 794 3064 tu
812 3040 881 3064 non
894 3026 1016 3073 facias,
1041 3040 1123 3065 cum
1146 3028 1307 3066 faciendo
1329 3037 1355 3066 A
1379 3026 1438 3064 καὶ
1454 3028 1500 3068 εἰς
1516 3025 1755 3078 δεσμωτήριον
1773 3026 1954 3077 ἐμέῗαλεῖν,
1966 3025 2027 3063 καὶ
2048 3025 2136 3076 μετὰ
2149 3029 2208 3063 τοῦ
2223 3027 2327 3074 λιμοῦ
2344 3024 2403 3061 καὶ

320 3087 538 3125 occasionem
564 3087 736 3139 praebeas,
764 3087 804 3126 id
832 3087 914 3139 plus
941 3101 1047 3138 quam
1078 3088 1233 3126 ministri
1254 3089 1307 3127 tui

321 3165 515 3208 perpetras.
535 3156 724 3195 Homicida
746 3158 839 3195 enim
853 3156 1012 3208 gladium
1026 3157 1159 3209 infigit,
1177 3167 1210 3196 et
1226 3173 1307 3197 cum

323 3225 426 3262 brevi
448 3234 606 3277 tempore
626 3225 784 3264 dolorem
814 3225 988 3274 intulerit,
1015 3240 1084 3264 non
1108 3227 1201 3264 ultra
1228 3241 1307 3265 cru-

371 3370 383 3383 3
408 3361 459 3400 [Α.
479 3365 560 3398 πόλις
577 3367 624 3395 καὶ
638 3370 742 3406 χώρα,
764 3370 796 3393 et
813 3372 890 3394 mox
910 3368 925 3401 ἡ
943 3364 1108 3405 ἀοίκητος]

372 3421 383 3434 ³
410 3412 486 3451 [Sic
503 3412 541 3442 A.
557 3412 642 3445 Male
656 3414 747 3445 Editi
762 3424 813 3457 τῷ.
833 3415 881 3446 Ex
899 3413 1014 3446 eodem
1029 3427 1127 3456 supra
1145 3423 1220 3447 ante
1239 3415 1336 3448 verba

1381 3093 1543 3144 βασάνοις
1576 3093 1736 3129 ἐκδοῦναι
1768 3092 1827 3130 καὶ
1864 3092 2000 3145 μυρίοις
2034 3094 2220 3142 αἰκισμοῖς.
2240 3090 2316 3129 Κᾶν
2336 3089 2402 3142 γὰρ

1381 3160 1480 3203 αὐτὸς
1504 3164 1614 3198 ταῦτα
1649 3157 1697 3209 μὴ
1732 3161 1851 3210 ποιῇς,
1871 3158 2030 3212 παρέχῃς
2062 3158 2097 3195 δὲ
2129 3156 2192 3204 τὴν
2213 3156 2325 3195 αἰτίαν
2345 3161 2405 3194 τοῦ

1381 3228 1556 3278 γίνεσθαι,
1572 3228 1640 3265 τῶν
1657 3226 1931 3276 διακονουμένων
1947 3228 2080 3278 μᾶλλον
2102 3226 2190 3264 αὐτὰ
2207 3224 2345 3277 ἐργάζῃ.
2361 3224 2405 3262 Ὁ

1406 3370 1443 3402 εἰς
1460 3369 1632 3407 συμμαχίαν
1650 3362 1843 3395 inseruimus
1862 3364 1940 3404 aab]
