2502 3810
757 212 800 241 tx
836 210 976 241 EPIST.

90 299 160 338 Καὶ
174 303 291 343 ποῖον,
313 296 375 346 Τῷ
388 293 453 347 γὰρ
467 294 603 344 Μωϋσῇ
617 292 732 344 λέγει,
751 291 882 338 ἕλεήσω
897 290 933 327 ὃν
951 290 990 327 ἂν
1010 291 1108 333 ἐλεῶ,

89 359 147 396 καὶ
163 355 367 407 οἷκτειρησω
390 355 425 393 ὃν
454 354 493 390 ἂν
522 353 695 403 οἰκτείρω.
721 351 791 390 Και
809 351 915 389 πάλιν
937 348 1029 393 αὔξει
1046 348 1108 394 τὴν

90 416 260 456 ἀντίθεσιν
279 414 335 453 διὰ
358 430 462 464 μεσου
481 413 675 451 διακόπτων
703 411 821 459 αυτὴν,
841 427 901 449 και
927 410 1031 458 λύων,
1049 409 1108 447 καὶ

90 477 208 530 ἑτεραν
225 476 329 514 πάλιν
351 474 497 526 ἀπορίαν
520 490 640 512 ποιων.
656 472 734 511 Ἵνα
760 472 795 512 δὲ
820 471 1029 523 σαφέστερον
1049 469 1109 520 γέ-

91 554 192 586 νηται
203 537 242 575 τὸ
257 536 486 611 )εγο’μενϋ(ον,
471 550 681 587 εριιηνευσαι
697 534 778 572 αὐτὸ
790 536 988 584 ἀναγκαῖον.
1003 524 1108 574 Εἰπε,

94 614 209 651 φησιν,
227 601 244 636 ὅ
262 596 413 644 Θεος,”
392 613 445 634 οτι
465 596 508 633 Ὁ
531 595 656 645 μείζων
677 593 850 633 δουλεύσει
876 595 926 630 τῶ
950 591 1133 629 ἐλάσσονι
1123 621 1171 646 61

93 658 160 710 πρὸ
175 674 237 704 της
251 658 381 700 ὠδῖνος.
398 656 445 694 Τί
459 660 536 704 οὖν,
554 655 601 706 μὴ
624 655 738 698 ἄδικος
754 657 771 692 ὁ
790 653 897 699 Θεός,
922 653 1110 702 Οὐδαμῶς.

93 720 227 756 Οὔκουν
257 717 359 755 ἄκουε
390 732 449 754 και
481 719 549 754 τιΝ)ν
579 715 675 761 ἑξῆς·
702 717 772 752 ἐκεῖ
806 729 867 764 μεν
899 711 966 764 γὰρ
993 726 1055 748 καν
1088 713 1109 755 ἡ

93 778 198 831 ἀρετὴ
211 808 220 825 ,
253 794 316 815 καν
350 781 371 823 ἡ
410 776 516 815 κακία
548 775 734 828 διεκρινεν·
767 776 912 812 ἐνταυθα
945 772 980 810 δὲ
1011 772 1045 809 ἓν
1075 787 1113 808 το

95 838 290 913 ἁμάρτημα
304 831 344 883 ἦν
362 837 523 874 ἁπάντων
538 834 728 881 Ἰουδαίων,
743 833 782 871 τὸ
792 837 854 880 τ’ῆς
873 831 1112 883 μοσᾸοποιίας,

94 898 153 935 καὶ
172 898 265 948 ὅμως
284 900 314 936 οἱ
333 896 393 948 μὲν
412 896 660 942 ἐκολάσθησαν,
678 896 708 932 οἱ
728 894 764 932 δὲ
781 896 842 931 οὐκ
859 892 1110 937 wolsten-cmv

95 958 175 996 οιὸ
161 959 291 1009 ἔ)εγεν,
305 956 504 1002 Ἐλεησω
487 970 523 994 ον
539 956 578 992 ἂν
594 957 696 1001 ἐλεῶ,
716 954 775 991 καὶ
793 952 999 1004 οἰκτειρήσω
1016 952 1087 990 ὃν
1072 967 1111 987 αν

95 1021 124 1056 οἶ
120 1018 266 1091 κτείρω.
283 1019 336 1055 Οὐ
356 1017 422 1068 γὰρ
448 1016 505 1054 σόν
526 1018 617 1052 ἐστιν
638 1006 824 1060 εἷδέναι,Ν
799 1029 827 1050 ω
848 1014 1003 1085 1111))ὖσῆ,
1023 1011 1113 1053 τίνες

94 1077 182 1121 ἄξιοι
202 1076 481 1129 φιλανθρωπίας,
503 1076 578 1112 ἀλλ’
608 1074 684 1125 ἐμοὶ
713 1071 918 1125 παραχώρει
938 1075 1048 1109 τοῦτο.
1068 1072 1113 1109 Εἰ

96 1137 131 1175 δὲ
159 1137 334 1179 Μωϋσέως
355 1138 417 1174 οὐκ
444 1131 485 1182 ἦν
515 1135 660 1180 εἰδέναι,
688 1135 808 1184 πολλῷ
843 1135 973 1183 μᾶλλον
999 1135 1111 1182 ἡμῶν.

95 1197 163 1235 Διὰ
178 1196 244 1249 γὰρ
263 1201 362 1234 τοῦτο
381 1195 458 1234 οὐδὲ
474 1196 592 1238 ἁπλῶς
607 1194 736 1233 τέθεικε
756 1193 795 1231 τὸ
810 1192 1002 1244 εἰρημένον,
1024 1190 1114 1229 ἀλλὰ

96 1258 156 1295 καὶ
175 1256 259 1308 πρὸς
282 1256 360 1294 τίνα
384 1250 492 1304 εἶπεν,
512 1254 747 1306 ἐμνημόνευσε
762 1269 769 1276 ·
787 1255 850 1305 Τῷ
877 1253 944 1305 γὰρ
960 1255 1112 1304 Minoo-373,

96 1318 200 1370 φησὶ,
215 1317 329 1369 λέγει·
350 1316 406 1355 ἵνα
421 1317 481 1355 καὶ
498 1319 547 1369 τῷ
572 1316 743 1366 ἀξιώματι
767 1318 826 1353 τοῦ
853 1314 1039 1366 προσώπου
1057 1315 1113 1352 τὸν

98 1379 320 1429 ἀντιλέγοντα
347 1377 507 1431 ἐντρέψῃ.
532 1376 653 1416 Εἰπὼν
681 1375 793 1414 τοίνυν
823 1374 885 1421 τὴν
917 1374 1016 1413 λύσιν
1047 1377 1114 1413 τῶν

99 1437 358 1490 ἀπορουμένων,
380 1438 435 1475 διὰ
455 1437 560 1487 μέσου
578 1436 776 1483 διακόπτει,
797 1435 901 1474 πάλιν
918 1434 1037 1487 ἑτέραν
1057 1439 1116 1474 ἀν-

99 1499 226 1536 τίθεσιν
251 1498 411 1550 εἰσάγων,
430 1497 489 1536 καὶ
502 1497 631 1548 λέγων·
651 1495 689 1535 Ἄ
697 1513 737 1549 ρα
756 1490 852 1538 οὗτος
871 1497 908 1534 οὒ
927 1499 985 1533 τοῦ
1003 1495 1117 1533 θέλον-

100 1576 156 1603 τος
174 1559 249 1598 οὐδὲ
265 1563 323 1597 τοῦ
337 1559 536 1612 τρέχοντος,
555 1557 645 1596 ἀλλὰ
666 1561 724 1594 τοῦ
744 1559 915 1600 ἐλεοῦντος
929 1556 1031 1595 Θεοῦ.
1052 1555 1117 1594 Λέ-

100 1636 159 1695 γει
180 1619 247 1671 γὰρ
271 1623 292 1666 ἡ
316 1619 438 1672 Γραφὴ
470 1621 519 1656 τῖ’)
551 1617 706 1671 Φαραι),
737 1634 789 1655 οτι
818 1618 865 1660 εἷς
898 1633 982 1654 αυτο
1019 1633 1118 1655 τουτο

101 1680 176 1730 εξη
163 1696 199 1718 κε
186 1679 261 1732 ,ιρά
279 1695 336 1724 σε,
351 1679 443 1722 ὅπως
460 1678 693 1729 ἐνδείξωμαι’
679 1695 712 1717 εν
729 1694 782 1716 σοι
795 1677 857 1724 την
875 1677 1018 1729 δύναμίν
1041 1694 1119 1728 μου,

104 1741 163 1778 καὶ
183 1740 275 1784 οπως
301 1741 465 1791 διαγγελῇ
494 1739 533 1777 τὸ
564 1739 674 1789 ὄνομά
702 1754 766 1790 μου
798 1736 831 1776 ἓν
864 1739 959 1790 πάσῃ
988 1755 1030 1789 τῃ
1059 1742 1115 1791 γῇ.

102 1800 245 1852 ΝΩσπερ
266 1800 333 1852 γὰρ
354 1803 425 1838 ἐκεῖ
449 1817 565 1852 φησιν,
587 1800 617 1838 οἱ
640 1799 701 1850 μὲν
728 1799 920 1847 ἐσώθησαν,
938 1802 968 1837 οἵ
987 1798 1021 1837 δὲ
1040 1802 1121 1839 ἐκο-

102 1861 298 1907 λάσθησαν·
330 1860 420 1899 οὕτω
455 1861 514 1899 καὶ
547 1863 693 1899 ἐνταῦθα
725 1854 822 1903 οἶτος
848 1862 895 1903 εἷς
923 1876 1004 1899 αυτο
1023 1877 1122 1901 τουτο

103 1923 269 1973 ἐτηρεῖτο.
290 1915 381 1959 Εἶτα
400 1921 505 1959 πάλιν
536 1920 707 1959 ἀντίθεσιν
733 1937 800 1959 ,πα
802 1937 874 1973 (ει
898 1919 983 1973 Ἄρα
1009 1926 1065 1960 οὖν
1086 1923 1120 1961 ὃν

104 1984 140 2019 Οε
126 1981 195 2018 ’λει
213 1983 268 2019 5')5
271 1987 320 2028 εἰ,
343 1981 378 2019 ὃν
401 1981 436 2019 δε
455 1981 545 2020 θέλει
573 1980 768 2034 σκ)ηρύνει.
784 1980 897 2034 Ερεῖς
918 1986 973 2020 οὖν
993 1999 1070 2033 μοι,
1090 1983 1124 2021 τί

104 2041 155 2078 ἔτι
171 2057 213 2090 με
200 2057 365 2092 ,μφεταις
382 2044 431 2078 τιΝ)
448 2041 515 2094 γὰρ
532 2042 612 2080 θελ’
583 2058 702 2092 ηματι
719 2044 822 2079 αὐτου
838 2041 889 2086 τίς
903 2042 1123 2093 ἀνθέστηκεν,

104 2100 213 2152 (Ορᾷς
246 2105 319 2144 πῶς
351 2102 561 2140 ἐσπούδασεν
598 2102 680 2140 αὐτὸ
713 2106 860 2149 ποιῆσαι
895 2103 951 2141 διὰ
983 2099 1122 2144 πάντων

106 2162 256 2213 ἅπορον;
276 2162 344 2200 Καὶ
363 2160 441 2200 οὐδὲ
467 2179 529 2209 την
549 2162 646 2201 λύσιν
667 2163 789 2207 εὐθέως
819 2163 960 2215 ἐπάγει
989 2174 1136 2218 συμφε-’

105 2221 231 2273 ρόντως
244 2222 302 2259 καὶ
317 2226 416 2260 τοῦτο
434 2226 555 2268 ποιῶν,
581 2224 656 2261 ἀλλ’
677 2223 890 2275 ἐπιστομιζει
909 2228 1046 2278 πρῶτον
1067 2227 1123 2264 τὸν

104 2285 288 2329 ζητοῦντα,
310 2281 361 2320 λε’
351 2298 421 2334 (ων
436 2282 545 2328 οὕτω,
563 2285 754 2334 Μενουνγε,
770 2286 797 2320 ὠ
816 2284 993 2359 ἄνθρωπε,
1013 2302 1053 2324 συ
1074 2302 1125 2330 τις

104 2347 132 2379 εἰ
155 2345 172 2379 ὁ
190 2343 522 2396 ἀνταποκρινόμενος
539 2346 588 2395 τῷ
607 2344 712 2382 Θεῶ·
704 2373 714 2390 ,
736 2346 874 2383 Ποιεῖ
856 2345 891 2382 οὲ
917 2362 1035 2394 τουτο,
1061 2363 1122 2394 την

105 2402 247 2453 ἄκαιρον
262 2404 302 2440 αὖ
307 2406 365 2440 τοῦ
378 2403 578 2455 περιεργίαν
594 2403 827 2451 ἀναστέλλων,
843 2405 902 2443 καὶ
914 2403 976 2452 τὴν
991 2406 1097 2444 πολλ
1082 2423 1124 2453 ην

105 2462 460 2514 πολυπραγμοσύνην,
485 2464 543 2501 καὶ
562 2465 703 2516 χαλινὸν
733 2464 938 2518 περιτιθεὶς,
958 2467 1017 2504 καὶ
1036 2484 1124 2506 παι-

107 2522 212 2560 δεύων
233 2523 358 2561 εἰδέναι
377 2523 411 2561 τί
431 2523 492 2574 μὲν
511 2525 621 2571 Θεὸς,
640 2525 674 2563 τί
693 2525 727 2564 δὲ
745 2526 923 2579 ἅνθρωπος
936 2557 946 2575 ,
971 2527 1030 2564 καὶ
1051 2531 1126 2572 πῶς

108 2583 352 2633 ἀκατάληπτος
368 2585 470 2621 αὐτοῦ
486 2587 506 2629 ἡ
523 2584 686 2635 πρόνοια,
705 2585 764 2623 καὶ
779 2589 853 2630 πῶς
872 2585 1126 2638 ὑπερὸαίνουσα

107 2643 165 2681 τὸν
180 2643 345 2695 ἡμέτερον
372 2643 554 2695 λογισμὸν,
576 2643 724 2688 καὶπῶς
739 2646 875 2684 ἅπαντα
893 2649 984 2698 αὐτῷ
1006 2647 1126 2686 πείθε-

106 2707 187 2741 σθαι
204 2705 253 2741 δεῖ
269 2719 276 2727 ·
291 2702 334 2740 ἵν’
350 2703 431 2742 ὅταν
444 2708 543 2742 τοῦτο
559 2705 804 2758 κατασκευάσῃ
821 2705 917 2758 παρὰ
933 2709 982 2759 τῷ
1000 2710 1126 2759 ἀκροα-

107 2766 170 2815 τῇ,
188 2764 247 2802 καὶ
261 2764 472 2814 καταστείλῃ
490 2764 549 2802 καὶ
567 2765 672 2816 λεάνῃ
690 2764 752 2812 τὴν
769 2765 925 2817 γνώμην,
940 2767 1016 2805 τότε
1039 2768 1127 2818 μετὰ

107 2827 238 2870 πολλῆς
255 2827 318 2870 τῆς
334 2824 488 2867 εὐκολίας
503 2824 640 2876 ἐπάγων
659 2824 721 2872 τὴν
740 2826 851 2874 λύσιν,
869 2827 1126 2880 εὐπαράδεκτον

109 2887 201 2936 αὐτῷ
221 2884 349 2933 ποιήσῃ
367 2884 405 2923 τὸ
420 2884 616 2936 λεγόμενον.
642 2886 711 2924 Καὶ
729 2889 766 2924 οὐ
781 2887 874 2938 λέγει
890 2918 899 2935 ,
921 2887 974 2926 ὅτι
997 2888 1126 2927 ἀδύνα-

109 2960 166 2982 τον
181 2941 220 2983 τὸ
240 2949 382 2983 τοιαῦτα
401 2945 506 2993 λύειν,
526 2946 616 2984 ἀλλὰ
631 2946 666 2984 τί
671 2962 682 2994 3
702 2948 912 3001 Παράνομον
928 2949 968 2987 τὸ
986 2955 1128 2988 τοιαῦτα

111 3005 222 3048 ζητεῖν
239 3020 247 3027 ·
262 3006 311 3043 δεῖ
331 3004 398 3057 γὰρ
414 3005 594 3044 πείθεσθαι
611 3013 681 3050 τοῖς
703 3007 770 3046 ὑπὸ
786 3012 844 3046 τοῦ
868 3011 959 3053 Θεοῦ
980 3010 1130 3061 λεγομέ-

111 3078 180 3106 νοις
193 3093 202 3110 ,
221 3066 258 3101 ου
274 3066 578 3117 περιεργάζεσθαι,
599 3067 663 3105 κᾶν
679 3069 736 3106 τὸν
752 3068 854 3120 λόγον
871 3072 982 3108 αὐτῶν
1004 3072 1131 3121 ἀγνοῶ-

115 3138 193 3160 μεν·
211 3123 262 3161 διό
276 3139 376 3175 φησι,
393 3125 443 3168 Συ
464 3126 514 3169 τίς
533 3131 563 3164 εἰ
582 3131 637 3166 δ’
618 3129 954 3182 ἀνταποκρινόμενος
968 3133 1016 3167 τιΝ)
1036 3132 1137 3182 Θει),

114 3177 215 3224 Εἶδες
232 3199 304 3225 πως
319 3183 534 3234 ἐξηυτέλισε,
551 3189 624 3231 πῶς
640 3203 832 3241 κατηνεγκε
847 3206 887 3227 το
903 3189 1064 3241 φύσημα,
1082 3190 1132 3228 Συ

115 3243 167 3286 τίς
196 3247 242 3290 εἰ,
260 3245 430 3288 Κοινωνὸς
449 3249 478 3283 εἰ
498 3262 560 3293 της
589 3249 720 3299 ἀργῆς,
747 3249 876 3287 ἀλλὰ
858 3251 1024 3298 οικαστὴς
1049 3251 1133 3289 ἐκά-

117 3307 214 3348 Οισας
256 3306 307 3341 τῶ
347 3307 448 3342 Θεῶ·
442 3306 565 3359 ,Πρὸς
600 3308 667 3360 γὰρ
691 3326 755 3356 την
795 3310 924 3349 ἐκεινου
954 3311 1132 3364 σύγκρισιν

118 3364 192 3403 οὐδὲ
224 3344 309 3403 εἰνάι
348 3381 381 3402 τι
411 3365 576 3415 ούνασαι,
606 3370 642 3407 οὖ
677 3369 752 3408 τόδε
776 3369 797 3416 ἢ
827 3371 923 3420 τόδε,
954 3374 1030 3410 ἀλλ
1058 3374 1134 3412 0305

308 3430 400 3455 TOM.
436 3431 489 3455 1Χ.

1016 207 1074 237 ΑΙ)
1109 206 1217 236 ROM.

1256 204 1408 235 HOMIL.
1448 203 1543 234 XVI,

2069 185 2163 249 679

1180 299 1285 335 reor,
1316 294 1352 323 et
1394 284 1692 322 commiserabor
1744 295 1855 334 quem
1903 284 2161 319 commiseror.

1180 347 1318 383 Rursus
1359 353 1463 396 auget
1503 342 1737 395 objectionem
1782 341 1934 379 mediam
1971 341 2166 393 praecidens

1180 405 1290 453 illam,
1310 414 1342 442 et
1369 405 1475 442 aliam
1495 418 1617 441 rursus
1645 402 1893 440 difficultatem
1912 402 2093 454 adjiciens.
2113 404 2167 440 Ut

1180 475 1298 503 antem
1317 465 1453 503 dictum
1472 464 1603 502 elarius
1622 463 1762 514 evadat3
1776 463 1969 501 necessario
1986 463 2168 514 explican-

1181 525 1268 562 dum
1292 535 1353 563 est.
1370 525 1475 563 Dixit
1495 526 1604 573 Deus,
1626 524 1756 575 inquit,
1782 525 1916 576 M'ajor
1934 526 2068 562 serviet
2091 525 2166 559 mi-

1184 587 1269 621 nori
1286 594 1366 623 ante
1386 594 1541 636 partum.
1569 584 1667 630 Quid
1698 584 1915 635 εει-8091111111
1944 583 2096 651 injustus
2117 592 2168 620 est

1137 658 1162 686 Α
1183 646 1304 683 Deus?
1318 646 1478 684 Minime
1496 646 1592 696 Ergo
1608 645 1693 682 audi
1709 645 1908 695 sequentia:
1919 645 1968 683 ibi
1984 645 2077 682 enim
2093 654 2169 682 tum

1184 722 1204 745 x
1209 708 1307 757 utus,
1322 717 1400 746 tum
1418 708 1553 745 malitia
1569 708 1619 745 lei
1632 707 1822 745 discrimen
1839 708 1991 757 faciunt3
2006 708 2065 745 hic
2083 722 2168 747 vero

1182 780 1368 822 peccatum
1396 785 1508 808 unum
1527 780 1601 808 erat
1618 771 1778 808 omnium
1808 738 2028 817 Judaeoruin,
2050 772 2171 808 confe-

1187 839 1264 868 ctus
1282 831 1432 880 vitulus,
1453 840 1486 868 et
1507 840 1623 868 tamen
1642 830 1703 867 alii
1723 830 1843 882 puniti
1865 840 1960 880 sunt3
1982 831 2045 867 alii
2063 831 2171 868 mini-

1187 904 1243 929 me
1249 906 1260 940 3
1275 891 1425 940 ideoque
1444 890 1584 928 dicebat
1603 892 1838 928 :ffIiserebor
1849 894 1956 943 cujus
1973 894 2165 938 misereor,

1188 961 1225 989 et
1237 954 1535 989 commiserabor
1558 965 1671 1002 quem
1688 954 1943 990 commiseror.
1964 953 2042 989 Non
2067 961 2169 989 tuum

1188 1011 1282 1048 enim
1292 1020 1354 1058 est,
1362 1025 1382 1048 o
1392 1013 1547 1062 Moyses,
1558 1010 1645 1047 scire
1653 1010 1713 1061 qui
1723 1010 1823 1061 digni
1833 1011 1902 1048 sint
1913 1012 2167 1059 misericordia,

1188 1070 1248 1108 sed
1265 1070 1355 1107 mihi
1374 1070 1442 1108 hoc
1467 1069 1630 1108 concede.
1652 1070 1690 1108 Si
1709 1079 1827 1108 autem
1847 1071 1986 1123 Moysis
2006 1085 2076 1108 non
2099 1080 2174 1108 erat

1187 1130 1256 1168 hoc
1275 1130 1494 1180 scire3multo
1509 1130 1626 1168 minus
1638 1139 1799 1168 nostrum
1815 1131 2021 1169 suerit.Ideo
2038 1131 2172 1168 dictum

1186 1190 1280 1228 illud
1299 1204 1368 1228 non
1387 1191 1599 1242 simpliciter
1630 1192 1764 1243 posuit,
1785 1192 1844 1229 scd
1865 1192 2007 1229 cuinam
2026 1191 2175 1240 dixerit,

1189 1252 1400 1290 memoravit
1418 1268 1425 1288 :
1441 1254 1577 1301 ,Moysi
1592 1255 1695 1290 enim
1716 1254 1827 1300 dixit,
1852 1253 1980 1303 inquit,
1997 1263 2035 1291 ut
2057 1267 2176 1305 perso-

1188 1325 1241 1349 nae
1256 1312 1429 1364 dignitate
1448 1313 1743 1350 contradicentem
1766 1313 1979 1365 pudefaciat.
2001 1315 2092 1352 Data
2110 1313 2178 1364 igi-

1141 1387 1164 1416 ss
1190 1382 1249 1411 tur
1282 1373 1540 1411 difficultatum
1586 1373 1783 1425 solutione,
1820 1389 1884 1426 per
1922 1374 2081 1412 medium
2118 1388 2176 1411 sc—

1191 1443 1260 1480 cat,
1281 1448 1405 1472 rursus
1442 1434 1550 1472 aliam
1580 1434 1815 1486 objectionem
1847 1434 2018 1473 inducens
2050 1449 2091 1472 ac
2123 1434 2177 1472 di-

1191 1508 1295 1532 cens:
1315 1496 1376 1533 16.
1397 1497 1537 1546 Itaque
1566 1508 1644 1532 non
1674 1497 1845 1534 volentis
1880 1510 2000 1547 neque
2019 1509 2177 1533 curren-

1193 1556 1253 1602 tis,
1270 1554 1340 1591 sed
1358 1555 1574 1591 miserentis
1594 1555 1685 1592 Dei.
1708 1556 1772 1592 17.
1804 1556 1917 1593 Dixit
1950 1558 2050 1593 enim
2078 1555 2180 1593 Scri—

1191 1622 1307 1664 ptura
1334 1615 1538 1651 Pharaoni
1564 1629 1574 1649 .·
1592 1616 1642 1651 In
1675 1616 1747 1652 hoc
1780 1618 1903 1666 ipsum
1930 1624 1966 1653 te
1998 1618 2175 1660 incitavi,

1193 1684 1236 1713 ut
1252 1675 1489 1713 ostenderem
1507 1677 1598 1712 inte
1609 1678 1822 1726 potentiam
1838 1690 1977 1723 meum,
1995 1685 2031 1714 et
2044 1685 2085 1713 ut
2103 1689 2180 1713 an-

1195 1738 1393 1773 nuntietur
1413 1749 1552 1772 nomen
1577 1749 1702 1773 meum
1721 1739 1762 1773 in
1781 1739 1962 1775 universa
1994 1745 2108 1773 terra.
2130 1737 2181 1773 [ft

1194 1797 1288 1834 enim
1302 1796 1377 1834 illic
1391 1796 1452 1846 ait,
1469 1796 1541 1833 Alii
1559 1797 1648 1835 salvi
1664 1797 1746 1834 sacti
1762 1807 1853 1847 sunt,
1865 1798 1926 1835 alii
1946 1797 2061 1849 puniti
2078 1806 2178 1846 sunt3

1195 1858 1243 1896 ita
1255 1869 1288 1897 et
1298 1859 1366 1896 11οο
1378 1857 1454 1896 loco
1470 1859 1529 1896 hic
1548 1858 1593 1896 ad
1612 1859 1679 1898 hoc
1697 1860 1817 1912 ipsum
1835 1861 2054 1899 servabatur.
2069 1860 2181 1899 Dein-

1195 1918 1240 1957 de
1256 1919 1488 1971 objectionem
1506 1934 1649 1958 rursum
1666 1921 1769 1958 affert
1784 1936 1791 1956 :
1807 1921 1871 1959 18.
1895 1922 2000 1973 Ergo
2014 1924 2076 1958 eui
2091 1922 2181 1958 vult

1195 1984 1408 2028 miseretur,
1428 1990 1464 2019 et
1477 1996 1589 2033 quem
1602 1982 1690 2019 vult
1704 1983 1877 2020 indurat.
1894 1983 1954 2019 19.
1966 1984 2079 2020 Dices
2093 1996 2181 2034 ergo

1147 2056 1170 2086 c
1195 2044 1303 2089 milti,
1315 2043 1418 2091 Quid
1431 2044 1559 2080 adhuc
1578 2036 1854 2095 conqueritur?
1873 2058 1964 2081 mim
1984 2045 2182 2081 voluntati

1195 2106 1277 2156 ejus
1291 2106 1376 2155 quis
1390 2105 1532 2141 resistit
1548 2108 1564 2140 P
1581 2103 1728 2150 Viden’,
1751 2104 1928 2154 quomodo
1944 2105 2010 2142 hoc
2028 2104 2182 2142 dubium

1197 2165 1309 2202 facere
1325 2165 1422 2203 omni
1442 2164 1548 2202 modo
1568 2165 1730 2203 studeat?
1745 2167 1816 2203 Nec
1833 2166 1953 2203 statim
1972 2166 2183 2203 solutionem

1196 2225 1344 2277 apronit
1357 2256 1366 2274 ,
1385 2225 1453 2263 hoc
1478 2224 1584 2262 etiam
1603 2225 1739 2263 utiliter
1758 2226 1912 2276 faciens3
1936 2226 1997 2264 sed
2024 2227 2183 2278 primum

1197 2285 1368 2334 quaerenti
1400 2284 1451 2322 sic
1477 2299 1516 2322 os
1549 2285 1704 2335 obturat,
1742 2285 1861 2323 dicens
1880 2301 1888 2321 ε
1905 2285 2045 2338 Atqui,
2071 2288 2135 2325 5³20.
2162 2300 2184 2324 0

1198 2347 1324 2393 homo,
1345 2354 1385 2383 tu
1403 2348 1488 2398 quis
1508 2360 1559 2392 es,
1577 2349 1643 2398 qui
1663 2356 1800 2385 contra
1818 2349 2050 2399 respondeas
2069 2349 2184 2385 Deo?

1198 2405 1274 2444 Hoc
1304 2415 1423 2443 autem
1444 2406 1541 2454 facit,
1563 2406 1848 2459 intempestivam
1874 2407 2093 2460 nimiamque
2109 2411 2185 2462 ejus

1198 2466 1439 2505 curiositatem
1473 2467 1671 2519 reprimens
1690 2477 1724 2505 et
1745 2468 1885 2506 frenum
1907 2469 2092 2521 adjiciens,
2114 2471 2182 2508 do-

1200 2540 1348 2578 censque
1384 2526 1473 2577 quid
1504 2527 1549 2564 sit
1575 2529 1687 2578 Deus,
1708 2527 1796 2578 quid
1812 2529 1933 2574 homo,
1956 2538 1989 2566 et
2007 2530 2184 2580 quomodo

1199 2588 1267 2626 Dei
1288 2587 1514 2640 providentia
1532 2587 1899 2639 incomprehensibilis
1919 2588 1979 2639 sit,
2002 2599 2184 2628 nostrum-

1201 2663 1268 2699 que
1286 2648 1512 2686 ratiocinium
1532 2657 1729 2698 exsuperet,
1752 2662 1792 2685 ac
1811 2648 1988 2698 quomodo
2009 2650 2045 2687 in
2064 2651 2185 2688 omni-

1152 2721 1177 2750 D
1200 2710 1268 2747 bus
1283 2709 1352 2761 ipsi
1362 2708 1677 2760 obtemperandum
1694 2707 1807 2746 sittut
1820 2718 2007 2760 postquam
2021 2710 2087 2748 hoc
2104 2726 2186 2763 pro-

1201 2770 1339 2809 baverit
1351 2769 1520 2815 auditori,
1531 2769 1676 2820 ejusque
1693 2778 1846 2807 mentem
1862 2771 2067 2822 represserit
2083 2787 2122 2810 ac
2135 2787 2186 2810 se-

1201 2831 1353 2879 daverit,
1370 2839 1455 2868 tunc
1470 2829 1573 2868 facile
1589 2830 1800 2868 solutionem
1826 2831 1976 2869 asserens
2001 2843 2186 2885 acceptum

1202 2892 1256 2929 illi
1276 2904 1472 2929 sermonem
1491 2901 1596 2927 suum
1616 2890 1755 2929 reddat.
1778 2892 1852 2929 Nec
1872 2891 1974 2938 dicit,
1998 2906 2067 2930 non
2086 2908 2187 2946 posse

1202 2953 1265 2990 illa
1285 2951 1387 2999 solvi,
1420 2950 1481 2989 sed
1513 2950 1631 3001 quid.o
1650 2950 1819 3001 Iniquum
1846 2966 1918 2990 esse
1939 2953 2026 2991 alias
2046 2968 2187 2993 movere

1204 3012 1432 3064 quaestiones,
1461 3011 1522 3050 sed
1541 3020 1702 3063 oportere
1720 3011 1787 3048 Dei
1806 3012 1910 3049 dictis
1929 3013 2186 3066 obtemperare,

1203 3088 1267 3112 nec
1288 3074 1349 3111 illa
1370 3072 1508 3110 curiose
1535 3071 1699 3121 scrutari,
1725 3072 1863 3109 etiamsi
1882 3073 2027 3111 illorum
2046 3089 2187 3114 sensum

1205 3138 1424 3188 ignoramus.
1445 3135 1530 3173 Ideo
1562 3134 1663 3183 dicit,
1690 3135 1746 3172 Tu
1772 3138 1858 3187 quis
1882 3149 1934 3182 es,
1956 3140 2026 3188 qui
2052 3148 2189 3177 contra

1207 3196 1437 3247 respondeas
1462 3195 1575 3231 Deo?
1597 3192 1727 3232 Viden'
1749 3202 1788 3230 ut
1806 3193 1911 3230 illum
1937 3194 2130 3247 deprimat,
2150 3207 2189 3235 ut

1208 3255 1282 3306 ejus
1296 3255 1429 3290 sactum
1442 3251 1608 3303 dejiciat?
1630 3253 1685 3288 Tu
1703 3255 1790 3303 quis
1808 3265 1846 3289 es
1861 3256 1877 3288 Ρ
1893 3254 1946 3289 An
1962 3253 2135 3306 particeps
2154 3269 2190 3293 es

1160 3322 1182 3352 E
1209 3311 1374 3364 imperii?
1389 3323 1432 3347 an
1456 3323 1537 3347 cum
1556 3311 1630 3347 Deo
1645 3309 1759 3361 judex
1776 3309 1902 3347 sedes?
1917 3311 2008 3348 Nam
2027 3326 2108 3350 cum
2127 3313 2190 3350 illo

1209 3378 1447 3423 comparatus,
1472 3368 1562 3406 nihil
1582 3382 1654 3407 csse
1677 3377 1790 3421 pote53
1814 3383 1883 3407 non
1902 3369 1968 3406 hoc
1999 3371 2055 3408 vel
2082 3371 2188 3422 illud,

1930 3423 1979 3459 47
