2502 3810
160 2589 246 2617 Rom.
270 2598 315 2618 12.

377 248 436 303 Δία
459 248 470 285 i
824 262 861 290 s.

426 341 462 376 4.
482 341 621 386 Quanta
635 340 686 375 ira
699 339 866 388 furorque
879 340 972 377 mala
984 341 1212 392 pepererunt!
1229 341 1352 388 Quod-

374 413 440 449 que
463 399 609 448 gravius
632 407 696 446 est,
719 398 861 447 quando
885 400 1075 451 surgimus,
1095 415 1164 439 non
1186 402 1280 439 ultra
1299 402 1351 440 si—

372 459 449 494 mul
468 457 656 494 conxenire
673 459 883 510 poterimus,
901 459 959 497 sed
979 461 1066 498 alios
1086 471 1351 513 exspectamus:

370 518 612 567 unusquisque
637 517 868 555 confunditur
893 527 927 556 et
953 520 1127 558 erubescit
1150 521 1288 560 rediens
1309 521 1357 560 ad

368 577 668 615 reconciliandum
680 577 803 616 alium.
812 578 918 628 Vide,
933 579 1052 618 dividj
1067 590 1100 618 et
1113 581 1267 618 discindi
1284 596 1354 620 non

367 638 553 687 crubescit,
570 637 631 676 sed
645 638 686 675 fit
697 638 780 676 mali
796 638 890 687 dux3
909 640 1074 679 accedere
1085 651 1202 679 autem
1222 651 1255 680 et
1272 643 1356 681 scis-

367 711 446 735 sum
462 712 628 736 consuere
639 699 823 736 erubescit.
835 702 950 751 Atque
966 701 1127 753 idipsum
1143 703 1302 755 contigit,
1314 718 1355 742 ac

366 758 395 794 si
406 758 485 809 quis
501 759 701 796 membrum
716 759 860 810 quidem
871 761 1077 800 abscindere
1089 776 1158 801 non
1171 773 1352 815 gravetur,

366 821 577 871 conjungere
603 829 722 858 autem
746 822 942 863 erubescat.
966 824 1068 872 Quid
1091 824 1196 873 dicis,
1222 826 1355 864 homo?

212 893 351 920 Reconci-
365 881 519 918 multum
531 881 666 931 laesisti,
685 891 719 919 et
733 882 808 934 ipse
819 892 942 921 auctor
950 885 1049 923 fuisti
1064 900 1192 938 pugnae
1203 887 1221 924 Ρ
1232 888 1354 938 Itaque

162 934 245 960 liutio
282 944 352 970 quo-

165 975 251 1001 modo
274 985 352 1013 quae·

166 1015 266 1043 reuda.

361 942 442 992 jure
465 942 564 994 prior
582 957 639 980 eas
667 952 699 980 et
718 944 969 995 reconcilieris,
986 955 1108 998 utpote
1122 949 1184 998 qui
1199 948 1236 986 in
1249 962 1354 986 causa

364 1003 481 1042 fueris.
500 1006 543 1040 At
558 1003 664 1041 laesus
678 1017 725 1053 es,
739 1013 772 1041 et
790 1004 851 1041 ille
864 1004 900 1042 in
917 1019 1022 1043 causa
1035 1016 1086 1044 est
1097 1007 1115 1044 ἒ)
1128 1007 1175 1045 Et
1189 1008 1272 1048 ideo
1284 1008 1352 1061 igi-

363 1075 435 1115 tur,
452 1075 491 1103 ut
507 1066 619 1117 magis
638 1066 865 1105 admirationi
879 1068 1058 1117 habearis,
1075 1079 1114 1107 ut
1134 1079 1167 1108 et
1183 1070 1218 1107 in
1232 1070 1352 1122 primo

363 1136 396 1164 et
416 1127 452 1164 in
472 1126 627 1165 secundo
660 1128 795 1179 primas
813 1129 958 1180 babeas,
979 1140 1100 1182 utpote
1119 1132 1182 1182 qui
1201 1145 1265 1169 nee
1284 1132 1353 1169 ini-

362 1186 505 1225 micitiae
523 1187 620 1224 fuisti
636 1202 756 1235 eausa,
771 1203 834 1226 nec
848 1190 945 1240 quod
958 1205 998 1228 ea
1017 1191 1167 1229 ulterius
1184 1192 1353 1230 extenda-

361 1247 467 1284 datur
485 1263 492 1283 :
512 1248 669 1286 fortassis
683 1258 716 1286 et
730 1249 790 1286 ille
803 1250 1000 1288 multorum
1017 1251 1085 1289 sibi
1102 1251 1260 1290 conscius
1275 1267 1351 1291 eru·

360 1308 487 1345 bescit.
512 1308 582 1346 Sed
607 1323 774 1361 arrogans
792 1312 873 1348 est?
892 1311 976 1350 Ideo
1000 1312 1156 1350 maxime
1174 1327 1217 1351 ne
1235 1314 1351 1366 segnis

362 1369 409 1407 sis
430 1369 474 1406 ad
505 1369 742 1408 accedendum
765 1387 772 1407 :
793 1386 877 1410 nam
896 1373 1034 1426 duplex
1054 1384 1105 1413 est
1123 1376 1222 1428 apud
1246 1377 1351 1416 illum

360 1430 494 1481 passio,
512 1431 712 1482 arrogantia
729 1441 761 1469 et
780 1432 845 1471 ira.
861 1435 919 1471 Tu
936 1434 1081 1485 quidem
1097 1450 1238 1474 causam
1252 1436 1350 1476 dixi-

361 1490 421 1538 sti,
448 1500 592 1543 propter
615 1506 721 1542 quam
743 1494 840 1545 prior
866 1495 1032 1534 accedere
1049 1496 1169 1545 debes,
1192 1499 1271 1548 quia
1293 1513 1347 1537 sa-

361 1563 428 1587 nus
445 1565 493 1599 es,
511 1551 594 1601 quia
610 1552 734 1590 videre
750 1563 848 1604 potes
868 1568 876 1590 :
899 1554 958 1592 ille
975 1570 1129 1606 namque
1145 1557 1181 1594 in
1197 1559 1348 1597 tenebris

362 1619 436 1659 est,
455 1611 536 1648 talis
551 1612 683 1663 quippe
698 1622 748 1650 est
767 1612 819 1649 ira
843 1623 876 1650 ct
896 1616 1110 1665 arrogantia.
1126 1617 1184 1653 Tu
1204 1631 1287 1655 vero
1303 1619 1348 1656 ab

361 1671 434 1708 illis
448 1671 538 1708 liber
553 1681 585 1708 et
599 1686 704 1709 sanus
719 1673 845 1711 accede
858 1673 903 1711 ad
920 1689 1055 1725 aegrum
1070 1676 1347 1717 medicus.Num

363 1731 441 1781 quis
454 1730 672 1769 medicorum
691 1732 834 1783 dixerit,
846 1734 938 1779 Quia
951 1734 1115 1774 infirmus
1129 1746 1191 1786 est,
1204 1752 1274 1776 non
1285 1753 1347 1778 va-

360 1790 430 1828 do?
446 1792 524 1828 Imo
544 1791 623 1829 ideo
641 1793 797 1832 maxime
814 1795 963 1844 vadunt,
982 1811 1063 1834 cum
1081 1798 1225 1837 videant
1243 1800 1347 1838 illum

361 1867 429 1891 non
457 1868 558 1906 posse
585 1855 716 1893 venire.
732 1858 823 1895 Nam
851 1872 923 1904 eos,
947 1859 1008 1909 qui
1028 1860 1190 1899 incedere
1211 1863 1344 1914 valent,

361 1915 478 1953 minus
494 1925 630 1965 curant,
644 1917 739 1967 quod
754 1932 822 1956 non
839 1919 990 1957 nimium
1004 1931 1172 1972 aegrotent
1179 1938 1190 1972 3
1204 1923 1347 1962 decum-

359 1974 480 2013 bentes
496 1990 579 2013 vero
595 1991 664 2014 non
687 1977 782 2017 item.
797 1980 923 2017 Annon
945 1981 1087 2019 videtur
1106 1982 1172 2021 tibi
1188 1983 1346 2022 infirmi-

359 2044 430 2073 tate
457 2036 657 2086 graviorem
681 2052 754 2076 esse
780 2041 1018 2091 arrogantiam
1039 2052 1071 2080 et
1096 2043 1215 2081 iram?
1230 2059 1346 2083 annon

360 2095 423 2132 illa
449 2096 647 2135 vehementi
672 2099 777 2147 febri,
794 2100 871 2138 haec
889 2116 973 2140 vero
989 2104 1139 2141 tumenti
1161 2113 1195 2142 et
1220 2104 1344 2143 inflato

362 2157 502 2207 corpori
525 2158 653 2195 similis
676 2160 750 2197 cst?
771 2161 895 2211 Cogita
917 2172 1090 2212 quantum
1107 2164 1152 2202 sit
1168 2165 1298 2204 febrim
1313 2175 1347 2204 et

363 2216 549 2254 humorem
570 2217 700 2256 babere
723 2235 730 2254 :
753 2219 855 2268 vade,
877 2222 1063 2273 exstingue
1081 2224 1199 2275 ignem
1219 2241 1227 2261 t
1247 2236 1346 2278 potes

363 2275 458 2312 enim
477 2291 541 2327 per
562 2278 713 2327 gratiam
733 2280 798 2316 Dei
823 2295 830 2315 :
855 2282 955 2330 quasi
974 2297 1065 2332 aqua
1093 2297 1273 2336 compesce
1291 2301 1347 2324 ar-

362 2335 495 2374 dorem.
516 2337 615 2385 Quid
632 2352 726 2389 ergo,
745 2339 895 2391 inquies,
915 2342 945 2379 si
967 2341 1034 2380 hoc
1053 2343 1130 2395 ipso
1146 2345 1260 2396 magis
1278 2361 1346 2384 ex-

363 2397 531 2435 tollatur?
549 2398 651 2435 Nihil
670 2399 716 2436 ad
735 2409 768 2437 te
788 2416 795 2436 :
817 2409 854 2438 tu
876 2401 970 2439 enim
989 2403 1084 2452 quod
1101 2404 1136 2441 in
1150 2413 1184 2442 te
1199 2415 1272 2443 erat
1290 2407 1346 2444 fe-

364 2457 457 2507 cisti,
482 2458 543 2496 ille
563 2459 633 2496 sibi
653 2459 722 2511 ipsi
746 2460 897 2512 imputet
920 2477 927 2498 ε
949 2463 1054 2501 modo
1074 2478 1116 2502 ne
1141 2464 1347 2505 condemnet

364 2532 426 2556 nos
452 2519 661 2557 conscientia
679 2529 809 2571 nostra,
829 2522 925 2571 quod
948 2522 1041 2561 illud
1064 2524 1126 2563 fiat
1144 2526 1246 2563 nobis
1267 2541 1346 2577 quae

363 2579 636 2630 requirebantur
670 2581 927 2620 omittentibus.
974 2586 1099 2623 Pasce
1147 2589 1346 2625 inimicum

364 2650 485 2686 tuum,
504 2641 620 2691 inquit
631 2657 642 2692 5
666 2643 737 2679 hoc
757 2646 868 2695 enim·
871 2644 1025 2695 faciens
1046 2648 1231 2685 carbones
1247 2649 1346 2699 ignis

361 2703 586 2741 accumulas
604 2717 718 2754 super
737 2713 852 2755 caput
871 2707 968 2756 esus.
991 2705 1039 2743 Et
1058 2716 1175 2744 tamen
1195 2722 1276 2746 cum
1290 2723 1345 2761 res

360 2763 407 2800 ita
427 2763 569 2812 habeat,
587 2764 689 2815 jubet
710 2764 821 2815 abire,
839 2765 1060 2804 reconciliari
1078 2777 1112 2805 et
1130 2768 1342 2818 benefacere,

359 2838 428 2861 non
454 2833 493 2861 ut
520 2825 686 2862 carbones
710 2825 803 2876 ignis
825 2827 1106 2877 accumulemus;
1127 2827 1189 2867 scd
1217 2838 1256 2867 ut
1283 2829 1342 2868 ille

901 262 1086 292 JOANNIS
1122 263 1360 293 CHRYSOST.
1398 264 1605 296 ARCHIEP.
1644 268 2000 303 CONSTANTINOP-

1481 345 1584 383 Πόσα
1609 347 1709 396 θυμοὶ
1732 349 1791 386 καὶ
1825 351 1924 401 ὀργαὶ
1944 352 2038 389 δεινὰ
2073 353 2355 405 κατειργάσαντο.
2380 356 2450 393 Καὶ

1428 408 1468 446 τὸ
1488 406 1529 452 δὴ
1545 406 1713 458 χαλεπὸν,
1734 408 1816 447 ὅταν
1834 411 2084 461 διαναστῶμεν,
2104 416 2165 452 οὐκ
2183 415 2232 452 ἔτι
2250 419 2309 452 τοῦ
2329 417 2451 453 συνελ-

1429 471 1498 506 θεῖν
1517 470 1619 518 ἐσμεν
1635 467 1765 520 κύριοι,
1785 471 1861 507 ἀλλ’
1890 470 2023 522 ἑτέρους
2044 474 2276 525 ἀναμένομεν·
2305 475 2452 517 ἕκαστος

1429 528 1632 580 αἰσχύνεται
1661 529 1722 566 καὶ
1752 530 1892 581 ἐρυθριᾶΙ
1917 527 2113 570 ἐπανελθὼν
2144 535 2357 579 καταλλάξαι
2392 536 2451 573 τὸν

1430 589 1558 640 ἕτερον.
1577 586 1878 640 σΟρα,διαστ-ἧναι
1899 588 1962 638 μὲν
1977 591 2036 628 καὶ
2052 592 2296 644 διασχισθῆναι
2313 596 2375 632 οὐκ
2391 596 2450 632 αἷ-

1430 649 1614 701 σχύνεται,
1632 648 1722 686 ἀλλὰ
1736 652 1795 686 τοῦ
1823 653 1932 688 κακοῦ
1959 649 2093 701 γίνεται
2112 654 2264 704 ἀρχηγός
2277 671 2285 678 ·
2306 657 2452 707 προσελ·

1431 714 1500 748 θεῖν
1517 709 1552 748 δὲ
1571 709 1630 747 καὶ
1644 709 1683 746 τὸ
1700 710 1905 761 ἐσχισμένον
1928 711 2035 763 ῥάψαι
2051 711 2274 763 αἰσχύνεται·
2294 715 2353 752 καὶ
2369 716 2454 752 ταῦ-

1429 771 1486 808 τὸν
1518 770 1722 821 συμὸαίνει,
1751 765 1818 810 οἷον
1839 771 1879 808 ἂν
1902 771 2000 814 εἴτις
2019 772 2195 824 ἀποκόψαι
2213 773 2275 823 μὲν
2291 774 2330 812 τὸ
2350 775 2452 824 μέλος

1431 831 1478 881 μὴ
1495 831 1630 877 ὀκνοίη,
1649 837 1855 884 συναγαγεῖν
1886 831 1922 871 δὲ
1946 832 2154 884 αἰσχύνοιτο.
2172 833 2220 871 Τί
2244 833 2376 885 λέγεις,
2394 836 2454 872 ἄν-

1429 895 1561 943 θρωπε,
1583 891 1754 938 ἠδίκησας
1773 892 1928 944 μεγάλα,
1948 893 2009 931 καὶ
2028 893 2129 936 αὐτὸς
2146 893 2253 937 αἴτιος
2267 894 2381 944 ἐγένου
2391 897 2456 941 τῆς

1429 953 1548 1004 μάχης
1558 968 1568 1001 ;
1589 954 1723 991 Οὐκοῦν
1745 952 1876 998 δίκαιος
1895 954 1934 992 ἂν
1949 954 2021 1001 εἴης
2035 954 2201 1008 πρότερος
2219 956 2378 993 ἀπελθεῖν
2394 955 2454 994 καὶ

1427 1014 1704 1065 καταλλαγῆναι,
1719 1013 1779 1052 ἅτε
1797 1014 1860 1060 τὴν
1879 1014 1992 1052 αἰτίαν
2008 1014 2110 1057 αὐτὸς
2129 1015 2352 1067 παρασχών.3
2360 1015 2455 1053 Ἀλλ’

1427 1073 1613 1119 ἠδίκησαι,
1640 1077 1796 1118 κάκεῖνος
1815 1074 1922 1117 αἴτιός
1942 1076 2054 1122 ἐστιν,
2072 1076 2207 1113 Οὐκοῦν
2226 1075 2285 1113 καὶ
2305 1075 2362 1113 διὰ
2378 1079 2455 1113 τοῦ·

1427 1150 1466 1172 το
1478 1163 1487 1180 ,
1509 1134 1564 1171 ἵνα
1580 1133 1712 1183 μᾶλλόν
1732 1148 1770 1170 σε
1787 1135 2033 1183 θαυμάσωσιν,
2050 1135 2106 1172 ἵνα
2127 1136 2212 1185 πρὸς
2227 1139 2276 1186 τῷ
2295 1136 2455 1189 προτέρῳ

1426 1195 1485 1232 καὶ
1504 1196 1538 1232 ἐν
1558 1197 1607 1246 τῷ
1627 1194 1774 1246 δευτέρῳ
1795 1193 1839 1231 τὰ
1858 1200 2011 1245 πρωτεῖα
2031 1193 2136 1246 ἔχῃς,
2159 1195 2179 1212 *
2192 1194 2311 1248 ὥσπερ
2336 1198 2374 1234 οὗ
2393 1200 2454 1234 τοῦ

1425 1255 1583 1306 γενέσθαι
1599 1258 1661 1300 τῆς
1680 1254 1807 1306 ἔχθρας
1823 1253 1929 1296 αἴτιος
1940 1284 1950 1301 ,
1963 1253 2069 1296 οὕτως
2088 1254 2164 1293 οὐδὲ
2184 1258 2242 1292 τοῦ
2264 1257 2454 1301 ἐκταθῆναι

1425 1315 1481 1353 ἐπὶ
1498 1315 1602 1352 πλέον
1621 1313 1684 1360 τὴν
1710 1314 1837 1366 ἔχθραν
1853 1330 1860 1337 ·
1881 1314 1963 1357 ἴσως
1982 1314 2074 1365 [καὶ]
2097 1317 2224 1359 ἐκεῖνος
2245 1315 2353 1367 μυρία
2373 1331 2453 1353 συν-

1425 1374 1522 1419 ειδὼς
1550 1378 1663 1427 ἑαυτῷ
1684 1375 1881 1427 αἰσχύνεται
1896 1375 1956 1413 καὶ
1971 1378 2122 1428 ἐρυθριᾷ.
2140 1376 2234 1414 Ἀλλ’
2265 1376 2452 1424 ἀπονενόη-

1425 1452 1500 1484 ται;
1522 1436 1644 1488 Ταύτῃ
1676 1437 1829 1487 μάλιστα
1863 1437 1911 1487 μὴ
1943 1436 2094 1488 ὀκνήσῃς
2113 1438 2350 1489 προσδραμεῖν
2365 1453 2372 1460 ·
2392 1438 2452 1476 καὶ

1423 1496 1491 1548 γὰρ
1508 1497 1648 1534 διπλοῦν
1664 1499 1747 1547 παρ’
1771 1499 1864 1546 αὐτῷ
1878 1496 1916 1534 τὸ
1936 1497 2062 1545 πάθος,
2077 1497 2135 1535 καὶ
2157 1496 2301 1535 ἀπόνοια
2319 1497 2379 1535 καὶ
2391 1500 2452 1550 ὀρ-

1423 1557 1480 1606 γή.
1515 1556 1564 1594 Σὺ
1588 1555 1651 1602 τὴν
1679 1556 1792 1594 αἰτίαν
1823 1551 1940 1604 εἶπας,
1973 1558 2016 1594 δι’
2042 1558 2084 1603 ἣν
2107 1559 2254 1609 ὀφείλεις
2284 1558 2453 1611 πρότερος

1424 1619 1600 1663 ἀπελθεῖν,
1613 1620 1630 1654 ὁ
1645 1616 1820 1667 ὑγιαίνων,
1837 1619 1854 1654 ὃ
1869 1617 2055 1667 δυνάμενος
2073 1618 2212 1669 βλέπειν
2223 1634 2230 1641 ·
2242 1620 2370 1662 ἐκεῖνος
2383 1619 2452 1671 γὰρ

1425 1678 1460 1714 ἐν
1476 1676 1590 1728 σκότῳ
1609 1677 1685 1714 ἐστί
1694 1693 1700 1699 ·
1714 1680 1866 1715 τοιοῦτον
1876 1678 1943 1730 γὰρ
1954 1681 1976 1725 ἡ
1988 1677 2072 1729 ὀργὴ
2088 1678 2148 1716 καὶ
2159 1680 2181 1724 ἡ
2197 1678 2387 1722 ἀλαζονεία.
2398 1678 2451 1716 Σὺ

1425 1736 1461 1775 δὲ
1470 1740 1487 1775 ὃ
1498 1737 1626 1776 τούτων
1641 1738 1908 1788 ἀπηλλαγμένος
1920 1738 1978 1776 καὶ
1989 1738 2152 1789 ὑγιαίνων
2166 1737 2354 1791 πρόσελθε,
2364 1739 2450 1790 πρὸς

1425 1799 1482 1837 τὸν
1508 1799 1685 1850 κάμνοντα
1712 1802 1729 1836 ὃ
1763 1799 1891 1852 ἰατρός.
1911 1800 1972 1846 Μή
1991 1816 2041 1843 τις
2071 1799 2190 1851 Ῐ’λέγει
2214 1803 2283 1838 τῶν
2305 1802 2447 1853 ἰατρῶν,

1425 1860 1546 1908 ἐπειδὴ
1565 1863 1721 1909 ἀσθενεῖ,
1750 1862 1811 1899 οὐκ
1829 1861 2050 1913 ἀπέρχομαι;
2067 1860 2172 1900 Ἀλλὰ
2187 1861 2244 1899 διὰ
2263 1865 2364 1899 τοῦτο
2382 1861 2450 1912 μοί-

1424 1924 1526 1960 λιστα
1550 1921 1766 1972 βαδίζουσιν,
1790 1921 1873 1960 ὅταν
1906 1921 2004 1959 ἴδωσι
2031 1921 2079 1972 μὴ
2112 1921 2300 1967 δυνηθέντα
2324 1923 2448 1959 ἐλθεῖν,

1424 1984 1505 2020 Τῶν
1523 1981 1584 2032 μὲν
1603 1982 1669 2033 γὰρ
1699 1982 1896 2032 δυναμένων
1924 1982 1983 2020 καὶ
2003 1982 2169 2021 ἐλάττονα
2187 1982 2421 2033 φροντίζουσιν
2437 2013 2449 2031 ,

1422 2045 1467 2084 ὡς
1482 2044 1518 2080 οὗ
1534 2042 1721 2080 νοσούντων
1741 2041 1891 2095 σφόδρα,
1906 2044 1974 2080 τῶν
1993 2041 2027 2080 δὲ
2037 2042 2299 2094 κατακειμένων
2315 2043 2445 2081 οὐκέτι.

1421 2101 1471 2141 Ἢ
1498 2105 1535 2142 οὖ
1557 2104 1650 2141 δοκεῖ
1675 2118 1729 2141 σοι
1760 2103 1955 2155 ἀρρωστίας
1984 2097 2072 2141 εἶναι
2093 2103 2336 2157 χαλεπώτερον
2357 2104 2446 2142 ἀπό-

1422 2179 1497 2201 νοια
1514 2164 1574 2201 καὶ
1596 2164 1718 2214 θυμός;
1739 2166 1803 2215 οὐχ
1822 2165 1839 2201 ὃ
1863 2162 1924 2213 μὲν
1945 2167 2081 2216 πυρετῷ
2097 2179 2165 2202 τινι
2185 2164 2276 2202 ἔοικε
2290 2165 2447 2217 σφοδρῷ,

1424 2228 1443 2270 ἡ
1465 2224 1501 2262 δὲ
1517 2224 1763 2276 φλεγμαίνοντι
1793 2223 1930 2274 σώματι
1951 2224 2011 2261 καὶ
2039 2224 2239 2272 οἰδαίνοντι;
2259 2224 2447 2271 Ἐννόησον

1422 2285 1500 2322 ὅσον
1520 2284 1592 2322 ἐστὶ
1624 2285 1769 2336 πυρετὸν
1789 2284 1881 2336 ἔχειν
1898 2285 1957 2322 καὶ
1980 2284 2124 2334 οἴδημα·
2154 2285 2301 2331 ἄπελθε,
2322 2284 2446 2323 σὸέσον

1422 2345 1461 2382 τὸ
1475 2348 1561 2397 πῦρ·
1579 2344 1720 2382 ’δύνασαι
1737 2344 1803 2394 γὰρ
1817 2348 1859 2394 τῇ
1874 2345 1993 2395 χάριτι
2007 2348 2066 2381 τοῦ
2083 2347 2175 2382 Θεοῦ
2187 2361 2195 2368 ·
2210 2346 2329 2396 ὥσπερ
2344 2344 2444 2383 ὕδατι

1422 2405 1650 2443 κατάστειλον
1667 2404 1730 2450 τὴν
1750 2404 1960 2456 φλεγμονήν.
1982 2404 2029 2441 Τί
2050 2399 2122 2452 οὖν,
2143 2404 2183 2442 ἂν
2207 2406 2301 2456 αὐτῷ
2331 2405 2446 2457 τούτῳ

1421 2465 1525 2502 πλέον
1542 2464 1742 2517 ἐπαίρεται,
1764 2464 1885 2516 φησίν,
1907 2463 2015 2502 Οὐδὲν
2036 2463 2133 2515 παρὰ
2153 2464 2208 2502 σέ·
2230 2465 2270 2503 σὺ
2291 2464 2353 2514 μὲν
2374 2464 2443 2518 γὰρ

1420 2525 1459 2563 τὸ
1488 2529 1613 2562 σαυτοῦ
1634 2525 1819 2572 ἐποίησας,
1834 2527 1961 2568 ἐκεῖνος
1986 2525 2020 2562 δὲ
2042 2527 2154 2576 ἑαυτῷ
2170 2525 2357 2576 λογιζέσθω
2369 2541 2376 2548 ·
2392 2526 2442 2576 μὴ

1420 2585 1710 2637 καταγινωσκέτω
1731 2589 1831 2636 ἡμῶν
1864 2585 1902 2623 τὸ
1927 2586 2096 2633 συνειδὸς,
2116 2585 2170 2624 ὅτι
2199 2587 2301 2635 ἡμῶν
2324 2587 2442 2623 ἐλλει-

1419 2645 1553 2685 πόντων
1571 2663 1603 2684 τι
1618 2649 1686 2684 τῶν
1713 2646 1856 2684 ’δεόντων
1872 2649 1972 2685 τοῦτο
1990 2647 2132 2697 γίνεται.
2163 2650 2176 2666 ⁰
2188 2645 2360 2695 ιΙΫώμιζε,
2379 2661 2441 2697 φη-

1421 2707 1455 2744 σὶ
1467 2737 1475 2753 ,
1495 2708 1551 2745 τὸν
1570 2707 1691 2759 ἐχθρόν
1711 2723 1789 2746 σου·
1805 2711 1906 2746 τοῦτο
1934 2707 2001 2759 γὰρ
2020 2709 2128 2745 ποιῶν
2147 2707 2321 2758 ἄνθρακας
2335 2706 2440 2757 πυρὸς

1420 2768 1603 2820 σωρεύσεις
1640 2769 1697 2808 ἐπὶ
1725 2768 1786 2815 τὴν
1814 2768 1967 2820 κεφαλὴν
2005 2770 2120 2806 αὐτοῦ.
2150 2767 2219 2805 Καὶ
2245 2767 2439 2816 ὅμως,καὶ

1418 2828 1536 2866 τούτου
1557 2830 1671 2877 ὄντος,
1691 2829 1824 2867 κελεύει
1843 2830 2003 2866 ἀπελθεῖν
2023 2828 2082 2866 καὶ
2100 2829 2364 2877 καταλλαγῆναι
2379 2831 2439 2868 καὶ

357 2884 426 2922 hoe
450 2885 562 2923 sciens
590 2895 850 2938 compescatur,
874 2896 914 2924 ut
950 2896 1078 2927 tremat
1106 2890 1342 2941 formidetque
1367 2899 1390 2929 E
1415 2891 1617 2942 εὐεργετεῖν,
1633 2892 1698 2941 οὐχ
1719 2889 1775 2927 ἵνα
1796 2889 1967 2939 ἄνθρακας
1986 2888 2091 2939 πυρὸς
2113 2887 2337 2940 σωρῑύωμέν,
2358 2887 2436 2924 ἀλλ’

357 2945 470 2995 magis
497 2945 668 2983 beneficia
707 2961 814 2997 quam
846 2946 1064 2999 inimicitias,
1096 2959 1130 2987 et
1166 2950 1340 2989 amicitias
1413 2950 1469 2988 ἵνα
1487 2950 1586 2994 εἰδὼς
1609 2952 1734 2992 ἐκεῖνος
1767 2954 1866 2987 roffio
1892 2948 2193 2996 Χαῖαῦῒέλληῖαῑ,
2222 2948 2278 2985 ἵνα
2304 2947 2435 2999 τρέμῃν

356 3007 468 3056 magis
483 3021 590 3056 quam
604 3007 762 3045 insidias.
777 3009 856 3046 Non
872 3008 966 3046 enim
985 3010 1150 3049 inimicus
1167 3012 1337 3051 ultionem

354 3066 527 3104 meditans
547 3067 596 3104 ita
619 3068 717 3105 laedit
737 3082 771 3106 se
789 3067 981 3119 odientem,
1001 3078 1040 3106 ut
1060 3071 1121 3121 qui
1139 3071 1285 3124 adjuvat
1304 3083 1336 3112 et

1411 3011 1467 3049 ‘t'vot
1487 3011 1637 3063 φοέἦται
1656 3011 1717 3053 τὰς
1741 3009 1934 3061 εὐεργεσίας
1955 3011 2084 3059 μᾶλλον
2109 3012 2177 3047 τῶν
2205 3010 2351 3060 ἐχθρῶν,
2375 3008 2434 3045 καὶ

1410 3072 1470 3115 τὰς
1490 3072 1604 3123 φιλίας
1631 3071 1654 3117 ἢ
1677 3072 1736 3113 τὰς
1763 3070 1961 3112 ἐπιδουλοίς.
1996 3071 2049 3107 Οὐ
2075 3069 2143 3121 γὰρ
2174 3069 2281 3112 οὕτως
2313 3069 2433 3120 ἐχθρὸς

396 3208 408 3221 '¹
435 3197 523 3230 Astu-5
540 3203 609 3232 <222²
628 3204 757 3238 {lustral-

396 3254 407 3265 ⁸
426 3249 551 3291 [Savil.
572 3261 646 3282 cum
662 3251 698 3282 B.
724 3251 762 3282 C.
789 3255 887 3296 ὥσπερ
911 3254 959 3285 02ae
984 3256 1093 3294 ἐγένου.
1114 3253 1181 3285 Nos
1208 3253 1352 3296 sublato7

349 3312 365 3341 q
375 3300 438 3331 uod
456 3309 529 3342 post.
547 3307 616 3345 ἔχῃς
632 3300 829 3343 ponebatur,
843 3310 986 3343 puncto,
1004 3304 1228 3346 acquievimus
1251 3305 1284 3338 in
1309 3305 1353 3339 le-

347 3350 454 3382 ssione
473 3350 555 3383 Cod.
576 3353 614 3382 D.
635 3350 727 3382 Idem
747 3363 823 3384 mox
840 3360 871 3384 ct
889 3353 924 3384 B.
943 3354 979 3386 C.
1000 3360 1064 3392 ἴσως
1082 3359 1189 3395 ἐκεῖνος
1203 3358 1270 3390 sinc
1287 3363 1346 3392 καί,

345 3402 438 3434 Unde
463 3402 523 3434 hoc
537 3402 754 3445 inclusimus]

1468 3205 1483 3228 b
1502 3202 1512 3247 [
1529 3208 1597 3246 λέγῃ
1620 3212 1792 3245 perperam
1812 3200 1928 3233 Moutf.
1948 3213 2024 3232 cum
2043 3199 2204 3233 Commel.
2225 3204 2300 3242 λέγει
2317 3200 2356 3232 D.
2371 3205 2431 3243 ἐρεῖ

1463 3316 1476 3329 c
1494 3255 1588 3345 Hinc,
1605 3310 1738 3347 ψώμεζε,
1759 3307 1841 3348 φησι.
1863 3310 1913 3337 τὸν
1940 3309 2045 3348 ε’χσρεν
2069 3318 2136 3343 σου,
2157 3301 2277 3333 desunt
2302 3301 2335 3333 in
2362 3313 2427 3333 uno

1417 3355 1552 3389 Codice.
1576 3355 1638 3398 [In
1665 3354 1779 3386 tribus.
1809 3356 1895 3385 'rum
1923 3357 2072 3399 σωρεύσεις
2097 3365 2227 3393 omnes,
2252 3351 2342 3395 quod
2364 3363 2424 3394 pro

1417 3411 1548 3451 σωρεύεῑς
1565 3406 1618 3439 hic
1638 3414 1669 3439 ct
1687 3404 1770 3438 infra
1790 3404 1839 3438 bis
1857 3404 2087 3446 restituimus]
