2502 3810
681 310 723 338 ΙΝ
761 308 901 338 ΕΡΙΞΤ.

33 389 95 437 τὴν
115 388 377 440 μακροθυμίαν,
400 389 460 426 καὶ
489 388 597 432 δείξας
620 390 724 435 αὐτῆς
744 389 783 426 τὸ
801 388 919 440 κέρδος
947 387 1046 439 μέγι-

33 466 112 488 στον
141 456 211 493 τοῖς
238 448 450 501 προσέχουσι
478 452 591 497 (τοῦτο
609 449 645 488 δὲ
670 444 711 496 ἦν
734 449 774 487 τὸ
794 452 840 492 εἷς
862 449 1045 499 μετάνοιαν

32 511 144 549 ἕλκειν
159 510 237 554 τοὺς
255 510 555 561 ἁμαρτάνοντας),
576 510 668 554 αὔξει
683 511 739 549 τὸν
760 510 876 562 φόὸον.
907 509 1046 560 ζὨσπερ

31 571 100 624 γὰρ
118 576 188 615 τοῖς
207 574 255 615 εἷς
274 571 346 609 δέον
366 571 600 624 χρησαμένοις
619 571 792 624 σωτηρίας
819 571 910 609 ἐστὶν
928 569 1047 608 ὑπόθε-

33 648 97 677 σις,
115 631 204 669 οὕτω
219 638 288 675 τοῖς
305 631 607 682 καταφρονήσασιν
622 631 925 682 ἐφόδιονμείζονος
937 646 1046 680 τιμω-

34 692 120 743 ρίας.
147 694 261 730 Τοῦτο
284 691 352 743 γὰρ
381 692 420 729 τὸ
446 692 727 744 περιφερόμενον,
747 692 798 730 ὅτι
817 691 969 743 χρηστὸς
988 689 1048 727 καὶ

35 752 256 804 μακρόθυμος
271 752 317 790 ὢν
338 756 355 791 ὃ
375 752 464 796 Θεὸς
479 755 539 790 οὐκ
555 755 695 791 ἀπαιτεῖ
715 752 830 798 δίκην·
848 752 930 791 ὅταν
951 750 986 789 δὲ
1004 749 1048 787 εἴ·

34 829 103 864 πῃς
121 819 236 860 τοῦτο,
257 814 373 864 φησὶν,
395 813 487 851 οὐδὲν
510 814 596 852 ἄλλο
611 813 741 864 λέγεις,
762 813 784 859 ἢ
805 816 866 858 τῆς
881 811 1050 863 τιμωρίας

35 874 98 920 τὴν
115 874 282 912 ἐπίτασιν.
311 873 386 920 Τὴν
406 873 473 926 γὰρ
487 873 709 926 χρηστότητα
722 877 739 911 ὃ
754 873 841 915 Θεὸς
856 870 1050 909 ἐπιδείκνυ-

34 951 114 979 ται,
134 934 189 972 ἵνα
209 936 415 985 ἀπαλλαγῇς
432 933 707 985 ἁμαρτημάτων,
729 934 793 983 οὐχ
809 931 864 969 ἵνα
884 933 1047 982 προσθῇς·

38 995 77 1031 ἂν
97 994 208 1033 τοίνυν
239 994 287 1045 μὴ
311 999 409 1032 τοῦτο
426 997 547 1045 ποιῇς,
579 992 800 1044 φοὸερωτέρα
816 995 837 1038 ἡ
859 990 953 1036 δίκη.
986 990 1050 1028 Διὸ

37 1055 190 1103 μάλιστα
212 1055 422 1106 ἁμαρτάνειν
451 1056 488 1091 οὐ
512 1052 604 1104 χρὴ,
633 1051 753 1098 ἐπειδὴ
785 1051 1006 1103 μακρόθυμος
1032 1053 1049 1088 ὃ

35 1115 148 1161 Θεὸς,
187 1114 262 1151 οὐδὲ
291 1113 352 1159 τὴν
388 1112 583 1165 εὐεργεσίαν
612 1112 771 1150 ὑπόθεσιν
801 1110 1050 1162 ἀγνωμοσύνης

35 1177 229 1211 ποιεῖσθαι·
251 1176 280 1210 εἶ
299 1173 366 1225 γὰρ
388 1172 629 1225 μακρόθυμος,
648 1172 706 1210 καὶ
734 1171 872 1215 κολάζει
900 1172 1050 1214 πάντως.

34 1233 147 1271 Πόθεν
165 1233 265 1279 δῆλον
280 1248 289 1279 ;
308 1232 391 1271 Ἀπὸ
406 1236 472 1270 τῶν
488 1232 564 1279 ἑξῆς
578 1231 780 1284 εἰρημένων.
800 1234 843 1270 Εἰ
857 1231 923 1284 γὰρ
938 1230 1050 1277 πολλὴ

35 1297 56 1339 ἡ
77 1293 183 1331 κακία
199 1323 209 1341 ,
229 1295 290 1331 οὐκ
310 1293 486 1331 ἀπέλαῧον
509 1293 544 1330 δὲ
565 1295 596 1331 οἱ
612 1292 713 1331 κακοὶ
730 1322 739 1339 ,
761 1293 894 1344 ἀνάγκη
915 1292 1052 1335 πάντως

35 1353 235 1392 ἀπολαῧεῖν.
271 1355 316 1392 Εἰ
347 1353 413 1405 γὰρ
445 1353 619 1406 ἄνθρωποι
646 1358 758 1391 ταῦτα
785 1355 823 1391 οὔ
851 1356 1052 1405 περιορῶσι,

35 1417 109 1458 πῶς
124 1418 142 1452 ὁ
158 1415 246 1458 Θεὸς
266 1415 469 1468 περιόψεται
483 1431 492 1461 3
520 1415 629 1452 ζ’ῼστε
651 1417 802 1453 ἐντεῦθεν
826 1414 957 1452 καὶτὸν
974 1414 1054 1466 περὶ

36 1479 98 1522 τῆς
117 1475 262 1527 κρίσεως
280 1480 294 1496 ³
308 1475 472 1527 εἰσήγαγε
489 1475 602 1527 λόγον.
625 1477 689 1528 Τῷ
702 1474 770 1526 γὰρ
785 1474 892 1519 δεῖξαι
908 1473 1055 1518 πολλοὺς

38 1536 138 1580 ὄντας
157 1536 371 1583 ὑπευθύνους,
394 1537 423 1573 εἷ
442 1535 490 1586 μὴ
510 1535 774 1585 μετανοήσαιεν,
795 1529 870 1572 εἶτα
886 1538 924 1573 οὐ
944 1537 1054 1573 κολα-

39 1598 181 1639 σθέντας
197 1598 362 1644 ἐνταῦθα,
385 1595 447 1643 τὴν
464 1595 575 1649 κρίσιν
592 1595 608 1615 ¹³
621 1596 816 1647 συνεισάγει
831 1596 982 1640 πάντως,
995 1595 1057 1634 καὶΙ

42 1657 117 1708 μετ’
145 1656 335 1699 ἐπιτάσεως
348 1672 356 1680 ·
384 1657 436 1695 διό
464 1672 548 1709 φησι
565 1672 571 1679 ·
590 1656 690 1694 Κατὰ
707 1656 742 1694 δὲ
758 1657 820 1704 τὴν
836 1657 1060 1708 σκληρότητά

40 1734 100 1757 σου
143 1719 200 1756 καὶ
237 1717 472 1768 ἀμετανόητον
506 1718 650 1769 καρδίαν
678 1718 894 1770 θησαυρίζεις
924 1722 1059 1771 σεαυτῷ

42 1779 159 1830 ὀργήν.
200 1777 313 1816 τὈταν
356 1777 422 1830 γὰρ
453 1778 542 1829 μήτε
572 1778 787 1830 χρηστότητι
821 1779 1059 1830 μαλάσσηται,

43 1840 130 1889 μήτε
158 1839 254 1891 φόβῳ
279 1839 484 1890 κάμπτηται
496 1870 506 1887 ,
525 1840 559 1877 τί
578 1844 637 1878 τοῦ
657 1840 809 1878 τοιούτου
829 1841 1058 1893 σκληρότερον

41 1901 165 1952 γένοιτ’
188 1900 252 1948 ἅν;
281 1899 427 1947 Ἐπειδὴ
449 1900 517 1954 γὰρ
547 1900 651 1945 ἔδειξε
671 1904 730 1939 τοῦ
746 1903 837 1940 Θεοῦ
852 1901 915 1949 τὴν
933 1903 1059 1954 φιλανυ

43 1962 217 2016 θρωπίαν,
237 1961 314 2000 τότε
335 1961 485 2000 δείκνυσι
501 1962 564 2009 τὴν
584 1962 768 2014 τιμωρίαν,
789 1962 842 2000 ὅτι
866 1963 957 2001 ἐστὶν
979 1963 1061 2015 ἀφό-

46 2039 146 2074 ρητος
167 2025 216 2073 τῷ
247 2021 334 2073 μηδὲ
359 2022 466 2066 οὕτως
495 2023 754 2075 ἐπιστραφέντι.
800 2022 869 2061 Καὶ
895 2022 959 2074 ὅρα
987 2025 1060 2065 πῶς

45 2082 171 2135 κυρίως
186 2089 259 2126 ταῖς
273 2081 385 2126 λέξεσι
399 2082 585 2136 κέχρηται·
606 2083 838 2135 Θησαυρίζεις
852 2083 919 2136 γὰρ
931 2113 940 2130 ,
963 2083 1060 2135 φησὶ,

45 2146 177 2194 σεαυτῷ
194 2143 311 2195 ὀργὴν,
330 2143 370 2181 τὸ
385 2143 522 2188 πάντως
537 2144 763 2194 ἀποκείμενον
781 2145 906 2192 δηλῶν,
919 2144 978 2182 καὶ
996 2145 1061 2182 δει-

46 2203 125 2247 xvh<
140 2232 149 2248 ‚
178 2206 214 2242 οὐ
235 2204 291 2241 τὸν
321 2203 515 2252 δικάζοντα,
545 2204 634 2243 ἀλλὰ
653 2205 709 2243 τὸν
732 2205 932 2257 κρινόμενον
953 2205 1059 2243 αἴτιον

44 2264 176 2302 τούτου.
203 2266 346 2315 Σεαυτῷ
367 2264 458 2316 γὰρ,
479 2266 582 2316 φησὶ,
604 2265 832 2318 θησαυρίζεις,
849 2268 912 2317 οὐχ
933 2269 951 2303 ὃ
972 2265 1061 2308 Θεός

46 2341 111 2363 σοι.
145 2325 297 2368 Ἐκεῖνος
327 2324 393 2376 γὰρ
425 2325 540 2363 πάντα
570 2325 731 2372 ἐποίησεν
760 2326 825 2364 ὅσα
853 2327 982 2379 ἐχρῆν,
1003 2326 1061 2364 καὶ

45 2386 290 2437 διαγνωστικόν
303 2401 341 2423 σε
354 2389 422 2423 τῶν
438 2387 553 2424 καλῶν
569 2385 628 2423 καὶ
642 2389 709 2424 τῶν
727 2388 763 2424 οὐ
778 2386 938 2424 τοιούτων
957 2401 1062 2424 κατε-

46 2446 205 2493 σκεύασε,
232 2446 291 2484 καὶ
318 2446 557 2498 μακροθυμίαν
578 2445 790 2492 ἐπεδείξατο,
809 2447 868 2484 καὶ
885 2449 932 2490 εἷς
950 2447 1061 2498 μετοί-

47 2522 139 2545 νοιαν
156 2506 311 2554 ἐκάλεσε,
329 2506 387 2544 καὶ
401 2507 534 2559 ἡμέραν
549 2507 719 2554 ἠπείλησε
731 2508 894 2561 φοὸερὰν,
907 2508 962 2546 διὰ
977 2509 1065 2546 ποίν-

48 2582 116 2604 των
146 2582 183 2603 σε
204 2566 260 2604 ἐπὶ
287 2566 348 2613 τὴν
377 2568 561 2617 μετάνοιαν
584 2567 713 2606 ἕλκων·
737 2571 766 2606 εἷ
783 2568 818 2606 δὲ
839 2568 951 2620 μένεις
969 2569 1064 2608 ἀνέν-

51 2628 165 2672 δοτος,
194 2627 338 2679 Σεαυτῷ
367 2628 582 2679 θησαυρίζεις
610 2628 714 2680 ὀργὴν
750 2631 784 2666 ἐν
811 2630 926 2682 ’ἡμέρα
960 2632 1065 2682 ὀργῆς

51 2687 109 2725 καὶ
137 2687 387 2740 ἀποκαλύψεως
415 2689 474 2726 καὶ
501 2689 752 2742 δικαιοκρισίας
774 2694 832 2728 τοῦ
858 2693 962 2730 Θεοῦ.
987 2690 1066 2729 Ἵνα

50 2749 117 2801 γὰρ
133 2748 182 2798 μὴ
195 2778 204 2795 ,
221 2749 370 2793 ἀκούσας
385 2749 503 2801 ὀργὴν,
519 2750 665 2801 νομίσῃς
677 2750 798 2799 πάθος,
812 2751 967 2803 ἐπήγαγε
981 2767 988 2775 ·
1010 2755 1068 2790 Δι-

51 2809 266 2860 καιοκρισίας
284 2814 343 2848 τοῦ
370 2811 475 2848 Θεοῦ.
508 2810 578 2849 Καὶ
597 2813 711 2854 καλῶς
739 2806 845 2860 εἶπεν,
874 2812 1065 2852 Ἀποκαλύ-

51 2871 142 2920 ψεως
158 2885 165 2892 ·
185 2869 262 2907 τότε
280 2869 346 2922 γὰρ
370 2870 655 2909 ἀποκαλύπτεται
674 2876 794 2919 τοῦτο,
817 2873 899 2912 ὅταν
918 2873 962 2912 τὰ
990 2876 1066 2913 κατ’

54 2928 149 2972 ἀξίαν
186 2929 326 2974 ἕκαστος
362 2931 608 2981 ἀπολαμὸάνῃ.
650 2932 824 2972 Ἐνταῦθα
851 2934 920 2988 γὰρ
947 2936 1069 2974 πολλοὶ

53 2988 221 3032 πολλάκις
240 2991 464 3043 ἐπηρεάζουσι
479 2991 576 3044 παρὰ
588 2993 627 3031 τὸ
644 2993 775 3032 δίκαιον
788 2995 847 3033 καὶ
872 2996 1070 3034 ἐπιδουλεύ-

56 3063 170 3086 ουσιν·
199 3051 269 3087 ἐκεῖ
283 3051 318 3088 δὲ
333 3053 396 3103 οὐχ
409 3051 528 3096 οῧτως.
543 3053 611 3097 uOq
631 3054 805 3094 ἀποδώσει
824 3056 961 3109 ἑκάστῳ
979 3056 1070 3095 κατὰ

57 3109 101 3146 τὰ
129 3109 211 3159 ἔργα
228 3111 329 3148 αὐτοῦ
344 3127 351 3135 ·
369 3118 437 3155 τοῖς
454 3112 516 3163 μὲν
536 3116 611 3152 καθ’
630 3115 806 3166 ὑπομονὴν
827 3117 1070 3169 ἔργουάγαθοῦ.

105 3174 250 3223 Ἐπειδὴ
270 3176 337 3229 γὰρ
356 3177 497 3231 φοὸερὸς
518 3179 651 3231 ἐγένετο
665 3181 724 3219 καὶ
745 3182 871 3234 βαρὺς,
899 3183 979 3235 περὶ
998 3184 1071 3236 κρί-

60 3257 144 3283 σεως
164 3241 221 3278 καὶ
247 3244 308 3287 τῆς
331 3243 521 3293 μελλούσης
542 3246 782 3298 διαλεγόμενος
803 3248 991 3296 κολάσεως,
1020 3252 1072 3288 εὖ·

105 3388 118 3402 α
144 3378 205 3410 Atii
228 3385 330 3422 ἤγαγε.
361 3380 464 3414 Paulo
494 3391 570 3426 post
595 3385 669 3418 Mss.
702 3395 928 3428 μετανοήσκιεν,
962 3396 1062 3419 recte.

65 3430 154 3464 Edlti
170 3442 387 3475 μετανοήτεεεν.

942 308 999 336 ΑΙ)
1034 308 1143 337 ROM.

1183 305 1337 335 HOMlL.
1376 305 1424 333 V.
2006 305 2094 332 ΔΟ.)

1060 387 1106 411 ‘¹⁶³
1116 394 1297 439 peccantes
1311 385 1355 423 ad
1367 384 1606 437 poenitentiam
1617 384 1785 432 trahere);
1802 383 1962 421 timorem
1973 394 2092 434 auget.

1071 423 1096 451 Α
1116 448 1214 487 Sicut
1228 448 1320 485 enim
1335 447 1394 497 iis,
1410 447 1473 497 qui
1488 447 1563 498 ejus
1577 446 1746 499 patientia
1760 455 1799 483 ut
1812 460 1877 498 par
1892 454 1941 484 est
1951 446 2006 484 usi
2019 447 2096 484 fue-

1115 509 1199 557 rint,
1213 523 1316 546 causa
1330 517 1380 546 est
1392 508 1515 546 salutis
1529 524 1538 545 ε
1556 508 1606 546 510
1619 516 1651 545 et
1665 507 1967 545 contemnentibus
1981 507 2096 559 majus

1116 568 1334 620 supplicium
1358 568 1470 605 affert.
1494 567 1568 605 Hoc
1589 567 1683 605 enim
1704 567 1801 617 quod
1827 567 2096 614 circumfertur,

1117 630 1233 665 Deum
1243 628 1436 678 benignum
1450 637 1483 665 et
1498 630 1686 679 patientem
1703 643 1822 680 poenas
1837 643 1903 666 non
1922 638 2095 681 repetere:

1118 689 1184 725 hoc
1198 703 1279 726 011111
1292 689 1396 736 dicis,
1409 689 1537 738 inquit,
1555 689 1645 726 nihil
1659 689 1748 726 dicis
1759 690 1870 737 aliud,
1882 704 1987 741 quam
2002 688 2098 739 quod

1118 749 1334 800 supplicium
1350 758 1531 800 augeatur.
1548 750 1640 786 Nam
1654 749 1908 800 benignitatem
1924 752 2021 787 Deus
2037 764 2101 787 cx-

1117 809 1237 856 hibet,
1263 818 1302 846 ut
1332 823 1351 846 a
1383 808 1535 860 peccatis
1562 818 1596 845 te
1618 809 1765 857 eximaS,
1793 823 1861 847 non
1889 819 1927 847 ut
1959 819 2100 861 peccata

1119 869 1320 906 accumules
1335 884 1346 918 3
1363 869 1392 906 si
1411 882 1478 905 non
1496 868 1535 905 id
1548 868 1670 905 feceris
1685 899 1694 917 ,
1712 870 1905 907 terribilior
1919 871 1985 907 erit
1998 870 2100 908 ultio.

1122 928 1361 974 Quamobrem
1390 928 1546 965 maxime
1570 928 1652 978 quia
1671 929 1806 980 patiens
1824 939 1875 967 est
1894 931 2003 978 Deus,
2023 930 2102 967 ideo

1120 1001 1265 1039 peccare
1280 1001 1349 1025 non
1390 996 1542 1039 oportet,
1585 1001 1698 1037 neque
1732 989 1944 1026 beneficium
1972 990 2105 1040 ingrati

1121 1048 1232 1085 animi
1264 1061 1407 1085 causam
1425 1048 1589 1085 efficerez·
1617 1048 1680 1085 etsi
1701 1049 1795 1086 enim
1824 1049 1960 1100 patiens
1982 1050 2041 1098 sit,
2070 1059 2106 1086 at

1123 1109 1266 1146 omnino
1295 1109 1412 1160 punit.
1435 1108 1624 1146 Undenam
1643 1109 1711 1147 hoc
1734 1109 1870 1160 liquet?
1889 1110 1948 1148 Ex
1964 1111 2007 1148 iis
2027 1124 2105 1160 quae

1123 1179 1328 1221 sequuntur.
1345 1170 1383 1208 Si
1397 1170 1492 1208 enim
1511 1170 1633 1221 ingens
1653 1171 1809 1221 nequitia
1825 1181 1889 1217 est,
1911 1185 1974 1209 nec
1985 1186 2106 1223 poenas

1124 1230 1279 1282 improbi
1304 1230 1493 1280 dederunt,
1521 1232 1647 1283 procul
1663 1232 1776 1269 dubio
1794 1231 1942 1270 dabunt.
1964 1233 2108 1270 Etenim

1124 1291 1154 1330 si
1175 1292 1251 1329 haec
1277 1305 1347 1329 non
1366 1291 1549 1343 negligunt
1568 1291 1742 1341 homines,
1763 1292 1940 1343 quomodo
1954 1293 2109 1344 negliget

1125 1355 1222 1392 Deus
1238 1354 1390 1405 quue
1409 1353 1492 1391 inde
1507 1368 1703 1392 sermonem
1721 1353 1765 1392 de
1785 1354 1922 1406 judicio
1946 1355 2104 1392 induxit.

1125 1416 1219 1453 Nam
1237 1414 1332 1466 quod
1352 1415 1546 1453 ostenderit
1572 1416 1704 1453 multos
1729 1429 1801 1453 esse
1819 1430 1931 1468 1100113,Δ
1957 1417 2107 1454 obnoxi-

1126 1490 1187 1526 os,
1217 1476 1285 1514 nisi
1305 1476 1548 1528 poenitentiam
1576 1477 1723 1528 egerint,
1746 1486 1779 1514 et
1809 1476 1868 1514 1110
1900 1492 1970 1515 non
1990 1492 2110 1530 poenas

1126 1537 1279 1585 dedisse,
1294 1537 1378 1576 hinc
1392 1537 1536 1575 omnino
1546 1537 1725 1590 judicium
1737 1539 1899 1576 futurum
1912 1537 2018 1589 idque
2033 1552 2111 1589 gra-

1129 1598 1318 1638 vissimum
1332 1598 1470 1636 inducit
1478 1614 1490 1649 3
1509 1598 1588 1637 ideo
1605 1599 1675 1637 ait:
1694 1600 1730 1638 5.
1749 1600 1965 1638 Secundum
1982 1608 2111 1637 autem

1128 1662 1315 1698 duritiam
1335 1668 1442 1697 tuam
1469 1669 1504 1698 et
1526 1663 1764 1712 impaenitens
1786 1676 1852 1700 cor
1873 1663 2113 1700 thesaurizas

1132 1724 1203 1760 tihi
1222 1724 1333 1759 iram.
1353 1721 1445 1758 Cum
1463 1721 1558 1759 enim
1580 1736 1690 1772 neque
1710 1723 1980 1760 mansuetudine
2002 1724 2114 1761 emol-

1129 1784 1253 1830 liatur,
1286 1796 1350 1820 nec
1376 1782 1501 1820 timore
1513 1783 1688 1829 flectatur,
1708 1783 1795 1833 quid
1809 1783 1870 1821 illo
1889 1783 2015 1821 durius
2039 1785 2113 1821 fue-

1130 1845 1207 1882 rit?
1228 1846 1419 1895 Postquam
1440 1853 1556 1881 autem
1577 1844 1644 1881 Dei
1665 1844 1919 1895 benignitatem
1944 1844 2110 1889 ostendit,

1132 1914 1215 1943 tunc
1233 1903 1451 1956 supplicium
1466 1904 1611 1941 exhibet
1631 1920 1638 1940 z
1660 1904 1759 1954 quod
1777 1918 1901 1956 nempe
1919 1904 1964 1942 sit
1980 1905 2111 1943 intole—

1130 1967 1242 2004 rabile
1256 1967 1301 2014 ei,
1316 1966 1376 2016 qui
1387 1980 1498 2017 neque
1511 1965 1561 2003 510
1575 1979 1764 2004 conversus
1776 1966 1832 2003 sit.
1848 1965 1894 2003 Et
1909 1966 1993 2005 vide
2006 1980 2114 2016 quam

1131 2027 1273 2080 proprie
1310 2026 1431 2065 verbis
1461 2035 1582 2064 utatur
1602 2042 1610 2062 τ
1654 2028 1910 2065 leesczurizas
1923 2058 1935 2074 ,
1970 2027 2087 2077 inquit
2103 2057 2113 2075 ,

1132 2091 1200 2126 tibi
1219 2090 1331 2134 iram,
1358 2087 1500 2125 omnino
1522 2087 1712 2139 repositam
1733 2087 1824 2125 iram
1843 2088 2030 2126 ostendens
2046 2118 2057 2137 ,
2082 2097 2116 2125 et

1131 2164 1200 2188 non
1216 2149 1374 2201 judicem
1388 2178 1398 2196 ,
1419 2148 1481 2186 sed
1497 2163 1577 2186 eum
1605 2148 1666 2199 qui
1691 2149 1896 2200 judicatur,
1915 2149 2013 2187 illius
2033 2164 2115 2187 cau-

1131 2225 1206 2249 sam
1237 2225 1320 2248 esse.
1356 2212 1388 2247 T
1387 2212 1440 2247 ibi
1461 2212 1548 2261 ipsi,
1578 2209 1707 2259 inquit,
1745 2211 1985 2248 thesaurizas
2000 2241 2011 2256 ,
2046 2225 2117 2247 11011

1132 2273 1229 2309 Deus
1244 2270 1326 2308 tibi.
1347 2270 1413 2308 Ille
1427 2269 1518 2308 enim
1538 2269 1655 2307 omnia
1673 2281 1750 2320 quae
1769 2284 1832 2321 par
1850 2279 1923 2307 erat
1942 2270 2119 2322 praestitit‚

1132 2342 1166 2370 et
1183 2332 1252 2370 tibi
1274 2332 1449 2369 bonorum
1464 2331 1710 2381 malorumque
1729 2331 1966 2382 cognitionem
1986 2331 2120 2383 imper—

1131 2394 1202 2443 tiit,
1225 2393 1429 2446 patientiam
1465 2407 1566 2431 suam
1586 2393 1754 2431 exhibuit
1769 2424 1777 2439 ‚
1802 2393 1850 2431 ad
1876 2394 2120 2446 poenitentiam

1133 2467 1166 2495 te
1191 2457 1349 2507 vocavit,
1381 2456 1477 2494 diem
1495 2457 1691 2494 terribilem
1717 2458 1950 2495 comminatus
1971 2466 2036 2507 est,
2057 2472 2120 2508 per

1134 2517 1252 2556 omnia
1279 2526 1313 2555 te
1346 2516 1392 2555 ad
1419 2517 1697 2568 resipiscentiam
1728 2518 1887 2556 alliciens
1908 2534 1915 2555 ε
1956 2518 2053 2568 quod
2091 2518 2122 2555 si

1134 2579 1287 2616 inflexus
1310 2592 1450 2616 maneas
1466 2607 1478 2628 ,
1512 2580 1544 2615 T
1543 2580 1768 2616 lzesaurz‘zas
1788 2581 1859 2616 tibi
1876 2583 1974 2617 iram
2002 2582 2043 2616 in
2059 2580 2121 2615 die

1135 2643 1202 2678 iroe
1219 2648 1255 2677 et
1269 2639 1517 2677 revelationis
1531 2647 1567 2676 et
1575 2640 1675 2690 justi
1685 2640 1828 2690 judicii
1843 2640 1919 2676 Dei
1925 2632 1940 2676 .’
1951 2641 2005 2677 Ne
2017 2648 2122 2691 putes

1137 2700 1231 2739 enim
1257 2699 1379 2737 audita
1408 2698 1473 2747 ira,
1506 2698 1704 2750 passionem
1725 2712 1810 2745 esse,
1845 2699 1946 2736 addit
1969 2715 1976 2735 :
2015 2700 2122 2737 ⁴Iusti

1130 2763 1271 2815 judicii
1295 2761 1382 2797 Dei.
1404 2760 1454 2796 Ac
1473 2768 1565 2796 reete
1584 2758 1693 2807 dixit,
1731 2759 1991 2796 Revelatz'onis
2010 2775 2021 2794 .·
2038 2768 2121 2796 tunc

1139 2825 1244 2872 enim,
1259 2824 1327 2861 hoc
1343 2822 1490 2871 revelat,
1507 2836 1588 2859 cum
1603 2820 1797 2859 secundum
1812 2821 1978 2858 meritum
1990 2821 2123 2872 singuli

1137 2884 1329 2937 accipiunt.
1359 2884 1451 2921 Nam
1479 2882 1539 2919 1110
1555 2895 1647 2933 saepe
1668 2882 1770 2918 multi
1790 2890 1919 2933 praeter
1933 2882 1993 2933 jus
2013 2882 2123 2920 molc-

1138 2949 1242 2988 stiam
1261 2948 1416 2986 inferunt
1445 2955 1479 2983 et
1498 2944 1645 2983 insidias
1665 2953 1803 2982 struunt
1819 2959 1828 2992 ;
1858 2944 1934 2982 11110
1954 2959 2037 2985 vero
2054 2959 2124 2983 non

1139 3011 1236 3049 item.
1280 3011 1353 3059 Qui
1375 3009 1507 3046 reddet
1536 3008 1742 3058 unicuique
1770 3007 1978 3045 secundum
2008 3021 2125 3058 opera

1141 3075 1224 3124 ejus
1239 3091 1247 3121 3
1271 3074 1317 3108 iis
1335 3071 1504 3123 quidem,
1521 3072 1587 3121 qui
1602 3068 1808 3106 secundum
1819 3071 2046 3118 patientiam
2062 3070 2125 3104 bo-

1095 3135 1120 3166 E
1144 3138 1185 3172 ni
1203 3135 1337 3184 operis.

1196 3188 1232 3225 5.
1262 3187 1452 3234 Postquam
1482 3197 1517 3221 se
1543 3180 1738 3219 terribilem
1769 3188 1802 3218 et
1830 3194 1992 3218 severum
2019 3181 2124 3218 exhi-

1143 3247 1236 3295 buit,
1253 3260 1334 3284 011111
1352 3243 1542 3296 dejudicio
1561 3251 1594 3280 et
1613 3241 1657 3280 de
1678 3242 1798 3279 futuro
1815 3241 1990 3294 supplicio
2006 3242 2127 3293 loque-

1175 3388 1192 3411 b
1216 3383 1277 3416 Alii
1297 3387 1464 3425 σονεισάγει.
1483 3382 1576 3423 [Hoc
1591 3389 1621 3413 et
1647 3380 1690 3413 ab
1706 3382 1743 3413 A.
1772 3379 1956 3424 praestitum
1972 3389 2006 3414 et
2026 3392 2129 3425 marg.

1131 3435 1231 3469 Savil.
1249 3436 1428 3477 recepimus
1445 3444 1505 3476 pro
1522 3434 1668 3476 συνάγει.]

1885 3486 1905 3496 u-

1883 3486 1949 3522 06.
