2466 3805
600 267 645 294 JN
686 265 799 296 ACTA
838 263 1008 293 APOSTO
1017 262 1162 291 LORUM
1173 281 1181 289 .

43 353 126 392 Ἀπὸ
143 352 352 405 χαυνότητος
369 350 427 387 καὶ
443 350 627 400 μαλακίας.
643 352 758 389 Τοῦτο
772 349 808 387 δὲ
836 348 918 387 αὐτὸ
939 346 1056 395 πόθεν,

41 413 162 466 φησίν,
179 411 240 456 Ἐξ
267 414 366 461 ἡμῶν
400 411 531 448 αὐτῶν·
552 411 610 448 καὶ
642 413 744 458 δῆλον
777 412 918 448 ἐκεῖθεν.
942 408 1056 446 εΌταν

41 474 107 526 γὰρ
129 473 295 522 θέλωμεν,
320 472 548 522 διανιστῶμεν
582 471 740 519 ἑαυτοὺς,
770 471 828 509 καὶ
860 468 1057 522 καρτερικοὶ

40 533 216 584 γινόμεθα.
238 531 324 570 Ἐὰν
340 538 418 583 γοῦν
439 532 572 583 ἀνάγκη
589 537 602 553 ³
614 532 695 570 ποτὲ
712 531 868 578 ἐπέλθοι,
889 529 1057 570 πολλάκις

40 594 76 632 δὲ
106 594 165 631 καὶ
187 593 489 645 φιλονεικήσαντες
513 593 627 642 μόνον,
645 593 685 631 τὸ
703 592 877 644 χρήσιμον
903 589 1056 629 συνείδο-

40 670 114 704 μεν.
140 653 155 667 ⁰

39 730 156 766 καιρον
172 718 233 760 τῆς
245 716 388 761 ἡδονῆς,
401 714 463 761 τὴν
484 714 611 764 ζημίαν
631 714 760 764 (ζημία
776 713 842 763 γὰρ
860 712 965 753 ὅντως
983 708 1057 747 ἐστὶ

190 670 250 691 ταν
267 654 378 691 τοίνυν
398 655 526 705 μέλλῃς
549 661 692 705 τρυφᾷν,
714 652 873 698 ἐννόησον
893 651 932 689 τὸ
949 650 1058 701 πρόσ-

42 775 130 825 μετὰ
150 779 210 820 τῆς
230 775 356 818 οἰκείας
375 775 488 825 λύμης
506 780 656 813 τοσαῦτα
674 774 844 826 χρήματα
865 773 1018 821 δαπανᾷν
1031 773 1056 817 ),

40 834 100 878 τὰς
121 835 239 877 νόσους
252 865 261 882 ,
276 834 337 877 τὰς
366 834 580 886 ἀρρωστίας,
599 834 658 872 καὶ
685 831 946 884 καταφρόνησον
977 845 1057 879 τρυ-

40 899 117 947 φῆς.
133 896 268 938 Πόσους
288 896 340 934 σοὶ
363 896 476 946 βούλει
495 895 678 946 ἀριθμήσω
695 893 788 931 κακὰ
803 891 975 933 παθόντας
989 888 1058 926 ἀπὸ

39 960 102 1002 τῆς
124 961 275 1009 τρυφῆς,
298 956 341 994 ‘O
364 959 443 995 Νῶε
474 954 644 1005 ἐμεθύσθη
673 954 732 991 καὶ
764 950 966 1004 ἐγυμνώθη,
999 948 1058 986 καὶ

40 1017 103 1069 ὅρα
120 1017 211 1055 πόσα
228 1017 345 1069 γέγονε
365 1017 456 1054 κακὰ
473 1016 542 1054 ἀπὸ
560 1015 678 1052 τούτου
696 1030 704 1037 ·
726 1017 744 1051 ὁ
765 1013 879 1051 ‘llo-cz&
900 1011 969 1049 ἀπὸ
984 1012 1060 1047 λαι-

41 1078 192 1131 μαργίας
214 1078 390 1129 προέδωκε
407 1076 452 1115 τὰ
477 1075 720 1129 πρωτοτόκια,
751 1074 810 1112 καὶ
841 1075 886 1116 εἷς
916 1073 1058 1122 ἀδελφο·

41 1139 177 1177 κτονίαν
205 1138 379 1189 ὥρμησεν.
400 1137 443 1175 Ὁ
461 1137 543 1179 λαὸς
559 1139 576 1173 ὁ
592 1140 651 1174 τοῦ
671 1135 814 1187 Ἰσραὴλ
834 1133 970 1172 ἐκάθισε
994 1147 1062 1184 φα-

39 1204 110 1248 γεῖν
126 1199 184 1236 καὶ
198 1205 301 1245 πιεῖν,
321 1198 379 1235 καὶ
396 1197 587 1244 ἀνέστησαν
605 1196 753 1241 παίζειν.
766 1196 833 1234 Διὰ
846 1194 945 1233 τοῦτο’
964 1209 1061 1245 φησι,

39 1256 157 1308 φαγὼν
177 1258 236 1296 καὶ
259 1257 348 1296 πιὼν
371 1258 543 1311 μνήσθητι
564 1257 693 1309 Κυρίου
709 1262 767 1295 τοῦ
795 1258 886 1294 Θεοῦ
907 1271 980 1292 σου.
1000 1255 1063 1296 Εἷς

39 1317 107 1369 γὰρ
122 1318 274 1370 κρημνὸν
300 1319 460 1357 ἐνέπεσον
480 1322 511 1356 οἱ
528 1319 576 1362 εἷς
593 1318 656 1365 τὴν
681 1316 811 1371 τρυφὴν
843 1315 1062 1367 ἐμπεσόντες.

42 1377 88 1416 ‘H
109 1377 230 1432 1’χήρα
243 1410 252 1427 ,
283 1379 398 1431 φησὶν,
433 1382 454 1426 ἡ
484 1381 702 1417 σπαταλῶσα
715 1408 725 1425 ,
757 1381 850 1422 ζῶσα
882 1377 1042 1423 τέθνηκεν
1055 1391 1063 1399 ·

42 1439 102 1477 καὶ
122 1440 243 1489 πάλιν,
260 1440 453 1486 Ἐλιπάνθη
469 1470 478 1488 ,
497 1439 676 1491 ἐπαχύνθη
688 1469 698 1487 ,
717 1440 776 1477 καὶ
798 1438 1028 1476 ἀπελάκτισεν
1047 1440 1064 1474 ὃ

41 1501 265 1552 ἠγαπημένος
279 1517 286 1525 ·
315 1502 374 1539 καὶ
405 1503 510 1540 πάλιν
541 1504 558 1539 ὃ
595 1501 806 1548 ἀπόστολος,
829 1502 905 1546 Τῆς
938 1499 1065 1551 σαρκὸς

40 1561 203 1613 πρόνοιαν
222 1563 270 1614 μὴ
287 1567 438 1602 ποιεῖσθε
455 1566 502 1607 εἷς
522 1562 716 1613 ἐπιθυμίας.
739 1565 792 1601 Οὐ
811 1563 984 1612 νομοθετῶ
1000 1578 1058 1608 νη-

42 1623 159 1661 στείαν
172 1625 183 1675 (
195 1624 270 1663 οὐδὲ
289 1625 387 1677 γὰρὸ
411 1624 544 1663 ἀκούων
563 1623 702 1672 ἐστίν),
725 1625 801 1661 ἀλλ’
818 1625 949 1674 ἀναιρῶ
969 1638 1061 1660 σπα-

2055 248 2076 257 n

1221 263 1375 292 nomn„
1416 264 1558 295 xxvii.
2022 258 2112 308 2³9

1129 345 1255 384 honori
1284 348 1489 399 praeferret?
1513 349 1570 386 Ex
1595 348 1754 386 mollitie.
1783 346 1857 384 Hoc
1884 345 2002 397 ipsum
2028 359 2112 383 vero

1130 407 1234 456 uude,
1255 407 1417 458 inquies?
1436 408 1495 462 E}
1519 409 1620 447 nobis
1648 409 1756 462 ipsis3
1781 406 1876 458 quod
1896 406 1980 443 hinc
1997 405 2112 442 mani-

1129 467 1257 505 festum
1285 477 1348 505 est.
1377 468 1530 516 Quando
1558 470 1735 518 volumus,
1759 482 1819 505 nos
1847 467 2055 515 excitamus,
2079 475 2112 503 et

1124 529 1296 579 patientes
1317 529 1504 568 efficimur.
1520 530 1558 567 Si
1579 530 1688 581 igitur
1703 529 1915 581 quandoque
1931 527 2112 566 advenerit

1124 589 1323 637 necessitas,
1344 604 1434 642 saepe
1458 591 1699 629 contendendo
1731 600 1884 637 tantum,
1906 588 1996 640 quid
2026 589 2111 626 utile

1124 649 1170 686 sit
1185 649 1434 700 conspicimus.
1455 651 1543 687 Cum
1560 665 1643 702 ergo
1658 651 1796 688 deliciis
1811 660 1845 688 te
1864 650 2050 688 dediturus
2061 662 2108 696 es,
2144 658 2215 687 Gula
2238 659 2313 685 mut-

1123 719 1385 760 temporaneam
1399 725 1472 747 esse
1485 711 1704 762 voluptatem
1719 712 1847 762 cogita,
1868 711 2110 760 damnumque
2124 706 2179 770 Ξῖ
2214 701 2314 737 perd-¹*

1122 769 1206 806 hinc
1222 770 1431 820 proveniens
1445 773 1456 817 (
1471 770 1641 807 damnum
1661 771 1753 808 enim
1771 785 1853 809 vere
1867 780 1932 819 cst,
1948 784 2029 807 cum
2046 784 2108 807 sua

1123 829 1278 880 pernicie
1292 839 1343 867 tot
1356 844 1438 881 opes
1457 830 1633 868 insumere
1647 835 1674 879 ),
1693 832 1848 880 morbos,
1868 831 2107 877 infirmitates,

1123 897 1157 925 et
1183 888 1403 940 voluptatem
1432 899 1626 927 contemne.
1652 892 1749 938 Quot
1772 891 1828 929 vis
1858 891 1923 927 tibi
1950 890 2111 927 homines

1080 951 1103 980 B
1124 963 1327 987 enumerem
1352 951 1445 988 mala
1471 965 1591 1002 passos
1621 965 1640 988 a
1656 951 1806 989 deliciis.
1826 952 1901 988 Noe
1916 951 2112 988 inebriatus

1126 1019 1176 1047 est
1195 1023 1235 1047 ac
1248 1010 1422 1060 nudatus3
1438 1021 1471 1049 et
1490 1011 1571 1050 vide
1592 1021 1677 1063 quot
1695 1012 1779 1049 hinc
1795 1011 1888 1048 mala
1911 1010 2113 1049 evenerint:

1126 1084 1189 1122 per
1205 1071 1327 1121 gulam
1348 1071 1445 1109 Esau
1472 1072 1707 1123 primogenita
1729 1071 1901 1124 perdidit,
1921 1080 1954 1108 ct
1975 1070 2020 1108 ad
2044 1071 2114 1108 fra-

1126 1130 1192 1168 tris
1204 1132 1336 1169 caedem
1348 1146 1384 1170 se
1394 1133 1563 1170 accinxit.
1574 1134 1746 1185 Populus
1762 1133 1889 1170 Israel
1899 1133 1995 1170 sedit
2005 1146 2114 1169 man-
2129 1146 2220 1172 arod
2249 1146 2299 1176 32.

1129 1192 1271 1229 [lucare
1283 1201 1318 1229 et
1335 1195 1472 1239 hibere,
1488 1202 1524 1231 et
1537 1202 1784 1231 surrexerunt
1797 1193 1940 1230 ludere.
1951 1192 2035 1230 Ideo
2049 1192 2114 1239 ait,
2129 1187 2158 1214 6.

1131 1253 1342 1291 Comedens
1356 1263 1392 1291 et
1409 1256 1540 1292 bibens
1559 1255 1762 1292 recordare
1777 1255 1938 1291 Domini
1953 1254 2030 1290 Dei
2044 1256 2113 1291 τιιί.
2132 1266 2209 1293 Deus
2220 1267 2258 1293 R.
2270 1276 2275 1292 ι
2287 1275 2315 1293 2.

1130 1314 1171 1351 In
1189 1315 1429 1367 praecipitium
1447 1316 1540 1353 enim
1557 1325 1715 1365 ruerunt,
1733 1315 1796 1366 qui
1812 1315 1847 1352 in
1865 1314 2011 1352 delicias
2028 1315 2116 1351 inci-

1131 1374 1272 1413 derunt.
1298 1378 1440 1423 Vidua,
1457 1377 1584 1428 inquit,
1607 1392 1691 1429 quse
1717 1380 1758 1414 in
1783 1377 1933 1414 deliciis
1958 1385 2026 1422 est,
2051 1379 2114 1413 vi·
2131 1393 2161 1454 ὲ.
2184 1385 2260 1412 Tim.

2286 1385 2316 1412 5.

1135 1449 1224 1473 vens
1243 1446 1396 1475 mortua
1411 1447 1465 1476 est
1477 1453 1492 1484 ;
1513 1453 1553 1476 ac
1572 1453 1715 1476 rursum
1727 1468 1737 1487 ,
1752 1440 2038 1489 Ιιημίηςιιαίιις,
2055 1440 2116 1474 in-
2132 1469 2222 1495 Deue.
2247 1468 2298 1496 32·

1130 1506 1325 1536 crassatus
1347 1507 1416 1546 est,
1433 1507 1469 1536 et
1483 1500 1747 1537 recalcitravit
1763 1500 1943 1543 dileccns;
1955 1513 2115 1536 rursum-
2136 1508 2182 1535 ι5.

1131 1572 1205 1608 que
1219 1560 1413 1611 apostolus7
1437 1562 1577 1599 Carnis
1593 1576 1727 1599 curam
1746 1576 1800 1613 ne·
1802 1562 1974 1613 feceritis
1994 1563 2034 1598 in
2054 1562 2118 1598 de·
2135 1573 2220 1602 Ram.
2245 1574 2290 1602 13.

1130 1621 1374 1658 sideriis.Non
1394 1622 1507 1673 legem
1523 1622 1802 1674 ponojejunium
1814 1624 1941 1672 (neque
1959 1621 2054 1659 enim
2069 1631 2117 1659 est
2140 1616 2184 1651 ¹4·

41 1683 164 1732 πάλην,
183 1685 342 1723 ἐκκόπτω
358 1684 502 1737 τρυφὴν,
519 1684 574 1722 διὰ
587 1684 624 1721 τὸ
639 1684 813 1736 χρήσιμον
827 1683 864 1720 τὸ
880 1683 1042 1734 ὑμέτερον
1054 1698 1061 1706 ·
1083 1694 1108 1725 c
1130 1681 1193 1731 qui
1217 1682 1378 1731 audiat),
1399 1683 1460 1720 sed
1479 1684 1703 1735 voluptatem
1732 1683 1881 1720 nimiam
1904 1683 2005 1733 tollo7
2027 1682 2120 1720 deli-

42 1745 199 1799 καθάπερ
224 1746 290 1798 γὰρ
324 1746 539 1798 χείμαρρος,
561 1745 650 1784 οὕτω
682 1745 797 1783 πάντα
828 1744 1012 1796 ἀνατρέπει
1040 1748 1061 1790 ἡ

41 1806 171 1859 τρυφή·
196 1807 290 1845 οὐδὲν
321 1807 430 1854 αὐτὴν
460 1807 499 1845 το
527 1806 660 1845 κωλύον
685 1807 779 1845 ἐστί·
804 1805 980 1858 βασιλείας
1001 1808 1062 1843 ἐκ·-

42 1867 178 1905 ὅάλλει.
201 1867 249 1905 Τί
277 1868 317 1905 τὸ
346 1867 470 1914 πλέον,
504 1868 628 1906 Βούλει
659 1874 811 1920 τρυφᾷν,
832 1867 898 1910 Δὸς
919 1866 1063 1912 πένησι,

41 1928 186 1967 κάλεσον
211 1927 269 1966 τὸν
289 1929 440 1982 Χριστὸν
460 1928 516 1966 ἵνα
540 1929 599 1966 καὶ
628 1928 717 1979 μετὰ
738 1929 776 1966 τὸ
804 1928 867 1974 τὴν
889 1927 1063 1980 τράπεζαν

42 1991 189 2041 ἀρθῆναι
211 1990 296 2041 ἔχῃς
318 1997 459 2042 τρυφᾷν.
475 1991 546 2028 Νῦν
572 1989 633 2040 μὲν
653 1994 666 2010 ⁰
679 1988 745 2040 γὰρ
762 1990 823 2027 οὐκ
839 1988 952 2040 ἔχεις,
978 1987 1067 2026 εἰκό-

41 2067 108 2093 τως
120 2066 128 2073 ·
153 2050 229 2088 οὐδὲ
244 2050 310 2101 γὰρ
328 2051 451 2097 ἕστηκε
468 2050 511 2088 τὰ
529 2053 674 2088 ἐνταῦθα
691 2066 698 2074 ·
713 2050 791 2087 τότε
809 2050 844 2088 δὲ
864 2049 959 2093 ἕξεις.
979 2048 1066 2086 Βού-

40 2114 93 2150 λει
116 2115 308 2163 τρυφῆσαι;
329 2111 467 2163 Θρέψον
488 2110 551 2156 τὴν
571 2110 703 2163 ψυχὴν,
734 2111 881 2161 μετάδος
899 2113 986 2159 αὐτῆ
1013 2124 1064 2146 σι-

41 2171 123 2210 τίων
143 2166 190 2209 ῶν
218 2172 290 2215 ἔθος
317 2171 410 2224 ἔχει·
437 2171 485 2222 μὴ
514 2172 768 2223 λιμοκτονήσης
789 2171 908 2217 αὐτην.
934 2169 1064 2222 Καιρὸς

40 2232 214 2283 πολέμου,
229 2232 347 2286 καιρὸς
361 2235 511 2283 ἀγῶνος·
535 2232 575 2270 σὺ
591 2232 626 2269 δὲ
646 2232 797 2279 κάθησαι
810 2233 964 2284 τρυφῶν,
984 2232 1064 2282 Οὐχ

40 2295 122 2343 ὁρᾷς
143 2293 202 2330 καὶ
220 2292 298 2336 τοὺς
318 2292 361 2330 τὰ
391 2296 554 2344 σκῆπτρα
583 2293 903 2344 ἐγκεχειρισμένους
933 2294 966 2329 ἐν
988 2298 1061 2334 ταῖς

40 2352 104 2396 ἔξω
125 2352 321 2404 στρατείαις
352 2354 498 2395 εὐτελῶς
527 2355 678 2400 ζῶντας,
708 2356 785 2391 Οὐκ
812 2353 903 2391 ἐστὶν
926 2357 1009 2403 ἡμῖν
1040 2356 1061 2399 ἡ

39 2413 135 2461 πάλη
152 2413 237 2466 πρὸς
259 2408 346 2464 αἷμα
366 2414 427 2452 καὶ
456 2413 591 2465 σάρκα·
619 2413 659 2452 σὺ
679 2413 713 2450 δὲ
733 2413 904 2457 λιπαίνεις
937 2413 1061 2452 σαυτὸν

43 2474 177 2524 μέλλων
204 2476 385 2524 παλαίειν,
404 2473 563 2521 ’Έστηκε
584 2474 708 2528 τρίζων
737 2473 814 2517 τοὺς
835 2475 976 2518 ὀδόντας
1001 2477 1060 2511 αὖ·

42 2540 101 2573 τοῦ
121 2539 138 2572 ὃ
166 2535 374 2580 ἀντίπαλος,
399 2535 438 2573 σὺ
459 2535 494 2572 δὲ
515 2536 761 2587 διακεχυμένος
783 2536 984 2588 τυγχάνεις,
1002 2536 1061 2574 καὶ

42 2595 195 2648 τραπέζῃ
213 2596 412 2648 προσέχεις.
425 2590 517 2634 Οἶδα
537 2599 612 2649 εἰκῇ
630 2602 739 2635 ταῦτα
751 2598 876 2649 λέγων,
899 2601 975 2636 ἀλλ’
998 2601 1061 2650 οὐχ

42 2657 183 2695 ἅπασιν.
207 2656 251 2694 ‘O
274 2657 363 2708 ἔχων
387 2650 460 2695 ῶτα
490 2657 624 2695 ἀκούειν
658 2658 824 2698 ἀκουέτω.
842 2659 886 2697 ‘O
912 2660 1060 2713 Χριστὸς

40 2716 108 2753 ὑπὸ
122 2718 225 2767 λιμοῦ
244 2717 408 2764 τήκεται,
424 2717 464 2755 σὺ
482 2717 517 2756 δὲ
534 2719 600 2756 ὑπὸ
619 2718 895 2771 γαστριμαργίας
914 2721 1061 2772 διασπᾷς

41 2776 166 2815 σαυτόν
183 2793 190 2800 ·
211 2777 269 2815 δύο
281 2777 456 2830 ἀμετρίαι.
476 2778 523 2816 Τί
541 2778 608 2830 γὰρ
633 2781 671 2816 οὗ
693 2786 784 2817 ποιεῖ
803 2781 909 2819 κακὸν
938 2784 959 2827 ἡ
980 2797 1061 2833 τρυ-

41 2837 137 2888 φή;*
152 2838 246 2891 Πρὸς
266 2838 390 2885 ἑαυτὴν
408 2838 546 2877 ἐναντία
566 2838 659 2877 ἐστίν
680 2855 687 2862 ·
702 2839 777 2878 ὅθεν
794 2843 856 2879 οὐκ
871 2836 946 2880 οἶδα
960 2871 969 2888 ,
989 2845 1063 2885 πῶς

40 2899 100 2936 καὶ
119 2899 158 2937 τὸ
183 2901 292 2950 ὄνομα
314 2905 414 2938 τοῦτο
433 2899 506 2952 ἔχει
523 2917 530 2924 ·
553 2901 630 2939 ἀλλ’
650 2900 768 2954 ὥσπερ
787 2906 809 2949 ἡ
839 2903 919 2946 δόξα
940 2904 1062 2954 ἀτιμία

40 2954 125 2998 οῧσα
136 2991 144 3007 ,
161 2960 220 2998 καὶ
239 2964 256 2998 ὃ
275 2963 422 3003 πλοῦτος
441 2961 543 2999 πενία
564 2962 624 3011 ὢν,
646 2968 745 3002 τοῦτο
765 2964 937 3011 κέκληται
953 2981 960 2988 ·
974 2965 1063 3002 οὕτω

40 3021 99 3058 καὶ
120 3025 141 3067 ἧ
160 3021 272 3073 τρυφὴ
298 3021 402 3068 ἀηδία
432 3017 528 3061 οἷο-α.
558 3023 620 3071 Μὴ
651 3024 718 3076 γὰρ
752 3028 896 3071 τυθῆναι
922 3025 1061 3076 ἔχομεν,

41 3082 93 3118 ὅτι
108 3082 310 3132 λιπαίνομεν
326 3082 482 3131 ἑαυτούς,
496 3083 544 3121 Τί
557 3085 723 3137 παρέχεις
736 3088 785 3138 τῷ
803 3084 959 3132 σκώληκι
973 3088 1062 3136 λαμ-

41 3148 130 3199 πρὰν
149 3147 211 3194 τὴν
229 3148 424 3201 τράπεζαν,
439 3150 472 3188 τί
488 3150 675 3195 ἀπλείονας
688 3159 798 3197 ποιεῖς
817 3154 895 3198 τοὺς
911 3157 1062 3206 ἰχῶρας,

85 3277 98 3291 a
115 3265 261 3307 Quidam
278 3274 347 3301 τότε
363 3272 485 3314 ἐπέλθῃ.

84 3320 102 3344 l·
121 3318 208 3351 Alius
226 3328 306 3365 χήρα
323 3324 415 3358 ἐκείνη
432 3327 450 3359 ἡ
467 3328 663 3357 σπαταλῶσα.

86 3381 99 3395 c
116 3371 127 3412 [
142 3369 326 3402 Delevimus
339 3371 429 3414 quod
446 3371 499 3405 hic
515 3373 684 3417 legebatur
703 3375 871 3419 712,liiig==a
887 3385 918 3409 et
936 3376 1044 3410 Codd.

41 3421 230 3465 iubentibus
249 3424 259 3465 l

1087 2300 1109 2328 Ι)

1136 1741 1206 1782 cias
1227 1743 1394 1780 exscindo
1417 1744 1462 1781 ad
1489 1743 1680 1781 utilitatem
1701 1753 1855 1782 vestram
1879 1758 1887 1778 :
1906 1742 2006 1780 velut
2026 1742 2121 1780 enim

1133 1812 1281 1849 torrens,
1305 1803 1355 1840 sic
1385 1804 1502 1841 omnia
1534 1804 1746 1843 subvertunt
1777 1802 1934 1851 deliciae3
1952 1802 2044 1840 nihil
2071 1812 2122 1840 est

1133 1864 1228 1914 quod
1252 1864 1423 1916 impediat
1455 1865 1559 1913 illas;
1579 1879 1597 1902 e
1614 1878 1721 1916 regno
1741 1864 1899 1915 ejiciunt.
1917 1863 2016 1909 Quid
2047 1878 2121 1901 am-

1132 1925 1252 1977 plius?
1273 1927 1340 1966 Vis
1363 1926 1552 1964 deliciari?
1573 1929 1626 1964 Da
1653 1926 1881 1979 pauperibus,
1898 1940 1987 1964 voca
2018 1926 2122 1964 Chri-

1133 1995 1249 2037 stum,
1275 1997 1314 2025 ut
1343 1987 1449 2025 etiam
1474 1988 1613 2025 sublata
1642 2002 1763 2025 mensa
1793 1987 1983 2025 delicieris.
2019 1988 2121 2024 Nunc

1134 2048 1227 2085 enim
1253 2062 1323 2086 non
1346 2049 1472 2096 habes3
1494 2049 1542 2086 ita
1571 2048 1717 2100 expedit
1737 2062 1874 2098 :neque
1907 2047 2000 2084 enim
2029 2056 2121 2084 stant

1134 2109 1318 2160 praesentia
1335 2124 1342 2145 :
1357 2118 1442 2146 tunc
1460 2118 1577 2146 autem
1597 2108 1755 2146 habebis.
1769 2109 1837 2147 Vis
1856 2107 2040 2145 deliciari?
2059 2108 2122 2144 Ale

1132 2170 1287 2207 animam
1308 2186 1315 2206 ε
1335 2170 1380 2207 da
1402 2170 1456 2207 illi
1485 2170 1581 2207 cibos
1613 2170 1744 2219 quibus
1764 2170 1918 2206 assuevit
1936 2185 1942 2204 ε
1960 2183 2003 2206 ne
2031 2169 2123 2206 fame

1132 2231 1272 2268 occidas
1290 2231 1404 2269 illam.
1429 2233 1590 2283 Tempus
1606 2239 1657 2268 est
1675 2230 1761 2267 belli
1781 2240 1814 2267 et
1829 2243 1969 2282 pugnae,
1987 2238 2026 2266 tu
2039 2244 2122 2267 vero

1131 2293 1229 2331 sedes
1244 2294 1279 2330 in
1294 2293 1460 2330 deliciis?
1476 2294 1556 2330 Non
1571 2292 1671 2331 vides
1689 2306 1745 2330 cos
1759 2291 1820 2342 qui
1840 2301 1976 2343 sceptra
1992 2300 2121 2339 tenent,

1130 2354 1167 2391 in
1186 2354 1342 2391 exercitu
1357 2353 1543 2405 frugaliter
1563 2353 1734 2391 viventes.
1758 2354 1849 2390 Non
1868 2360 1924 2389 est
1945 2354 2053 2390 nobis
2067 2352 2121 2389 lu-
2138 2358 2242 2395 Eplws.
2263 2360 2293 2385 fi.

1130 2426 1195 2455 cta
1220 2419 1403 2455 adversus
1420 2420 1649 2469 sanguinem
1669 2425 1705 2453 et
1730 2430 1903 2460 carneum
1927 2424 1965 2452 tu
1985 2429 2070 2454 vero
2090 2424 2121 2452 te
2141 2408 2184 2426 '²'

1130 2477 1334 2529 impinguas
1351 2478 1599 2530 pugnaturus?
1613 2477 1791 2514 Dentibus
1807 2475 1957 2513 stridens
1973 2484 2040 2513 stat
2059 2475 2121 2512 ad-

1127 2542 1325 2587 versariu53
1348 2549 1385 2576 tu
1414 2553 1498 2577 vero
1516 2539 1649 2575 effusus
1671 2551 1705 2574 es
1732 2546 1765 2574 et
1786 2551 1913 2573 mensae
1939 2536 2117 2574 addictus.

1128 2602 1210 2639 Scio
1226 2615 1282 2638 me
1299 2601 1374 2637 haec
1389 2600 1519 2636 frustra
1536 2599 1663 2647 dicere,
1682 2598 1744 2635 sed
1764 2612 1833 2634 non
1850 2598 2027 2635 omnibus.
2045 2600 2120 2648 Qui
2137 2608 2206 2634 Luc.
2222 2607 2250 2634 3.
2268 2606 2298 2635 3.

1129 2664 1242 2699 hahet
1256 2675 1368 2698 aures
1382 2661 1580 2705 audiendi,
1602 2660 1752 2696 audiat.
1775 2658 1938 2695 Christus
1958 2659 2050 2696 fame
2068 2668 2117 2695 ta-

1128 2722 1259 2770 bescit5
1280 2730 1314 2758 et
1343 2730 1381 2758 tu
1410 2734 1482 2772 prae
1513 2719 1657 2771 crapula
1687 2718 1927 2770 dirumperis:
1946 2718 2017 2756 duo
2045 2719 2119 2756 sine

1131 2796 1293 2820 mensura
1321 2790 1414 2819 sunt.
1434 2780 1534 2827 Quid
1556 2780 1651 2817 enim
1670 2779 1755 2817 mali
1775 2793 1844 2816 non
1868 2779 2013 2831 pariunt
2033 2779 2119 2816 dcli-

1133 2845 1195 2883 ciae
1209 2845 1225 2881 9
1241 2843 1319 2882 Sibi
1345 2843 1413 2895 ipsi
1433 2842 1643 2880 adversariae
1659 2850 1740 2878 sunt
1757 2857 1764 2877 z
1783 2840 1874 2878 unde
1896 2840 2011 2878 nescio
2033 2855 2120 2891 quo-

1133 2907 1238 2945 modo
1254 2907 1320 2943 hoc
1339 2920 1464 2944 nomen
1484 2904 1614 2942 sortitae
1631 2904 1719 2952 sint;
1740 2903 1803 2941 sed
1818 2903 2119 2953 quemadmodum

1133 2978 1165 3006 et
1179 2969 1291 3019 gloria
1309 2982 1386 3018 quae
1401 2976 1451 3005 est
1470 2966 1628 3015 infamia,
1643 2974 1675 3002 et
1694 2964 1829 3003 divitiae
1845 2978 1922 3014 quae
1935 2973 2018 3002 sunt
2031 2978 2120 3016 pau-

1134 3039 1266 3082 pertas,
1291 3029 1339 3066 ita
1361 3028 1464 3066 dictae
1492 3036 1574 3065 sunt
1599 3042 1606 3062 z
1629 3028 1680 3063 sic
1704 3034 1737 3062 et
1764 3024 1899 3062 deliciae
1933 3039 2010 3075 quae
2038 3034 2120 3062 sunt

1134 3090 1313 3128 molestiae.
1334 3091 1431 3128 Num
1450 3086 1657 3125 immolandi
1676 3100 1809 3134 sumuS,
1827 3085 1886 3135 qui
1906 3100 1968 3123 nos
1986 3086 2034 3123 ita
2049 3085 2118 3123 im-

1136 3152 1374 3206 pinguamus?
1396 3151 1470 3188 Cur
1495 3148 1610 3189 vermi
1641 3148 1775 3185 lautam
1804 3160 1906 3198 paras
1938 3147 2120 3184 mensam?

1163 3274 1179 3291 ’⁴
1197 3275 1209 3316 [
1226 3275 1321 3313 HaeC‚
1353 3277 1427 3317 πρὸς
1451 3274 1559 3308 ἑαυτὴν
1586 3273 1703 3302 ἐναντία
1727 3272 1825 3309 ἐστίν,
1852 3267 2076 3310 supplevimus
2103 3281 2119 3301 (⁸

1112 3325 1221 3358 Codd.
1236 3327 1272 3359 Β.
1291 3325 1329 3357 C.
1343 3326 1383 3356 D.
1400 3331 1432 3355 et
1451 3332 1555 3364 marg.
1571 3319 1698 3352 savini.
1716 3321 1801 3352 Nam
1817 3328 1931 3353 carent
1945 3320 1983 3354 iis
1999 3320 2120 3364 Editi]

1160 3378 1171 3397 ‘¹
1188 3376 1301 3410 Morcl.
1321 3377 1367 3418 [et
1384 3375 1442 3416 D.]
1456 3378 1575 3408 πλείονα
1591 3379 1678 3409 ποιεῖς
