2502 3810
766 237 809 265 IN
846 234 988 266 EPIST.
1028 232 1087 262 AD
1123 232 1231 262 ROM.

2088 217 2146 264 52

2155 218 2181 263 5

1271 233 1425 263 HOMIL.
1468 235 1530 265 VI.

114 330 166 357 νες
185 314 275 365 γὰρ,
302 314 419 366 φησὶν,
448 313 663 364 ἀπεθάνομεν
690 316 732 366 τῇ
765 315 945 368 ἁμαρτίᾳ,
973 317 1047 357 πῶς
1076 313 1128 350 ἔτι
1151 316 1174 345 Β
1202 316 1342 350 mortui
1373 327 1502 352 sumus
1518 322 1690 366 peccam,
1717 315 1903 365 quomodo
1926 313 2048 351 adhuc
2075 316 2116 351 in
2139 328 2183 352 eo

112 375 259 425 ζήσομεν
282 377 315 413 ἐν
333 377 440 425 αὐτῇς

163 436 243 472 Τῶν
276 434 338 485 μὲν
372 429 428 472 οὐν
452 433 631 480 Ἑλλήνων
666 434 813 477 εὐκόλως
845 433 1078 487 κατέδραμεν·
1110 436 1128 471 ὃ

111 494 177 547 γὰρ
198 494 269 545 βίος
299 497 409 532 αὐτῶν
425 494 556 546 σφόδρα
575 495 774 546 διέφθαρτο·
798 498 866 532 τῶν
896 494 930 532 δὲ
950 494 1127 532 Ἰουδαίων

111 572 141 594 ει
159 556 218 593 και
239 558 255 593 ὁ
282 555 353 606 βίος
376 555 486 594 ἐδόκει
516 558 807 607 παρημελησθοιι,
828 557 903 594 ἀλλ’
933 551 973 603 ἦν
994 571 1126 606 προκα-

111 616 278 667 λυμματα
299 616 427 654 τούτων
450 633 493 666 με
495 616 604 667 γάλα,
628 617 730 660 νόμος
759 616 818 654 καὶ
846 617 1038 669 περιτομὴ,
1070 615 1129 653 καὶ

112 676 150 713 τὸ
168 676 225 714 τὸν
242 677 329 715 Θεὸν
352 679 465 720 αὐτοῖς
491 676 727 726 ὡμιληκέναι,
750 692 809 714 και
829 676 868 714 τὸ
886 676 1026 715 πάντων
1043 680 1128 713 εἶναι

112 736 348 780 διδασκάλους.
365 737 432 775 Διὰ
447 753 546 776 τουτο
565 737 624 775 καὶ
643 736 770 775 τούτων
792 735 914 780 αὐτους
934 736 1128 787 ε’γυμνωσε,

113 797 172 834 καὶ
196 799 325 846 μᾶλλον
348 797 471 841 ἔδειξεν
488 800 526 835 ἐκ
541 796 669 835 τούτων
689 796 957 846 κολαζομένους,
979 798 1024 838 εἷς
1039 796 1056 834 ὃ
1071 795 1130 833 καὶ

115 859 258 894 ἐνταῦθα
289 856 346 893 τὸν
377 858 477 907 λόγον
498 857 723 895 συνέκλεισεν.
745 858 788 893 Εἰ
806 855 872 907 γὰρ
902 855 950 906 μὴ
971 855 1130 898 κολάζον-

113 932 189 962 ται,
206 916 306 967 φησὶ,
329 920 471 954 τοιαῦτα
487 920 680 961 ποιοῦντες,
699 915 831 964 ἀνάγκη
849 915 906 952 τὸν
925 913 1128 965 βλάσφημον

114 978 239 1013 ἐκεῖνον
259 976 502 1029 περιφέρεσθαι
520 975 632 1026 λόγον,
651 975 707 1021 τὸ,
729 974 937 1023 Ποιήσωμεν
957 973 1000 1010 τὰ
1013 973 1107 1011 κακὰ
1120 1000 1129 1017 ,

111 1036 166 1073 ἵνα
183 1037 262 1088 ἔλθῃ
286 1037 330 1074 τὰ
345 1036 469 1086 ἀγαθά.
487 1038 531 1073 Εἰ
554 1036 588 1073 δὲ
604 1039 704 1073 τοῦτο
722 1034 862 1081 ἀσεὸὲς,
883 1034 942 1072 καὶ
960 1035 990 1072 οἱ
1011 1034 1128 1084 λέγον-

111 1112 166 1139 τες
190 1097 272 1133 αὐτὸ
301 1096 398 1141 δίκην
416 1095 562 1133 δώσουσι
581 1098 705 1141 (τοῦτο
725 1095 792 1146 γὰρ
812 1095 983 1141 ἐδήλωσεν
1008 1094 1127 1142 εἰπὼν,

110 1149 176 1193 ῗΩν
195 1156 234 1193 τὸ
254 1155 363 1206 κρίμα
381 1154 509 1192 ἔνδικόν
533 1157 623 1193 ἐστιν
636 1159 666 1203 ),
682 1155 823 1208 εὔδηλον
843 1155 895 1192 ὅτι
911 1155 1127 1198 κολάζονται.

110 1218 154 1254 Εἰ
182 1215 249 1269 γὰρ
275 1218 305 1253 οἱ
329 1215 502 1265 λέγοντες,
525 1214 696 1266 τιμωρίας
716 1214 822 1263 ἄξιοι,
857 1217 976 1267 πολλῷ
997 1217 1127 1265 μᾶλλον

109 1279 141 1314 οἱ
169 1276 398 1327 πράσσοντες·
424 1277 452 1313 εἰ
472 1274 506 1313 δὲ
527 1274 614 1319 ἄξιοι
632 1275 826 1326 τιμωρίας,
856 1278 903 1318 ὡς
924 1275 1129 1327 ἡμαρτηκό-

109 1353 163 1380 τες
179 1337 278 1381 ἄξιοι.
301 1338 353 1374 Οὐ
376 1335 443 1387 γὰρ
464 1336 643 1388 ἄνθρωπός
665 1338 756 1374 ἐστιν
776 1340 793 1374 ὃ
812 1336 981 1384 κολάζων,
995 1336 1051 1373 ἵνα
1070 1336 1129 1374 καί

111 1413 162 1440 τις
195 1396 393 1447 ὑποπτεύσῃ
421 1395 484 1442 τὴν
515 1399 640 1448 ψῆφον,
675 1398 751 1435 ἀλλ’
781 1400 805 1434 ὃ
821 1397 909 1440 Θεὸς
940 1400 957 1435 ὃ
988 1396 1130 1440 δικαίως

110 1457 224 1496 πάντα
254 1459 372 1496 ποιῶν.
408 1459 453 1495 Εἰ
479 1456 514 1494 δὲ
548 1456 689 1500 δικαίως
720 1461 972 1510 τιμωροῦνται,
1003 1457 1130 1501 ἀδίκως

110 1521 223 1557 ἐκεῖνοι
256 1517 385 1569 ἔλεγον,
418 1518 506 1569 ἅπερ
539 1516 654 1568 ἔλεγον
680 1520 710 1555 οἱ
737 1519 984 1570 κωμῳδοῦντες
1013 1522 1129 1568 ἡμᾶς·

111 1579 225 1616 πάντα
245 1578 312 1630 γὰρ
328 1582 345 1616 ὃ
360 1577 447 1620 Θεὸς
466 1576 592 1628 ἔπραξε
608 1576 667 1614 καὶ
683 1577 852 1630 πράττει,
873 1578 962 1616 ὥστε
980 1578 1043 1625 τὴν
1063 1593 1131 1617 πο-

111 1639 242 1676 λιτείαν
256 1641 356 1687 ἡμῶν
375 1637 583 1687 διαλάμπειν
598 1637 656 1675 καὶ
672 1640 854 1689 ὀρθοῦσθαι
872 1639 1051 1677 πάντοθεν.
1068 1639 1129 1686 Μὴ

111 1698 223 1736 τοίνυν
246 1701 451 1750 ῥᾳθυμῶμεν
464 1712 471 1720 ·
489 1697 578 1735 οὕτω
598 1698 665 1751 γὰρ
681 1698 740 1736 καὶ
760 1698 836 1741 τοὺς
849 1697 1027 1744 ςΈλληνας
1043 1701 1132 1737 ἀπο-

111 1761 240 1803 στῆσαι
260 1758 477 1808 δυνησόμεθα
497 1761 559 1804 τῆς
577 1758 722 1804 πλάνης.
742 1757 857 1797 “Οταν
878 1758 913 1796 δὲ
934 1761 967 1797 ἐν
984 1758 1046 1809 μὲν
1066 1759 1132 1811 ῥή-

113 1835 198 1869 μασι
220 1820 473 1870 φιλοσοφῶμεν,
493 1821 527 1856 ἐν
546 1819 581 1856 δὲ
601 1818 712 1870 ἔργοις
732 1821 1002 1870 ἀσχημονῶμεν,
1022 1819 1132 1863 ποίοις

111 1881 299 1931 ὀφθαλμοῖς
318 1877 439 1921 αὐτοὺς
460 1878 632 1929 ὀψόμεθα,
661 1878 769 1922 ποίοις
796 1878 947 1928 στόμασι
976 1879 1133 1923 διαλεξό-

113 1943 200 1989 μεθα
219 1939 298 1990 περὶ
323 1938 523 1990 δογμάτων;
546 1938 641 1990 Ἔρεῖ
657 1938 724 1991 γὰρ
749 1939 833 1991 πρὸς
853 1938 996 1977 ἕκαστον
1013 1942 1132 2015 ἡμῶν·

111 2004 129 2037 ὃ
151 2016 188 2037 το
218 1999 360 2037 ἔλαττον
387 1999 434 2050 μὴ
465 1999 726 2050 κατωρθωκως,
745 2004 819 2043 πῶς
839 2000 944 2044 ἀξιοῖς
974 2016 1053 2051 περι
1073 2005 1132 2038 τοῦ

113 2059 264 2109 μείζονος
298 2059 488 2106 διδάσκειν,
507 2062 523 2097 ὅ
548 2059 695 2110 μηδέπω
722 2059 893 2111 μαθὼν,”
872 2077 925 2099 οτι
953 2060 1132 2105 πλεονεξία

112 2137 232 2165 κακον,
247 2137 321 2163 πως
336 2121 415 2171 περὶ
436 2136 503 2157 των
519 2123 552 2158 ἐν
571 2127 640 2164 τοῖς
663 2124 816 2172 οὐρανοῖς
843 2121 1060 2174 πραγμάτων
1077 2138 1131 2173 φι-

112 2180 391 2230 λοσοφεῐς;Ἀλλ’
418 2174 527 2227 οἶδας,
549 2180 602 2218 ὅτι
630 2181 755 2228 κακόν,
786 2184 920 2219 Οὐκοῦν
951 2184 1063 2231 μεῖζον
1092 2182 1131 2219 τὸ

111 2238 290 2289 ἔγκλημα,
312 2240 363 2277 ὅτι
381 2241 440 2278 καὶ
459 2240 556 2284 εἰδὼς
575 2243 803 2291 πλημμελεῐς.
821 2241 893 2278 Καὶ
908 2241 943 2278 τί
960 2241 1051 2293 λέγω
1073 2241 1129 2278 τὸν

110 2299 290 2347 ἽΞλληνα,
311 2301 402 2339 Οὐδὲ
422 2301 490 2353 γὰρ
510 2303 540 2340 οἷ
559 2304 643 2353 παρ’
663 2305 746 2351 ἡμῖν
767 2302 866 2352 νόμοι
892 2305 1129 2353 συγχωροῦσιν

109 2363 192 2410 ἡμῖν
213 2361 341 2407 ταύτης
370 2361 556 2399 ἀπολαύειν
590 2364 652 2408 τῆς
685 2361 898 2413 παρρησίας,
921 2361 1000 2399 ὅταν
1021 2365 1038 2399 ὃ
1060 2361 1131 2413 βίος

108 2423 207 2471 ἡμῶν
229 2422 472 2473 διεφθαρμένος
491 2417 526 2474 ᾗ.
546 2425 608 2474 Τῷ
624 2422 690 2474 γὰρ
706 2423 905 2474 ἁμαρτωλῷ
919 2452 928 2469 ,
952 2422 1067 2474 φησὶν,
1089 2417 1132 2460 εἷ-

110 2496 171 2518 πεν
189 2485 206 2518 ὁ
226 2482 330 2525 Θεός·
351 2481 429 2520 Ἵνα
454 2482 488 2520 τί
516 2482 556 2521 σὺ
577 2484 720 2534 ἐκδιηγῇ
741 2483 785 2520 τὰ
804 2481 1025 2533 δικαιώματά
1047 2499 1130 2533 μου,

111 2541 371 2593 Ἁπηνέχθησάν
399 2558 483 2580 ποτε
515 2543 735 2594 αἰχμάλιιποι
760 2543 940 2590 Ἰουδαῖοι,
971 2543 1031 2582 καὶ
1060 2546 1128 2582 τῶν

110 2602 254 2651 Περσῶν
280 2602 504 2651 ἐπικειμένων
524 2603 583 2641 καὶ
605 2602 791 2646 ἀξιούντων
817 2604 909 2655 ᾄδειν
930 2605 1045 2647 αὐτοῖς
1067 2604 1131 2647 τὰς

111 2660 200 2703 θείας
231 2661 320 2713 ᾠδὰς
345 2662 496 2710 ἐκείνας,
527 2662 660 2713 ἔλεγον·
679 2665 761 2706 Πῶς
795 2663 922 2716 ᾄσομεν
941 2664 1003 2710 τὴν
1036 2664 1130 2716 ᾠδὴν

109 2721 233 2772 Κυρίου
262 2721 319 2759 ἐπὶ
338 2726 401 2773 γῆς
427 2722 628 2774 ἀλλοτρίας;
651 2724 696 2761 Εἰ
723 2722 758 2761 δὲ
779 2725 813 2761 ἐν
833 2724 1000 2776 βαρὸάρῳ
1019 2727 1063 2776 γῇ
1086 2724 1130 2764 τὰ

108 2781 206 2831 λόγιοι
222 2786 280 2819 τοῦ
300 2784 391 2821 Θεοῦ
405 2783 502 2833 θέμις
522 2785 582 2820 οὐκ
601 2777 642 2829 ἦν
659 2783 766 2835 ᾄδειν,
783 2786 900 2836 πολλῷ
916 2786 1046 2835 μᾶλλον
1066 2784 1128 2832 τὴν

111 2841 284 2892 βάρέαρον
298 2842 436 2894 ‹boz-6513
455 2843 628 2896 βάρὸαρος
655 2843 723 2896 γάρ
743 2845 836 2882 ἔστιν
850 2847 872 2890 ἡ
900 2845 1046 2892 ἀνηλεὴς
1065 2847 1130 2896 ψυ-

109 2917 168 2953 [⁷]-
191 2903 232 2939 E}
248 2902 314 2953 γὰρ
330 2902 406 2946 τοὺς
424 2903 667 2955 αἰχμαλώτους
689 2904 805 2952 ὄντας,
822 2904 881 2942 καὶ
902 2905 1040 2949 δούλους
1063 2907 1128 2942 ἀν-

110 2962 254 3011 θρώπων
273 2964 306 2999 ἐν
335 2964 499 3018 ἀλλοτρία
522 2966 566 3015 γῇ
589 2964 790 3016 γενομένους
811 2968 828 3003 ὃ
848 2964 950 3016 νόμος
973 2966 1128 3004 ἐκάθισεν

111 3024 144 3058 ἐν
161 3026 258 3072 σιγῇ·
278 3025 396 3060 πολλω
417 3026 550 3074 μᾶλλον
567 3041 644 3068 τους
664 3025 835 3068 δούλους
817 3041 916 3069 οντας
932 3029 995 3072 τ’ἦς
1015 3027 1130 3099 ἁμαρ-

112 3080 186 3123 τίας
204 3097 262 3119 και
293 3098 326 3120 εν
356 3063 521 3136 ἀλλοτρίᾳ
542 3084 700 3123 πολιτεία
721 3085 923 3136 γενομένους
942 3085 1128 3135 ἐπιστομί-

112 3143 261 3184 ζεσθαι
243 3142 384 3181 δίκαιον.
411 3144 534 3182 Καίτοι
550 3145 608 3182 καὶ
627 3145 670 3183 τὰ
689 3146 819 3197 ὄργανα
835 3150 927 3198 εἶχον
946 3146 1023 3183 τότε
1043 3147 1130 3183 ἐκεῖ·

114 3217 179 3238 νοι·
200 3202 261 3239 Fu
281 3202 348 3254 γὰρ
370 3210 444 3246 ταῖς
464 3204 569 3248 ἶτέαις
585 3221 618 3244 εν
633 3205 729 3257 μέσῳ
748 3208 853 3253 αὐτῆς
868 3237 877 3254 ,
894 3222 1011 3258 φησιν,
1034 3208 1130 3259 ἐκρε-

115 3262 275 3310 μάσαμεν
296 3262 338 3298 τὰ
348 3263 477 3315 ὄργανα
495 3267 607 3314 ἡμῶν·
624 3268 699 3303 ἀλλ’
717 3265 791 3305 οὐδὲ
806 3266 912 3309 οὕτως
931 3265 1020 3312 ἐξῆν.
1035 3268 1130 3304 Οὐκ-

115 3327 170 3358 οῦν
201 3321 275 3358 οὐδὲ
293 3325 389 3371 ἡμῖν,
410 3322 471 3359 κᾶν
496 3323 608 3373 στόμα
622 3325 756 3377 ἔχωμεν
773 3326 832 3363 καὶ
853 3328 1024 3377 γλῶτταν,
1042 3327 1131 3377 ἅπερ

117 3381 206 3418 ἐστὶν
229 3382 356 3432 ὄργανα
376 3387 433 3420 τοῦ
453 3383 575 3433 λόγου,
597 3384 693 3434 θέμις
722 3386 1038 3436 παρρησιάζεσθαι,
1070 3387 1131 3429 ἕως

1143 3002 1188 3026 [181

1166 1064 1177 1075 1
1201 1037 1414 1073 Faciamus
1446 1036 1565 1081 mala,
1594 1044 1636 1073 ut
1666 1039 1830 1074 veniant
1859 1038 1972 1074 bona.
1996 1037 2036 1075 Si
2066 1046 2182 1074 autem

1200 375 1401 412 vivemus?

1255 435 1291 472 6.
1313 434 1353 470 Iu
1373 433 1521 484 gentiles
1539 447 1622 485 ergo
1640 434 1743 472 facilc
1766 434 1925 472 invectus
1944 443 2017 482 est;
2039 434 2183 471 illorum

1201 493 1332 545 quippe
1351 508 1373 532 v
1366 494 1425 531 ita
1454 493 1649 532 admodum
1667 502 1830 546 coxrupta
1850 503 1951 532 erat:
1978 494 2183 534 Judaeorum

1201 568 1296 603 1610,
1316 554 1378 593 etsi
1398 555 1472 593 vita
1492 555 1650 606 neglecta
1665 555 1860 605 viduetur,
1882 564 1916 593 at
1935 555 2007 593 illis
2028 556 2182 606 tegmina

1200 623 1299 651 erant
1329 628 1469 666 magna,
1498 584 1555 652 lex
1578 624 1611 652 et
1638 615 1881 664 circumcisio,
1912 624 1945 653 et
1969 616 2067 666 quod
2086 617 2183 654 Deus

1203 687 1283 711 cum
1313 674 1385 712 illis
1415 685 1575 713 v·e1satus
1593 685 1626 713 et
1647 676 1871 725 colloquutus
1900 685 1998 725 esset,
2018 676 2183 726 quodque

1203 734 1362 771 omnium
1382 744 1494 772 essent
1513 735 1684 774 doctores.
1703 735 1787 773 Ideo
1804 736 1876 774 illis
1894 737 1969 774 liaec
1986 737 2182 775 velamenta

1203 795 1361 844 abstulit,
1384 804 1416 833 et
1439 795 1519 833 illos
1536 795 1648 846 magis
1666 809 1705 832 ea
1728 795 1772 832 de
1791 809 1895 834 causa
1913 797 2017 848 plecti
2036 798 2182 835 demon-

1203 856 1342 903 stravit,
1362 870 1431 905 qua
1451 855 1487 893 in
1503 870 1540 893 re
1554 856 1614 893 hic
1631 869 1826 893 sermonem
1844 857 2026 895 conclusit.
2047 859 2138 895 Nam
2153 858 2182 895 si

1200 915 1333 952 talibus
1352 915 1513 966 patratis,
1550 915 1679 965 inquit,
1709 929 1775 953 non
1797 917 2018 968 puniuntur,
2047 932 2183 956 necesse

1201 985 1264 1022 est,
1292 984 1332 1012 ut
1351 975 1598 1027 blasphemum
1619 975 1713 1013 illud
1731 975 1869 1013 dictum
1890 976 2157 1015 circumferatur
2174 994 2181 1014 ε

2252 1042 2382 1080 Impium

1200 1095 1292 1133 illud
1320 1095 1471 1148 impium
1494 1105 1559 1146 est7
1590 1106 1625 1133 et
1651 1096 1681 1134 si
1704 1097 1767 1147 qui
1792 1097 1886 1135 illud
1914 1097 2040 1136 dicunt
2060 1113 2181 1151 poenas
2195 1085 2384 1153 cdflcntxffig‘a‘-

1199 1156 1335 1194 dabunt
1357 1156 1417 1205 (id
1439 1157 1534 1195 enim
1555 1157 1752 1198 declaravit
1774 1158 1831 1196 his
1853 1159 1985 1208 verbis,
2013 1161 2182 1210 Quorum
2197 1167 2241 1198 la,
2256 1172 2287 1193 nt
2316 1176 2381 1192 eve-

1201 1220 1403 1255 damnatio
1425 1221 1537 1270 justa
1567 1223 1679 1267 est);
1710 1220 1829 1271 palam
1866 1229 1917 1258 est
1942 1221 2023 1259 illos
2048 1222 2181 1273 puniri.
2198 1207 2382 1235 '¹¹‘¹'²²I'⁰'¹“'

1200 1279 1291 1316 Nam
1307 1279 1336 1316 si
1352 1278 1414 1329 qui
1428 1279 1495 1316 hoc
1509 1278 1635 1317 dicunt
1649 1280 1826 1332 supplicio
1840 1280 1942 1332 digni
1957 1291 2052 1332 sunt,
2070 1284 2184 1321 multo

1200 1341 1314 1391 magis
1347 1341 1409 1392 qui
1441 1341 1574 1380 faciunt
1593 1357 1601 1378 :
1625 1341 1655 1380 si
1688 1352 1806 1381 autem
1842 1345 2017 1397 supplicio
2055 1345 2182 1397 digni,

1201 1403 1324 1454 utique
1350 1404 1446 1455 quod
1471 1405 1705 1457 peccaverint.
1740 1407 1862 1457 Neque
1888 1408 1982 1445 enim
2000 1409 2106 1446 homo
2132 1418 2184 1446 est

1200 1463 1263 1513 qui
1282 1464 1398 1516 punit,
1418 1473 1456 1502 ut
1475 1465 1616 1515 quisde
1633 1465 1761 1503 calculi
1777 1467 1925 1505 veritate
1942 1468 2081 1507 dubitet
2096 1486 2106 1518 3
2123 1470 2184 1508 sed

1201 1525 1312 1574 Deus,
1333 1524 1395 1575 qui
1410 1524 1528 1563 omnia
1542 1526 1637 1577 juste
1649 1526 1746 1565 facit.
1764 1526 1803 1565 Si
1817 1542 1901 1566 vero
1913 1529 2009 1580 juste
2029 1531 2185 1581 puniun-

1201 1592 1273 1633 tur,
1306 1585 1436 1636 injuste
1464 1585 1519 1622 illi
1545 1599 1651 1637 supra
1678 1597 1871 1626 memorata
1898 1588 2089 1639 dicebant,
2122 1605 2185 1629 nos

1201 1644 1450 1682 traducentes:
1470 1645 1587 1683 01111113
1616 1646 1709 1684 enim
1734 1649 1831 1685 Deus
1849 1648 1999 1687 faciebat
2025 1651 2179 1698 etfacit,

1203 1713 1242 1742 ut
1267 1704 1349 1742 vitae
1374 1705 1577 1743 institutum
1602 1715 1764 1744 nostrum
1783 1707 1955 1746 elucescat
1975 1719 2008 1747 et
2027 1711 2186 1761 undique

1202 1773 1338 1802 lectum
1354 1765 1410 1803 sit.
1430 1767 1482 1803 Ne
1501 1765 1620 1815 itaque
1643 1767 1764 1817 ignavi
1778 1767 1912 1819 simus3
1929 1768 1977 1807 ita
1992 1770 2086 1808 enim
2100 1784 2185 1822 gen-

1202 1826 1280 1864 tiles
1298 1827 1494 1878 poteiimus
1512 1827 1557 1864 ab
1576 1842 1691 1866 errme
1706 1843 1897 1869 removere.
1913 1832 2004 1869 Nam
2019 1832 2049 1870 si
2067 1834 2184 1872 veibis

1201 1889 1510 1940 philosophemur,
1528 1898 1561 1927 et
1576 1890 1743 1941 operibus
1763 1892 1914 1944 turpiter
1927 1907 2085 1945 agamus,
2104 1896 2184 1946 qui-

1201 1950 1269 1987 bus
1287 1950 1399 1988 oculis
1414 1950 1509 2002 ipsos
1528 1951 1783 2002 respiciemus?
1805 1967 1875 2003 quo
1893 1968 1952 1991 ore
1977 1954 2022 1992 de
2039 1955 2184 2007 dogma-

1202 2010 1298 2048 tibus
1313 2010 1603 2063 disputabimus?
1619 2011 1721 2050 Dicet
1734 2013 1828 2050 enim
1842 2013 1992 2065 singulis
2007 2026 2183 2054 nostrum:

1203 2070 1276 2116 Qui
1304 2085 1346 2108 ne
1379 2071 1568 2110 minimum
1596 2072 1741 2123 quidem
1768 2087 1857 2125 opus
1884 2074 2018 2113 bonum
2041 2077 2180 2123 fecisti,

1201 2131 1378 2182 quomodo
1394 2133 1501 2170 audes
1519 2132 1563 2170 de
1590 2134 1714 2185 majori
1737 2134 1905 2173 erudire?
1935 2137 1996 2186 qui
2025 2138 2184 2176 nondum

1201 2191 1360 2229 didicisti
1372 2193 1559 2230 avaritiam
1571 2207 1644 2231 csse
1658 2193 1805 2242 malum,
1823 2195 2000 2244 quomodo
2020 2198 2064 2235 de
2084 2199 2184 2236 63616-

1200 2252 1314 2289 stibus
1334 2252 1625 2304 philosopharis?
1647 2255 1692 2290 At
1710 2253 1844 2291 malum
1861 2268 1935 2293 6556
1952 2257 2070 2294 nosti?
2089 2258 2185 2309 Ergo

1202 2315 1316 2366 majus
1346 2314 1478 2351 crimen
1513 2323 1575 2363 est,
1612 2315 1694 2365 quia
1722 2329 1852 2367 gnarus
1881 2331 2016 2368 peccas.
2044 2319 2186 2370 Ecquid

1201 2375 1368 2425 gentilem
1398 2374 1504 2412 dico?
1524 2376 1646 2426 Neque
1668 2375 1762 2413 enim
1791 2377 1888 2428 leges
1911 2387 2038 2416 nostrae
2067 2379 2187 2418 sinunt

1200 2449 1263 2472 1105
1289 2435 1360 2472 frui
1384 2435 1451 2472 1130
1477 2435 1619 2473 dicendi
1638 2435 1821 2485 libertate,
1851 2438 1992 2488 quando
2013 2439 2088 2478 vita
2123 2454 2186 2478 no-

1200 2503 1272 2532 5113
1297 2503 1466 2546 cor1upta
1500 2504 1583 2534 est:
1609 2496 1700 2533 Nam
1731 2495 1795 2534 ait.
1828 2498 2032 2536 Peccatori
2057 2509 2185 2538 autem
2200 2520 2288 2547 Psal
2310 2517 2361 2557 49

1200 2557 1300 2593 dixit
1320 2557 1454 2593 Deus:
1474 2556 1601 2605 Quare
1618 2564 1659 2592 tu
1681 2569 1842 2594 enarras
1854 2559 2031 2608 justitias
2054 2565 2186 2598 meas?
2205 2559 2250 2590 ¹⁶-

1200 2617 1316 2657 Judaei
1331 2617 1477 2655 abducti
1498 2626 1580 2655 sunt
1602 2617 1794 2667 aliquando
1811 2619 1955 2670 captivi,
1977 2621 2185 2660 6111151311ῑί-

1200 2679 1267 2716 bus
1286 2678 1565 2728 rogantibusque
1584 2678 1714 2728 Persis,
1746 2687 1785 2715 ut
1811 2679 1870 2716 illa
1897 2680 2019 2719 divina
2050 2683 2184 2720 cantica

1201 2744 1374 2783 canerent,
1389 2734 1555 2771 dicebant
1569 2749 1576 2771 :
1593 2736 1791 2784 Quomodo
1805 2740 2047 2776 cantabimus
2060 2743 2184 2777 canti-
2199 2761 2285 2789 Psal.
2317 2760 2384 2789 136.

1199 2810 1286 2833 cum
1305 2796 1468 2832 Domini
1487 2797 1527 2831 in
1548 2803 1651 2832 terra
1680 2796 1812 2832 aliena
1826 2800 1843 2832 P
1867 2797 1973 2844 Quod
1995 2798 2023 2835 si
2043 2798 2078 2836 in
2098 2800 2179 2837 bar-
2197 2808 2228 2841 lf-

1199 2856 1368 2893 berorum
1387 2864 1478 2892 terra
1498 2868 1567 2891 non
1584 2854 1712 2892 licebat
1729 2855 1867 2905 eloquia
1886 2857 2031 2895 Domini
2048 2873 2184 2908 canere,

1200 2925 1331 2968 quanto
1353 2916 1470 2953 minus
1502 2915 1631 2953 licebat
1658 2916 1783 2953 animae
1812 2917 2004 2956 barbarae?
2033 2920 2185 2958 barbara

1200 2979 1295 3016 enim
1319 2987 1369 3016 est
1385 2977 1637 3015 immisericors
1656 2977 1784 3015 anima.
1812 2978 1851 3015 Si
1868 2979 1961 3017 enim
1978 2982 2136 3033 captivos
2152 2992 2186 3019 et

1201 3054 1319 3079 servos
1352 3039 1538 3076 hominum
1570 3037 1605 3075 in
1631 3038 1746 3074 aliena
1776 3046 1868 3076 terra
1892 3039 1951 3077 lex
1981 3040 2018 3077 in
2046 3042 2187 3081 silentio

1201 3099 1321 3136 sedere
1335 3097 1468 3149 jussit;
1496 3096 1609 3134 multo
1640 3096 1754 3146 magis
1781 3110 1900 3135 servos
1922 3099 2069 3149 peccati,
2094 3108 2127 3137 et
2150 3100 2186 3137 in

1200 3155 1314 3193 alieno
1346 3155 1429 3193 vitae
1450 3154 1612 3191 instituto
1643 3162 1835 3199 versantes,
1870 3168 1908 3192 os
1940 3156 2102 3195 claudere
2125 3172 2188 3209 par

1202 3223 1263 3251 est.
1286 3213 1392 3262 Atqui
1413 3221 1445 3250 et
1463 3225 1594 3262 organa
1617 3220 1703 3248 tunc
1735 3212 1789 3248 illi
1808 3212 2009 3251 habebant:
2028 3229 2110 3253 nam
2138 3219 2188 3254 In
2203 3231 2290 3259 Psal.
2320 3228 2385 3259 136.

1202 3272 1386 3308 salicibus
1410 3272 1451 3306 in
1477 3270 1601 3306 medio
1626 3270 1720 3320 ejuS,
1746 3268 1883 3319 inquit,
1919 3274 2186 3323 suspendimus
2204 3280 2232 3299 2·

1204 3342 1351 3380 organa
1377 3335 1509 3365 nostra
1523 3343 1537 3371 ,-
1573 3325 1633 3364 sed
1666 3340 1779 3377 neque
1811 3327 1858 3364 ita
1899 3327 2040 3368 licebat.
2076 3331 2191 3383 Igitur

1207 3401 1317 3435 neque
1351 3385 1466 3435 nobis,
1494 3385 1557 3423 etsi
1592 3395 1624 3423 ct
1655 3399 1691 3423 os
1722 3386 1913 3425 habeamus
1939 3397 1971 3426 ct
2004 3389 2190 3441 linguam,
