<?xml version="1.0" encoding="UTF-8"?>
<!DOCTYPE html PUBLIC "-//W3C//DTD XHTML 1.0 Transitional//EN"
    "http://www.w3.org/TR/xhtml1/DTD/xhtml1-transitional.dtd">
<html xmlns="http://www.w3.org/1999/xhtml" xml:lang="en" lang="en">
 <head>
  <title>
</title>
<meta http-equiv="Content-Type" content="text/html;charset=utf-8" />
  <meta name='ocr-system' content='tesseract 3.04.00' />
  <meta name='ocr-capabilities' content='ocr_page ocr_carea ocr_par ocr_line ocrx_word'/>
</head>
<body>
  <div class='ocr_page' id='page_1' title='image "./operaomniaquaeex09johnuoft/operaomniaquaeex09johnuoft_0165.png"; bbox 0 0 2466 3805; ppageno 0'>
   <div class='ocr_carea' id='block_1_1' title="bbox 651 240 1220 271">
    <p class='ocr_par' dir='ltr' id='par_1_1' title="bbox 651 240 1220 271">
     <span class='ocr_line' id='line_1_1' title="bbox 651 240 1220 271; baseline -0.004 -1"><span class='ocrx_word' id='word_1_1' title='bbox 651 241 692 270; x_wconf 82' lang='lat' dir='ltr'><strong>IN</strong></span> <span class='ocrx_word' id='word_1_2' title='bbox 731 241 846 271; x_wconf 74' lang='lat' dir='ltr'><strong>ACTA</strong></span> <span class='ocrx_word' id='word_1_3' title='bbox 882 240 1220 271; x_wconf 77' lang='lat' dir='ltr'>APOSTOLORUM.</span> 
     </span>
    </p>
   </div>
   <div class='ocr_carea' id='block_1_2' title="bbox 1259 240 1549 272">
    <p class='ocr_par' dir='ltr' id='par_1_2' title="bbox 1259 240 1549 272">
     <span class='ocr_line' id='line_1_2' title="bbox 1259 240 1549 272; baseline 0.007 -2"><span class='ocrx_word' id='word_1_4' title='bbox 1259 240 1417 272; x_wconf 78' lang='lat' dir='ltr'><strong>HOMtL.</strong></span> <span class='ocrx_word' id='word_1_5' title='bbox 1454 242 1549 272; x_wconf 85' lang='lat' dir='ltr'><strong>XVI.</strong></span> 
     </span>
    </p>
   </div>
   <div class='ocr_carea' id='block_1_3' title="bbox 2056 230 2139 289">
    <p class='ocr_par' dir='ltr' id='par_1_3' title="bbox 2056 230 2139 289">
     <span class='ocr_line' id='line_1_3' title="bbox 2056 230 2139 289; baseline 0.036 -3"><span class='ocrx_word' id='word_1_6' title='bbox 2056 230 2139 289; x_wconf 74' lang='lat'><strong>147</strong></span> 
     </span>
    </p>
   </div>
   <div class='ocr_carea' id='block_1_4' title="bbox 74 320 2145 375">
    <p class='ocr_par' dir='ltr' id='par_1_4' title="bbox 74 320 2145 375">
     <span class='ocr_line' id='line_1_4' title="bbox 74 320 2145 375; baseline 0.001 -16"><span class='ocrx_word' id='word_1_7' title='bbox 74 335 153 371; x_wconf 81' lang='grc' dir='ltr'>μοι,</span> <span class='ocrx_word' id='word_1_8' title='bbox 168 322 281 374; x_wconf 82' lang='grc' dir='ltr'>ἰατρὸς</span> <span class='ocrx_word' id='word_1_9' title='bbox 294 320 472 374; x_wconf 79' lang='grc' dir='ltr'>πορεύοιτο</span> <span class='ocrx_word' id='word_1_10' title='bbox 486 322 599 374; x_wconf 84' lang='grc' dir='ltr'>ἕτερον</span> <span class='ocrx_word' id='word_1_11' title='bbox 615 321 831 373; x_wconf 78' lang='grc' dir='ltr'>θεραπεύειν,</span> <span class='ocrx_word' id='word_1_12' title='bbox 847 323 1010 375; x_wconf 88' lang='grc' dir='ltr'>πρότερον</span> <span class='ocrx_word' id='word_1_13' title='bbox 1027 321 1089 368; x_wconf 79' lang='grc' dir='ltr'><strong>τὴν</strong></span> <span class='ocrx_word' id='word_1_14' title='bbox 1115 324 1140 355; x_wconf 87' lang='lat' dir='ltr'><strong>E</strong></span> <span class='ocrx_word' id='word_1_15' title='bbox 1164 320 1322 359; x_wconf 85' lang='lat' dir='ltr'><strong>medicus</strong></span> <span class='ocrx_word' id='word_1_16' title='bbox 1343 330 1393 360; x_wconf 90' lang='lat' dir='ltr'><strong>est</strong></span> <span class='ocrx_word' id='word_1_17' title='bbox 1418 323 1606 374; x_wconf 85' lang='lat' dir='ltr'><strong>peccantis,</strong></span> <span class='ocrx_word' id='word_1_18' title='bbox 1620 323 1798 374; x_wconf 91' lang='lat' dir='ltr'><strong>quomodo</strong></span> <span class='ocrx_word' id='word_1_19' title='bbox 1820 323 1931 375; x_wconf 82' lang='lat' dir='ltr'>possit</span> <span class='ocrx_word' id='word_1_20' title='bbox 1958 324 2069 362; x_wconf 86' lang='lat' dir='ltr'><strong>alium</strong></span> <span class='ocrx_word' id='word_1_21' title='bbox 2085 337 2145 362; x_wconf 89' lang='lat' dir='ltr'><strong>cu·</strong></span> 
     </span>
    </p>
   </div>
   <div class='ocr_carea' id='block_1_5' title="bbox 74 382 1096 915">
    <p class='ocr_par' dir='ltr' id='par_1_5' title="bbox 74 382 1096 915">
     <span class='ocr_line' id='line_1_5' title="bbox 74 382 1092 436; baseline -0.001 -16"><span class='ocrx_word' id='word_1_22' title='bbox 74 389 177 436; x_wconf 80' lang='grc' dir='ltr'><strong>χεῖρα</strong></span> <span class='ocrx_word' id='word_1_23' title='bbox 190 382 428 435; x_wconf 87' lang='grc' dir='ltr'>τραυματίσας</span> <span class='ocrx_word' id='word_1_24' title='bbox 443 382 505 429; x_wconf 76' lang='grc' dir='ltr'><strong>τὴν</strong></span> <span class='ocrx_word' id='word_1_25' title='bbox 521 385 643 420; x_wconf 79' lang='grc' dir='ltr'>ἑαυτοῦ</span> <span class='ocrx_word' id='word_1_26' title='bbox 656 412 666 430; x_wconf 90' lang='grc'>,</span> <span class='ocrx_word' id='word_1_27' title='bbox 687 382 852 436; x_wconf 82' lang='grc' dir='ltr'>πρότερον</span> <span class='ocrx_word' id='word_1_28' title='bbox 867 382 945 426; x_wconf 79' lang='grc' dir='ltr'>τοὺς</span> <span class='ocrx_word' id='word_1_29' title='bbox 966 383 1092 434; x_wconf 68' lang='grc' dir='ltr'>ὀφθαλ-</span> 
     </span>
     <span class='ocr_line' id='line_1_6' title="bbox 76 440 1092 494; baseline -0.001 -16"><span class='ocrx_word' id='word_1_30' title='bbox 76 440 160 490; x_wconf 75' lang='grc' dir='ltr'>μοὺς</span> <span class='ocrx_word' id='word_1_31' title='bbox 176 440 359 494; x_wconf 72' lang='grc' dir='ltr'>πηρώσας,</span> <span class='ocrx_word' id='word_1_32' title='bbox 387 441 475 478; x_wconf 81' lang='grc' dir='ltr'>οὕτω</span> <span class='ocrx_word' id='word_1_33' title='bbox 491 446 641 479; x_wconf 85' lang='grc' dir='ltr'>ποιεῖται</span> <span class='ocrx_word' id='word_1_34' title='bbox 668 441 797 479; x_wconf 81' lang='grc' dir='ltr'>ἐκείνου</span> <span class='ocrx_word' id='word_1_35' title='bbox 826 441 888 487; x_wconf 80' lang='grc' dir='ltr'><strong>τὴν</strong></span> <span class='ocrx_word' id='word_1_36' title='bbox 917 440 1092 493; x_wconf 67' lang='grc' dir='ltr'>ἰατρείαν,</span> 
     </span>
     <span class='ocr_line' id='line_1_7' title="bbox 76 500 1093 553; baseline 0.001 -15"><span class='ocrx_word' id='word_1_37' title='bbox 76 500 187 552; x_wconf 79' lang='grc' dir='ltr'>Οὐχὶ,</span> <span class='ocrx_word' id='word_1_38' title='bbox 209 501 325 553; x_wconf 79' lang='grc' dir='ltr'>φησίν.</span> <span class='ocrx_word' id='word_1_39' title='bbox 344 500 449 539; x_wconf 80' lang='grc' dir='ltr'>Οὕτω</span> <span class='ocrx_word' id='word_1_40' title='bbox 466 500 524 538; x_wconf 79' lang='grc' dir='ltr'><strong>καὶ</strong></span> <span class='ocrx_word' id='word_1_41' title='bbox 546 500 586 538; x_wconf 79' lang='grc' dir='ltr'>σὺ</span> <span class='ocrx_word' id='word_1_42' title='bbox 608 501 672 539; x_wconf 82' lang='grc' dir='ltr'>κᾶν</span> <span class='ocrx_word' id='word_1_43' title='bbox 692 501 925 553; x_wconf 73' lang='grc' dir='ltr'>ἐπιπλήττῃς,</span> <span class='ocrx_word' id='word_1_44' title='bbox 942 501 1006 538; x_wconf 71' lang='grc' dir='ltr'>κᾶν</span> <span class='ocrx_word' id='word_1_45' title='bbox 1021 517 1093 539; x_wconf 87' lang='grc' dir='ltr'>νου-</span> 
     </span>
     <span class='ocr_line' id='line_1_8' title="bbox 77 562 1089 614; baseline 0.002 -16"><span class='ocrx_word' id='word_1_46' title='bbox 77 565 196 612; x_wconf 72' lang='grc' dir='ltr'>θετῇς,</span> <span class='ocrx_word' id='word_1_47' title='bbox 216 562 352 613; x_wconf 73' lang='grc' dir='ltr'>καθαρὰ</span> <span class='ocrx_word' id='word_1_48' title='bbox 374 562 596 612; x_wconf 75' lang='grc' dir='ltr'>βλεπέτωσάν</span> <span class='ocrx_word' id='word_1_49' title='bbox 623 578 682 600; x_wconf 91' lang='grc' dir='ltr'><strong>σου</strong></span> <span class='ocrx_word' id='word_1_50' title='bbox 699 566 729 600; x_wconf 88' lang='grc' dir='ltr'>οἱ</span> <span class='ocrx_word' id='word_1_51' title='bbox 746 563 931 614; x_wconf 69' lang='grc' dir='ltr'>ὀφθαλμοί.</span> <span class='ocrx_word' id='word_1_52' title='bbox 950 562 1012 608; x_wconf 84' lang='grc' dir='ltr'><strong>Μὴ</strong></span> <span class='ocrx_word' id='word_1_53' title='bbox 1037 566 1089 600; x_wconf 87' lang='grc' dir='ltr'>θο-</span> 
     </span>
     <span class='ocr_line' id='line_1_9' title="bbox 77 621 1094 675; baseline 0.001 -16"><span class='ocrx_word' id='word_1_54' title='bbox 77 621 193 673; x_wconf 82' lang='grc' dir='ltr'>λώσῃς</span> <span class='ocrx_word' id='word_1_55' title='bbox 210 622 267 660; x_wconf 83' lang='grc' dir='ltr'><strong>τὸν</strong></span> <span class='ocrx_word' id='word_1_56' title='bbox 287 627 380 670; x_wconf 93' lang='grc' dir='ltr'>νοῦν,</span> <span class='ocrx_word' id='word_1_57' title='bbox 401 623 475 661; x_wconf 82' lang='grc' dir='ltr'>ἐπεὶ</span> <span class='ocrx_word' id='word_1_58' title='bbox 495 625 598 669; x_wconf 77' lang='grc' dir='ltr'><strong>πῶςὴ</strong></span> <span class='ocrx_word' id='word_1_59' title='bbox 615 623 780 675; x_wconf 78' lang='grc' dir='ltr'>Θεραπεία</span> <span class='ocrx_word' id='word_1_60' title='bbox 799 624 1000 674; x_wconf 68' lang='grc' dir='ltr'>γενήσεται,</span> <span class='ocrx_word' id='word_1_61' title='bbox 1018 625 1094 662; x_wconf 82' lang='grc' dir='ltr'><strong>Οὐκ</strong></span> 
     </span>
     <span class='ocr_line' id='line_1_10' title="bbox 77 677 1095 736; baseline 0 -16"><span class='ocrx_word' id='word_1_62' title='bbox 77 682 170 720; x_wconf 81' lang='grc' dir='ltr'>ἔστιν</span> <span class='ocrx_word' id='word_1_63' title='bbox 189 684 224 720; x_wconf 80' lang='grc' dir='ltr'>ἐν</span> <span class='ocrx_word' id='word_1_64' title='bbox 243 686 284 734; x_wconf 74' lang='grc' dir='ltr'>τῇ</span> <span class='ocrx_word' id='word_1_65' title='bbox 319 685 403 734; x_wconf 71' lang='grc' dir='ltr'>αὐτῇ</span> <span class='ocrx_word' id='word_1_66' title='bbox 437 683 570 735; x_wconf 76' lang='grc' dir='ltr'>γαλήνῃ</span> <span class='ocrx_word' id='word_1_67' title='bbox 605 677 711 731; x_wconf 64' lang='grc' dir='ltr'>εἶναι,</span> <span class='ocrx_word' id='word_1_68' title='bbox 733 684 900 736; x_wconf 77' lang='grc' dir='ltr'>ἀόργητον</span> <span class='ocrx_word' id='word_1_69' title='bbox 929 684 1010 721; x_wconf 83' lang='grc' dir='ltr'>ὄντα</span> <span class='ocrx_word' id='word_1_70' title='bbox 1036 683 1095 721; x_wconf 78' lang='grc' dir='ltr'><strong>καὶ</strong></span> 
     </span>
     <span class='ocr_line' id='line_1_11' title="bbox 76 743 1096 796; baseline 0 -16"><span class='ocrx_word' id='word_1_71' title='bbox 76 743 306 795; x_wconf 75' lang='grc' dir='ltr'>ὀργιζόμενον.</span> <span class='ocrx_word' id='word_1_72' title='bbox 325 744 371 781; x_wconf 87' lang='grc' dir='ltr'><strong>Τί</strong></span> <span class='ocrx_word' id='word_1_73' title='bbox 389 744 445 781; x_wconf 68' lang='grc' dir='ltr'><strong>τὸν</strong></span> <span class='ocrx_word' id='word_1_74' title='bbox 465 744 670 783; x_wconf 67' lang='grc' dir='ltr'>διδάσκαλον</span> <span class='ocrx_word' id='word_1_75' title='bbox 691 745 759 783; x_wconf 81' lang='grc' dir='ltr'><strong>ἀπὸ</strong></span> <span class='ocrx_word' id='word_1_76' title='bbox 777 748 836 782; x_wconf 81' lang='grc' dir='ltr'><strong>τοῦ</strong></span> <span class='ocrx_word' id='word_1_77' title='bbox 854 744 972 796; x_wconf 83' lang='grc' dir='ltr'>θρόνου</span> <span class='ocrx_word' id='word_1_78' title='bbox 989 759 1096 781; x_wconf 87' lang='grc' dir='ltr'>κατα-</span> 
     </span>
     <span class='ocr_line' id='line_1_12' title="bbox 78 803 1096 855; baseline -0.002 -14"><span class='ocrx_word' id='word_1_79' title='bbox 78 803 247 855; x_wconf 65' lang='grc' dir='ltr'>στρέψας,</span> <span class='ocrx_word' id='word_1_80' title='bbox 266 803 356 842; x_wconf 74' lang='grc' dir='ltr'>οὕτω</span> <span class='ocrx_word' id='word_1_81' title='bbox 375 804 516 855; x_wconf 77' lang='grc' dir='ltr'>διαλέγῃ</span> <span class='ocrx_word' id='word_1_82' title='bbox 530 806 579 855; x_wconf 82' lang='grc' dir='ltr'>τῷ</span> <span class='ocrx_word' id='word_1_83' title='bbox 595 804 710 855; x_wconf 74' lang='grc' dir='ltr'>χαμαὶ</span> <span class='ocrx_word' id='word_1_84' title='bbox 729 803 897 855; x_wconf 70' lang='grc' dir='ltr'>κειμένῳ,</span> <span class='ocrx_word' id='word_1_85' title='bbox 917 805 995 854; x_wconf 79' lang='grc' dir='ltr'><strong>Οὐχ</strong></span> <span class='ocrx_word' id='word_1_86' title='bbox 1013 806 1096 854; x_wconf 69' lang='grc' dir='ltr'>ὁρᾷς</span> 
     </span>
     <span class='ocr_line' id='line_1_13' title="bbox 76 861 1093 915; baseline -0.003 -14"><span class='ocrx_word' id='word_1_87' title='bbox 76 863 152 907; x_wconf 76' lang='grc' dir='ltr'>τοὺς</span> <span class='ocrx_word' id='word_1_88' title='bbox 173 864 391 912; x_wconf 80' lang='grc' dir='ltr'>δικάζοντας,</span> <span class='ocrx_word' id='word_1_89' title='bbox 420 865 451 902; x_wconf 79' lang='grc' dir='ltr'>οἳ</span> <span class='ocrx_word' id='word_1_90' title='bbox 468 864 549 902; x_wconf 78' lang='grc' dir='ltr'>ὅταν</span> <span class='ocrx_word' id='word_1_91' title='bbox 573 864 726 913; x_wconf 83' lang='grc' dir='ltr'>μέλλωσι</span> <span class='ocrx_word' id='word_1_92' title='bbox 743 863 907 915; x_wconf 64' lang='grc' dir='ltr'><strong>οκρίνειν,</strong></span> <span class='ocrx_word' id='word_1_93' title='bbox 929 861 1093 904; x_wconf 82' lang='grc' dir='ltr'>καθέζον-</span> 
     </span>
    </p>
   </div>
   <div class='ocr_carea' id='block_1_6' title="bbox 1110 894 1157 918">
    <p class='ocr_par' dir='ltr' id='par_1_6' title="bbox 1110 894 1157 918">
     <span class='ocr_line' id='line_1_14' title="bbox 1110 894 1157 918; baseline -0.021 0"><span class='ocrx_word' id='word_1_94' title='bbox 1110 894 1157 918; x_wconf 83' lang='lat'><strong>127</strong></span> 
     </span>
    </p>
   </div>
   <div class='ocr_carea' id='block_1_7' title="bbox 1165 383 2151 910">
    <p class='ocr_par' dir='ltr' id='par_1_7' title="bbox 1165 383 2151 910">
     <span class='ocr_line' id='line_1_15' title="bbox 1165 383 2145 436; baseline 0.003 -18"><span class='ocrx_word' id='word_1_95' title='bbox 1165 395 1256 429; x_wconf 83' lang='lat' dir='ltr'><strong>rare,</strong></span> <span class='ocrx_word' id='word_1_96' title='bbox 1290 396 1371 420; x_wconf 90' lang='lat' dir='ltr'><strong>cum</strong></span> <span class='ocrx_word' id='word_1_97' title='bbox 1402 383 1472 421; x_wconf 84' lang='lat' dir='ltr'><strong>sibi</strong></span> <span class='ocrx_word' id='word_1_98' title='bbox 1495 384 1563 436; x_wconf 89' lang='lat' dir='ltr'><strong>ipsi</strong></span> <span class='ocrx_word' id='word_1_99' title='bbox 1587 384 1688 436; x_wconf 84' lang='lat' dir='ltr'><strong>prius</strong></span> <span class='ocrx_word' id='word_1_100' title='bbox 1726 384 1861 421; x_wconf 89' lang='lat' dir='ltr'><strong>malum</strong></span> <span class='ocrx_word' id='word_1_101' title='bbox 1883 384 2052 432; x_wconf 86' lang='lat' dir='ltr'><strong>intulerit,</strong></span> <span class='ocrx_word' id='word_1_102' title='bbox 2083 398 2145 421; x_wconf 92' lang='lat' dir='ltr'><strong>nec</strong></span> 
     </span>
     <span class='ocr_line' id='line_1_16' title="bbox 1166 441 2146 495; baseline 0.003 -17"><span class='ocrx_word' id='word_1_103' title='bbox 1166 441 1321 493; x_wconf 87' lang='lat' dir='ltr'><strong>seipsum</strong></span> <span class='ocrx_word' id='word_1_104' title='bbox 1338 443 1458 480; x_wconf 71' lang='lat' dir='ltr'><strong>curet?</strong></span> <span class='ocrx_word' id='word_1_105' title='bbox 1474 444 1512 481; x_wconf 84' lang='lat' dir='ltr'><strong>Si</strong></span> <span class='ocrx_word' id='word_1_106' title='bbox 1526 444 1618 494; x_wconf 87' lang='lat' dir='ltr'><strong>quis,</strong></span> <span class='ocrx_word' id='word_1_107' title='bbox 1635 458 1765 495; x_wconf 83' lang='lat' dir='ltr'><strong>quaeso,</strong></span> <span class='ocrx_word' id='word_1_108' title='bbox 1780 444 1938 482; x_wconf 89' lang='lat' dir='ltr'><strong>medicus</strong></span> <span class='ocrx_word' id='word_1_109' title='bbox 1958 444 2070 482; x_wconf 84' lang='lat' dir='ltr'><strong>alium</strong></span> <span class='ocrx_word' id='word_1_110' title='bbox 2084 459 2146 483; x_wconf 92' lang='lat' dir='ltr'><strong>cu-</strong></span> 
     </span>
     <span class='ocr_line' id='line_1_17' title="bbox 1165 502 2145 556; baseline 0.003 -17"><span class='ocrx_word' id='word_1_111' title='bbox 1165 511 1307 539; x_wconf 85' lang='lat' dir='ltr'><strong>raturus</strong></span> <span class='ocrx_word' id='word_1_112' title='bbox 1334 502 1413 551; x_wconf 90' lang='lat' dir='ltr'><strong>iret,</strong></span> <span class='ocrx_word' id='word_1_113' title='bbox 1431 513 1617 556; x_wconf 82' lang='lat' dir='ltr'>postquam</span> <span class='ocrx_word' id='word_1_114' title='bbox 1638 504 1737 556; x_wconf 87' lang='lat' dir='ltr'><strong>prius</strong></span> <span class='ocrx_word' id='word_1_115' title='bbox 1766 518 1912 542; x_wconf 89' lang='lat' dir='ltr'><strong>manum</strong></span> <span class='ocrx_word' id='word_1_116' title='bbox 1937 519 2039 543; x_wconf 88' lang='lat' dir='ltr'><strong>suam</strong></span> <span class='ocrx_word' id='word_1_117' title='bbox 2067 519 2145 542; x_wconf 78' lang='lat' dir='ltr'><strong>sau-</strong></span> 
     </span>
     <span class='ocr_line' id='line_1_18' title="bbox 1167 561 2147 615; baseline 0.005 -17"><span class='ocrx_word' id='word_1_118' title='bbox 1167 561 1300 611; x_wconf 86' lang='lat' dir='ltr'><strong>ciasset,</strong></span> <span class='ocrx_word' id='word_1_119' title='bbox 1323 572 1513 614; x_wconf 82' lang='lat' dir='ltr'>postquam</span> <span class='ocrx_word' id='word_1_120' title='bbox 1537 564 1637 615; x_wconf 87' lang='lat' dir='ltr'><strong>prius</strong></span> <span class='ocrx_word' id='word_1_121' title='bbox 1671 565 1792 602; x_wconf 90' lang='lat' dir='ltr'><strong>oculos</strong></span> <span class='ocrx_word' id='word_1_122' title='bbox 1821 574 2039 613; x_wconf 81' lang='lat' dir='ltr'><strong>excaecasset,</strong></span> <span class='ocrx_word' id='word_1_123' title='bbox 2061 579 2147 602; x_wconf 90' lang='lat' dir='ltr'><strong>num</strong></span> 
     </span>
     <span class='ocr_line' id='line_1_19' title="bbox 1168 620 2148 674; baseline 0.005 -17"><span class='ocrx_word' id='word_1_124' title='bbox 1168 620 1218 658; x_wconf 90' lang='lat' dir='ltr'><strong>sic</strong></span> <span class='ocrx_word' id='word_1_125' title='bbox 1237 621 1340 658; x_wconf 78' lang='lat' dir='ltr'><strong>ilium</strong></span> <span class='ocrx_word' id='word_1_126' title='bbox 1366 623 1530 659; x_wconf 75' lang='lat' dir='ltr'>curaret?</span> <span class='ocrx_word' id='word_1_127' title='bbox 1549 623 1712 671; x_wconf 81' lang='lat' dir='ltr'><strong>Minime,</strong></span> <span class='ocrx_word' id='word_1_128' title='bbox 1732 624 1881 674; x_wconf 81' lang='lat' dir='ltr'>inquies.</span> <span class='ocrx_word' id='word_1_129' title='bbox 1899 624 1959 663; x_wconf 85' lang='lat' dir='ltr'><strong>Sic</strong></span> <span class='ocrx_word' id='word_1_130' title='bbox 1981 634 2014 663; x_wconf 84' lang='lat' dir='ltr'><strong>et</strong></span> <span class='ocrx_word' id='word_1_131' title='bbox 2041 633 2079 662; x_wconf 90' lang='lat' dir='ltr'><strong>tu</strong></span> <span class='ocrx_word' id='word_1_132' title='bbox 2101 625 2148 662; x_wconf 91' lang='lat' dir='ltr'><strong>li-</strong></span> 
     </span>
     <span class='ocr_line' id='line_1_20' title="bbox 1169 680 2144 735; baseline 0.006 -19"><span class='ocrx_word' id='word_1_133' title='bbox 1169 689 1221 716; x_wconf 90' lang='lat' dir='ltr'><strong>cet</strong></span> <span class='ocrx_word' id='word_1_134' title='bbox 1235 680 1402 732; x_wconf 81' lang='lat' dir='ltr'><strong>increpes,</strong></span> <span class='ocrx_word' id='word_1_135' title='bbox 1419 682 1500 718; x_wconf 91' lang='lat' dir='ltr'><strong>licet</strong></span> <span class='ocrx_word' id='word_1_136' title='bbox 1518 696 1671 731; x_wconf 85' lang='lat' dir='ltr'><strong>moneas,</strong></span> <span class='ocrx_word' id='word_1_137' title='bbox 1690 698 1780 735; x_wconf 82' lang='lat' dir='ltr'><strong>pura</strong></span> <span class='ocrx_word' id='word_1_138' title='bbox 1802 684 1945 722; x_wconf 79' lang='lat' dir='ltr'><strong>videant</strong></span> <span class='ocrx_word' id='word_1_139' title='bbox 1966 685 2061 722; x_wconf 86' lang='lat' dir='ltr'><strong>oculi</strong></span> <span class='ocrx_word' id='word_1_140' title='bbox 2079 685 2144 722; x_wconf 89' lang='lat' dir='ltr'><strong>tui.</strong></span> 
     </span>
     <span class='ocr_line' id='line_1_21' title="bbox 1169 740 2148 793; baseline 0.008 -18"><span class='ocrx_word' id='word_1_141' title='bbox 1169 740 1221 776; x_wconf 91' lang='lat' dir='ltr'><strong>Ne</strong></span> <span class='ocrx_word' id='word_1_142' title='bbox 1239 740 1359 776; x_wconf 85' lang='lat' dir='ltr'><strong>turbes</strong></span> <span class='ocrx_word' id='word_1_143' title='bbox 1372 750 1537 787; x_wconf 66' lang='lat' dir='ltr'><strong>mentem,</strong></span> <span class='ocrx_word' id='word_1_144' title='bbox 1549 742 1706 792; x_wconf 85' lang='lat' dir='ltr'><strong>alioquin</strong></span> <span class='ocrx_word' id='word_1_145' title='bbox 1721 744 1896 793; x_wconf 84' lang='lat' dir='ltr'><strong>quomodo</strong></span> <span class='ocrx_word' id='word_1_146' title='bbox 1908 744 2042 782; x_wconf 79' lang='lat' dir='ltr'><strong>medela</strong></span> <span class='ocrx_word' id='word_1_147' title='bbox 2057 745 2148 783; x_wconf 73' lang='lat' dir='ltr'><strong>erit?</strong></span> 
     </span>
     <span class='ocr_line' id='line_1_22' title="bbox 1168 799 2150 856; baseline 0.01 -22"><span class='ocrx_word' id='word_1_148' title='bbox 1168 799 1247 835; x_wconf 84' lang='lat' dir='ltr'><strong>Non</strong></span> <span class='ocrx_word' id='word_1_149' title='bbox 1266 809 1412 850; x_wconf 87' lang='lat' dir='ltr'>possunt</span> <span class='ocrx_word' id='word_1_150' title='bbox 1431 801 1467 837; x_wconf 92' lang='lat' dir='ltr'><strong>in</strong></span> <span class='ocrx_word' id='word_1_151' title='bbox 1489 801 1612 840; x_wconf 78' lang='lat' dir='ltr'><strong>eadem</strong></span> <span class='ocrx_word' id='word_1_152' title='bbox 1631 816 1704 839; x_wconf 89' lang='lat' dir='ltr'><strong>esse</strong></span> <span class='ocrx_word' id='word_1_153' title='bbox 1726 805 1979 854; x_wconf 68' lang='lat' dir='ltr'><strong>tranquillitate</strong></span> <span class='ocrx_word' id='word_1_154' title='bbox 2001 806 2060 856; x_wconf 90' lang='lat' dir='ltr'><strong>qui</strong></span> <span class='ocrx_word' id='word_1_155' title='bbox 2080 820 2150 843; x_wconf 88' lang='lat' dir='ltr'><strong>non</strong></span> 
     </span>
     <span class='ocr_line' id='line_1_23' title="bbox 1169 858 2151 910; baseline 0.009 -15"><span class='ocrx_word' id='word_1_156' title='bbox 1169 858 1334 896; x_wconf 81' lang='lat' dir='ltr'><strong>irascitur</strong></span> <span class='ocrx_word' id='word_1_157' title='bbox 1359 869 1391 897; x_wconf 87' lang='lat' dir='ltr'><strong>et</strong></span> <span class='ocrx_word' id='word_1_158' title='bbox 1410 861 1471 910; x_wconf 91' lang='lat' dir='ltr'><strong>qui</strong></span> <span class='ocrx_word' id='word_1_159' title='bbox 1491 860 1667 898; x_wconf 77' lang='lat' dir='ltr'><strong>irascitur.</strong></span> <span class='ocrx_word' id='word_1_160' title='bbox 1688 863 1760 900; x_wconf 91' lang='lat' dir='ltr'><strong>Cur</strong></span> <span class='ocrx_word' id='word_1_161' title='bbox 1777 863 1920 901; x_wconf 87' lang='lat' dir='ltr'><strong>doctore</strong></span> <span class='ocrx_word' id='word_1_162' title='bbox 1941 865 2090 904; x_wconf 84' lang='lat' dir='ltr'><strong>decusso</strong></span> <span class='ocrx_word' id='word_1_163' title='bbox 2107 866 2151 904; x_wconf 86' lang='lat' dir='ltr'><strong>de</strong></span> 
     </span>
    </p>
   </div>
   <div class='ocr_carea' id='block_1_8' title="bbox 76 918 2152 977">
    <p class='ocr_par' dir='ltr' id='par_1_8' title="bbox 76 918 2152 977">
     <span class='ocr_line' id='line_1_24' title="bbox 76 918 2152 977; baseline 0.001 -16"><span class='ocrx_word' id='word_1_164' title='bbox 76 941 135 962; x_wconf 87' lang='grc' dir='ltr'><strong>ται</strong></span> <span class='ocrx_word' id='word_1_165' title='bbox 152 925 209 962; x_wconf 80' lang='grc' dir='ltr'>ἐπὶ</span> <span class='ocrx_word' id='word_1_166' title='bbox 228 929 287 963; x_wconf 83' lang='grc' dir='ltr'><strong>τοῦ</strong></span> <span class='ocrx_word' id='word_1_167' title='bbox 307 925 445 977; x_wconf 80' lang='grc' dir='ltr'>Θρόνου,</span> <span class='ocrx_word' id='word_1_168' title='bbox 464 924 524 962; x_wconf 81' lang='grc' dir='ltr'><strong>καὶ</strong></span> <span class='ocrx_word' id='word_1_169' title='bbox 550 925 584 961; x_wconf 81' lang='grc' dir='ltr'>ἐν</span> <span class='ocrx_word' id='word_1_170' title='bbox 607 923 764 974; x_wconf 69' lang='grc' dir='ltr'>σχήματι</span> <span class='ocrx_word' id='word_1_171' title='bbox 790 925 840 973; x_wconf 84' lang='grc' dir='ltr'>τῷ</span> <span class='ocrx_word' id='word_1_172' title='bbox 859 921 1094 973; x_wconf 71' lang='grc' dir='ltr'>προσήκοντι,</span> <span class='ocrx_word' id='word_1_173' title='bbox 1122 931 1146 959; x_wconf 84' lang='grc' dir='ltr'>Α</span> <span class='ocrx_word' id='word_1_174' title='bbox 1169 918 1318 969; x_wconf 80' lang='lat' dir='ltr'><strong>throno,</strong></span> <span class='ocrx_word' id='word_1_175' title='bbox 1346 919 1450 957; x_wconf 90' lang='lat' dir='ltr'><strong>humi</strong></span> <span class='ocrx_word' id='word_1_176' title='bbox 1477 921 1653 971; x_wconf 89' lang='lat' dir='ltr'><strong>jacentem</strong></span> <span class='ocrx_word' id='word_1_177' title='bbox 1684 923 1902 973; x_wconf 77' lang='lat' dir='ltr'><strong>alloqueris?</strong></span> <span class='ocrx_word' id='word_1_178' title='bbox 1935 927 2015 963; x_wconf 80' lang='lat' dir='ltr'><strong>Non</strong></span> <span class='ocrx_word' id='word_1_179' title='bbox 2052 927 2152 965; x_wconf 81' lang='lat' dir='ltr'><strong>vides</strong></span> 
     </span>
    </p>
   </div>
   <div class='ocr_carea' id='block_1_9' title="bbox 73 981 1097 1641">
    <p class='ocr_par' dir='ltr' id='par_1_9' title="bbox 73 981 1097 1641">
     <span class='ocr_line' id='line_1_25' title="bbox 77 981 1095 1033; baseline -0.006 -10"><span class='ocrx_word' id='word_1_180' title='bbox 77 985 180 1023; x_wconf 78' lang='grc' dir='ltr'>Οὕτω</span> <span class='ocrx_word' id='word_1_181' title='bbox 201 986 261 1023; x_wconf 81' lang='grc' dir='ltr'><strong>καὶ</strong></span> <span class='ocrx_word' id='word_1_182' title='bbox 292 984 333 1023; x_wconf 77' lang='grc' dir='ltr'>σὺ</span> <span class='ocrx_word' id='word_1_183' title='bbox 362 984 505 1030; x_wconf 79' lang='grc' dir='ltr'>ποίησον</span> <span class='ocrx_word' id='word_1_184' title='bbox 520 999 527 1007; x_wconf 88' lang='grc'><em>·</em></span> <span class='ocrx_word' id='word_1_185' title='bbox 555 983 730 1032; x_wconf 80' lang='grc' dir='ltr'>κόσμησον</span> <span class='ocrx_word' id='word_1_186' title='bbox 756 982 817 1028; x_wconf 80' lang='grc' dir='ltr'><strong>τὴν</strong></span> <span class='ocrx_word' id='word_1_187' title='bbox 839 981 953 1033; x_wconf 72' lang='grc' dir='ltr'>ψυχὴν</span> <span class='ocrx_word' id='word_1_188' title='bbox 976 983 1095 1026; x_wconf 66' lang='grc' dir='ltr'>ἐσθῆτι</span> 
     </span>
     <span class='ocr_line' id='line_1_26' title="bbox 78 1041 1095 1096; baseline -0.003 -14"><span class='ocrx_word' id='word_1_189' title='bbox 78 1046 260 1096; x_wconf 76' lang='grc' dir='ltr'>δικαστικῇ</span> <span class='ocrx_word' id='word_1_190' title='bbox 281 1044 390 1092; x_wconf 78' lang='grc' dir='ltr'>(αὕτη</span> <span class='ocrx_word' id='word_1_191' title='bbox 408 1044 445 1082; x_wconf 79' lang='grc' dir='ltr'><strong>δέ</strong></span> <span class='ocrx_word' id='word_1_192' title='bbox 467 1045 559 1081; x_wconf 83' lang='grc' dir='ltr'>ἐστιν</span> <span class='ocrx_word' id='word_1_193' title='bbox 579 1046 600 1089; x_wconf 82' lang='grc' dir='ltr'>ἡ</span> <span class='ocrx_word' id='word_1_194' title='bbox 621 1043 788 1081; x_wconf 75' lang='grc' dir='ltr'>ἐπιείκεια</span> <span class='ocrx_word' id='word_1_195' title='bbox 801 1043 830 1091; x_wconf 65' lang='grc'>),</span> <span class='ocrx_word' id='word_1_196' title='bbox 855 1042 914 1080; x_wconf 77' lang='grc' dir='ltr'><strong>καὶ</strong></span> <span class='ocrx_word' id='word_1_197' title='bbox 932 1041 1010 1080; x_wconf 87' lang='grc' dir='ltr'>τότε</span> <span class='ocrx_word' id='word_1_198' title='bbox 1038 1042 1095 1080; x_wconf 82' lang='grc' dir='ltr'><strong>ἐπὶ</strong></span> 
     </span>
     <span class='ocr_line' id='line_1_27' title="bbox 76 1102 1094 1158; baseline -0.002 -16"><span class='ocrx_word' id='word_1_199' title='bbox 76 1110 136 1143; x_wconf 87' lang='grc' dir='ltr'><strong>τοῦ</strong></span> <span class='ocrx_word' id='word_1_200' title='bbox 152 1106 270 1158; x_wconf 82' lang='grc' dir='ltr'>θρόνου</span> <span class='ocrx_word' id='word_1_201' title='bbox 290 1103 454 1149; x_wconf 80' lang='grc' dir='ltr'>δικαστὴς</span> <span class='ocrx_word' id='word_1_202' title='bbox 483 1103 634 1141; x_wconf 81' lang='grc' dir='ltr'><strong>κάθισον.</strong></span> <span class='ocrx_word' id='word_1_203' title='bbox 658 1103 748 1141; x_wconf 84' lang='grc' dir='ltr'>Ἀλλ’</span> <span class='ocrx_word' id='word_1_204' title='bbox 765 1104 802 1140; x_wconf 84' lang='grc' dir='ltr'>οὐ</span> <span class='ocrx_word' id='word_1_205' title='bbox 832 1102 1070 1154; x_wconf 67' lang='grc' dir='ltr'>φοὸηθήσεται</span> <span class='ocrx_word' id='word_1_206' title='bbox 1085 1133 1094 1150; x_wconf 85' lang='grc'>,</span> 
     </span>
     <span class='ocr_line' id='line_1_28' title="bbox 76 1163 1096 1216; baseline -0.002 -13"><span class='ocrx_word' id='word_1_207' title='bbox 76 1165 171 1216; x_wconf 82' lang='grc' dir='ltr'>φησί.</span> <span class='ocrx_word' id='word_1_208' title='bbox 192 1167 335 1203; x_wconf 78' lang='grc' dir='ltr'>Μᾶλλον</span> <span class='ocrx_word' id='word_1_209' title='bbox 357 1164 602 1215; x_wconf 72' lang='grc' dir='ltr'>φοὸηθήσεται.</span> <span class='ocrx_word' id='word_1_210' title='bbox 619 1163 709 1202; x_wconf 86' lang='grc' dir='ltr'>Τότε</span> <span class='ocrx_word' id='word_1_211' title='bbox 742 1163 806 1201; x_wconf 72' lang='grc' dir='ltr'>κᾶν</span> <span class='ocrx_word' id='word_1_212' title='bbox 826 1163 944 1201; x_wconf 81' lang='grc' dir='ltr'>δίκαια</span> <span class='ocrx_word' id='word_1_213' title='bbox 973 1163 1096 1215; x_wconf 78' lang='grc' dir='ltr'>λέγῃς,</span> 
     </span>
     <span class='ocr_line' id='line_1_29' title="bbox 76 1223 1095 1276; baseline -0.001 -14"><span class='ocrx_word' id='word_1_214' title='bbox 76 1227 125 1276; x_wconf 86' lang='grc' dir='ltr'>τῷ</span> <span class='ocrx_word' id='word_1_215' title='bbox 145 1227 242 1276; x_wconf 81' lang='grc' dir='ltr'>θυμῷ</span> <span class='ocrx_word' id='word_1_216' title='bbox 261 1225 427 1276; x_wconf 72' lang='grc' dir='ltr'>λογιεῖται</span> <span class='ocrx_word' id='word_1_217' title='bbox 445 1227 462 1262; x_wconf 85' lang='grc' dir='ltr'><em>ὃ</em></span> <span class='ocrx_word' id='word_1_218' title='bbox 481 1223 632 1270; x_wconf 77' lang='grc' dir='ltr'>οἰκέτης·</span> <span class='ocrx_word' id='word_1_219' title='bbox 657 1223 696 1262; x_wconf 80' lang='grc' dir='ltr'>ἂν</span> <span class='ocrx_word' id='word_1_220' title='bbox 713 1225 748 1262; x_wconf 79' lang='grc' dir='ltr'><strong>δὲ</strong></span> <span class='ocrx_word' id='word_1_221' title='bbox 779 1223 867 1274; x_wconf 82' lang='grc' dir='ltr'>μετὰ</span> <span class='ocrx_word' id='word_1_222' title='bbox 887 1224 1095 1272; x_wconf 82' lang='grc' dir='ltr'>ἐπιεικείας,</span> 
     </span>
     <span class='ocr_line' id='line_1_30' title="bbox 75 1283 1094 1336; baseline 0 -14"><span class='ocrx_word' id='word_1_223' title='bbox 75 1288 197 1322; x_wconf 83' lang='grc' dir='ltr'>ἑαυτοῦ</span> <span class='ocrx_word' id='word_1_224' title='bbox 217 1283 494 1336; x_wconf 74' lang='grc' dir='ltr'>καταγνώσεται·</span> <span class='ocrx_word' id='word_1_225' title='bbox 520 1283 559 1322; x_wconf 79' lang='grc' dir='ltr'>τὸ</span> <span class='ocrx_word' id='word_1_226' title='bbox 579 1284 614 1322; x_wconf 79' lang='grc' dir='ltr'><strong>δὲ</strong></span> <span class='ocrx_word' id='word_1_227' title='bbox 634 1284 907 1336; x_wconf 73' lang='grc' dir='ltr'><strong>προηγούμενον,</strong></span> <span class='ocrx_word' id='word_1_228' title='bbox 929 1284 1094 1329; x_wconf 72' lang='grc' dir='ltr'>ἀποδέξε-</span> 
     </span>
     <span class='ocr_line' id='line_1_31' title="bbox 75 1344 1096 1397; baseline 0.002 -15"><span class='ocrx_word' id='word_1_229' title='bbox 75 1345 135 1383; x_wconf 86' lang='grc' dir='ltr'><strong>ταί</strong></span> <span class='ocrx_word' id='word_1_230' title='bbox 154 1361 192 1384; x_wconf 88' lang='grc' dir='ltr'><strong>σε</strong></span> <span class='ocrx_word' id='word_1_231' title='bbox 210 1349 228 1383; x_wconf 84' lang='grc' dir='ltr'>ὃ</span> <span class='ocrx_word' id='word_1_232' title='bbox 248 1346 354 1391; x_wconf 84' lang='grc' dir='ltr'>Θεὸς,</span> <span class='ocrx_word' id='word_1_233' title='bbox 381 1345 440 1384; x_wconf 81' lang='grc' dir='ltr'><strong>καὶ</strong></span> <span class='ocrx_word' id='word_1_234' title='bbox 460 1344 550 1383; x_wconf 80' lang='grc' dir='ltr'>οὕτω</span> <span class='ocrx_word' id='word_1_235' title='bbox 583 1346 712 1397; x_wconf 77' lang='grc' dir='ltr'>δυνήσῃ</span> <span class='ocrx_word' id='word_1_236' title='bbox 745 1349 812 1383; x_wconf 87' lang='grc' dir='ltr'><strong>τῶν</strong></span> <span class='ocrx_word' id='word_1_237' title='bbox 843 1345 990 1383; x_wconf 83' lang='grc' dir='ltr'>αἰωνίων</span> <span class='ocrx_word' id='word_1_238' title='bbox 1010 1349 1096 1397; x_wconf 83' lang='grc' dir='ltr'>ἀγα-</span> 
     </span>
     <span class='ocr_line' id='line_1_32' title="bbox 77 1406 1095 1458; baseline 0 -15"><span class='ocrx_word' id='word_1_239' title='bbox 77 1408 142 1443; x_wconf 79' lang='grc' dir='ltr'>θῶν</span> <span class='ocrx_word' id='word_1_240' title='bbox 164 1408 352 1458; x_wconf 68' lang='grc' dir='ltr'>ἐπιτυχεῖν,</span> <span class='ocrx_word' id='word_1_241' title='bbox 371 1406 491 1458; x_wconf 79' lang='grc' dir='ltr'>χάριτι</span> <span class='ocrx_word' id='word_1_242' title='bbox 517 1406 628 1456; x_wconf 60' lang='grc' dir='ltr'>*[καὶ</span> <span class='ocrx_word' id='word_1_243' title='bbox 648 1407 862 1458; x_wconf 80' lang='grc' dir='ltr'>οἷκτιρμοῖς]</span> <span class='ocrx_word' id='word_1_244' title='bbox 894 1406 953 1444; x_wconf 80' lang='grc' dir='ltr'><strong>καὶ</strong></span> <span class='ocrx_word' id='word_1_245' title='bbox 969 1408 1095 1458; x_wconf 68' lang='grc' dir='ltr'>φιλαν-</span> 
     </span>
     <span class='ocr_line' id='line_1_33' title="bbox 77 1462 1097 1520; baseline 0.001 -17"><span class='ocrx_word' id='word_1_246' title='bbox 77 1466 213 1518; x_wconf 78' lang='grc' dir='ltr'>θρωπίᾳ</span> <span class='ocrx_word' id='word_1_247' title='bbox 230 1471 289 1505; x_wconf 90' lang='grc' dir='ltr'><strong>τοῦ</strong></span> <span class='ocrx_word' id='word_1_248' title='bbox 304 1467 433 1520; x_wconf 87' lang='grc' dir='ltr'>Κυρίου</span> <span class='ocrx_word' id='word_1_249' title='bbox 452 1470 553 1519; x_wconf 74' lang='grc' dir='ltr'>ἡμῶν</span> <span class='ocrx_word' id='word_1_250' title='bbox 576 1467 691 1513; x_wconf 80' lang='grc' dir='ltr'>Ἰησοῦ</span> <span class='ocrx_word' id='word_1_251' title='bbox 708 1468 861 1519; x_wconf 88' lang='grc' dir='ltr'>Χριστοῦ</span> <span class='ocrx_word' id='word_1_252' title='bbox 872 1497 882 1514; x_wconf 91' lang='grc'>,</span> <span class='ocrx_word' id='word_1_253' title='bbox 906 1469 980 1518; x_wconf 86' lang='grc' dir='ltr'>μεθ’</span> <span class='ocrx_word' id='word_1_254' title='bbox 996 1462 1034 1505; x_wconf 64' lang='grc' dir='ltr'>οὗ</span> <span class='ocrx_word' id='word_1_255' title='bbox 1047 1470 1097 1519; x_wconf 77' lang='grc' dir='ltr'>τῷ</span> 
     </span>
     <span class='ocr_line' id='line_1_34' title="bbox 76 1527 1096 1580; baseline 0.002 -16"><span class='ocrx_word' id='word_1_256' title='bbox 76 1527 194 1578; x_wconf 77' lang='grc' dir='ltr'>Πατρὶ</span> <span class='ocrx_word' id='word_1_257' title='bbox 214 1527 288 1578; x_wconf 82' lang='grc' dir='ltr'><strong>ἅμα</strong></span> <span class='ocrx_word' id='word_1_258' title='bbox 314 1531 363 1580; x_wconf 80' lang='grc' dir='ltr'>τῷ</span> <span class='ocrx_word' id='word_1_259' title='bbox 389 1527 476 1580; x_wconf 81' lang='grc' dir='ltr'>ἁγίῳ</span> <span class='ocrx_word' id='word_1_260' title='bbox 504 1527 684 1579; x_wconf 76' lang='grc' dir='ltr'>Πνεύματι</span> <span class='ocrx_word' id='word_1_261' title='bbox 705 1527 806 1577; x_wconf 81' lang='grc' dir='ltr'>δόξα,</span> <span class='ocrx_word' id='word_1_262' title='bbox 827 1528 971 1580; x_wconf 83' lang='grc' dir='ltr'>κράτος,</span> <span class='ocrx_word' id='word_1_263' title='bbox 992 1528 1096 1579; x_wconf 72' lang='grc' dir='ltr'>τιμὴ,</span> 
     </span>
     <span class='ocr_line' id='line_1_35' title="bbox 73 1587 1095 1641; baseline 0.004 -17"><span class='ocrx_word' id='word_1_264' title='bbox 73 1589 132 1624; x_wconf 84' lang='grc' dir='ltr'><strong>νῦν</strong></span> <span class='ocrx_word' id='word_1_265' title='bbox 153 1587 211 1625; x_wconf 83' lang='grc' dir='ltr'><strong>καὶ</strong></span> <span class='ocrx_word' id='word_1_266' title='bbox 240 1588 309 1636; x_wconf 79' lang='grc' dir='ltr'>ἀεὶ,</span> <span class='ocrx_word' id='word_1_267' title='bbox 327 1588 386 1627; x_wconf 81' lang='grc' dir='ltr'><strong>καὶ</strong></span> <span class='ocrx_word' id='word_1_268' title='bbox 410 1591 459 1632; x_wconf 84' lang='grc' dir='ltr'><strong>εἷς</strong></span> <span class='ocrx_word' id='word_1_269' title='bbox 480 1588 557 1632; x_wconf 77' lang='grc' dir='ltr'>τοὺς</span> <span class='ocrx_word' id='word_1_270' title='bbox 574 1591 700 1634; x_wconf 79' lang='grc' dir='ltr'>αἰῶνας</span> <span class='ocrx_word' id='word_1_271' title='bbox 713 1593 781 1627; x_wconf 78' lang='grc' dir='ltr'><strong>τῶν</strong></span> <span class='ocrx_word' id='word_1_272' title='bbox 809 1588 954 1628; x_wconf 84' lang='grc' dir='ltr'>αἰώνων.</span> <span class='ocrx_word' id='word_1_273' title='bbox 974 1588 1095 1641; x_wconf 76' lang='grc' dir='ltr'>Ἀμήν,</span> 
     </span>
    </p>
   </div>
   <div class='ocr_carea' id='block_1_10' title="bbox 120 1843 1079 1941">
    <p class='ocr_par' dir='ltr' id='par_1_10' title="bbox 120 1843 1079 1941">
     <span class='ocr_line' id='line_1_36' title="bbox 121 1843 643 1889; baseline 0.006 -13"><span class='ocrx_word' id='word_1_274' title='bbox 121 1852 132 1865; x_wconf 70' lang='lat'>⁰</span> <span class='ocrx_word' id='word_1_275' title='bbox 145 1843 240 1877; x_wconf 85' lang='lat' dir='ltr'><strong>Idem</strong></span> <span class='ocrx_word' id='word_1_276' title='bbox 255 1849 360 1889; x_wconf 73' lang='grc' dir='ltr'>κρίνειν</span> <span class='ocrx_word' id='word_1_277' title='bbox 380 1854 439 1883; x_wconf 82' lang='grc' dir='ltr'><strong>πῶς</strong></span> <span class='ocrx_word' id='word_1_278' title='bbox 455 1849 643 1885; x_wconf 77' lang='grc' dir='ltr'>καθέζονται.</span> 
     </span>
     <span class='ocr_line' id='line_1_37' title="bbox 120 1896 1079 1941; baseline 0.003 -14"><span class='ocrx_word' id='word_1_279' title='bbox 120 1897 135 1913; x_wconf 67' lang='grc'>*</span> <span class='ocrx_word' id='word_1_280' title='bbox 153 1898 224 1938; x_wconf 56' lang='grc' dir='ltr'>[καὶ</span> <span class='ocrx_word' id='word_1_281' title='bbox 248 1903 409 1941; x_wconf 68' lang='grc' dir='ltr'>οῖχτιρμρῖς</span> <span class='ocrx_word' id='word_1_282' title='bbox 438 1896 628 1928; x_wconf 77' lang='lat' dir='ltr'><strong>inclusimus</strong></span> <span class='ocrx_word' id='word_1_283' title='bbox 654 1908 730 1929; x_wconf 89' lang='lat' dir='ltr'><strong>cum</strong></span> <span class='ocrx_word' id='word_1_284' title='bbox 756 1896 917 1930; x_wconf 84' lang='lat' dir='ltr'><strong>Commel.</strong></span> <span class='ocrx_word' id='word_1_285' title='bbox 937 1909 955 1930; x_wconf 90' lang='lat' dir='ltr'><strong>a</strong></span> <span class='ocrx_word' id='word_1_286' title='bbox 978 1898 1079 1932; x_wconf 84' lang='lat' dir='ltr'><strong>Savil.</strong></span> 
     </span>
    </p>
   </div>
   <div class='ocr_carea' id='block_1_11' title="bbox 1123 979 2156 1751">
    <p class='ocr_par' dir='ltr' id='par_1_11' title="bbox 1164 979 2156 1584">
     <span class='ocr_line' id='line_1_38' title="bbox 1164 979 2155 1033; baseline 0.009 -17"><span class='ocrx_word' id='word_1_287' title='bbox 1164 979 1316 1032; x_wconf 79' lang='lat' dir='ltr'><strong>judiees,</strong></span> <span class='ocrx_word' id='word_1_288' title='bbox 1336 981 1398 1031; x_wconf 91' lang='lat' dir='ltr'><strong>qui</strong></span> <span class='ocrx_word' id='word_1_289' title='bbox 1428 995 1509 1019; x_wconf 90' lang='lat' dir='ltr'><strong>cum</strong></span> <span class='ocrx_word' id='word_1_290' title='bbox 1530 983 1729 1033; x_wconf 86' lang='lat' dir='ltr'><strong>judicaturi</strong></span> <span class='ocrx_word' id='word_1_291' title='bbox 1757 994 1856 1032; x_wconf 88' lang='lat' dir='ltr'><strong>sunt,</strong></span> <span class='ocrx_word' id='word_1_292' title='bbox 1881 985 1916 1023; x_wconf 91' lang='lat' dir='ltr'><strong>in</strong></span> <span class='ocrx_word' id='word_1_293' title='bbox 1948 987 2074 1024; x_wconf 88' lang='lat' dir='ltr'><strong>throno</strong></span> <span class='ocrx_word' id='word_1_294' title='bbox 2102 1002 2155 1025; x_wconf 75' lang='lat' dir='ltr'><strong>se-</strong></span> 
     </span>
     <span class='ocr_line' id='line_1_39' title="bbox 1168 1039 2153 1094; baseline 0.009 -18"><span class='ocrx_word' id='word_1_295' title='bbox 1168 1039 1264 1090; x_wconf 87' lang='lat' dir='ltr'><strong>dent,</strong></span> <span class='ocrx_word' id='word_1_296' title='bbox 1283 1040 1320 1077; x_wconf 94' lang='lat' dir='ltr'><strong>in</strong></span> <span class='ocrx_word' id='word_1_297' title='bbox 1332 1041 1458 1078; x_wconf 81' lang='lat' dir='ltr'><strong>habitu</strong></span> <span class='ocrx_word' id='word_1_298' title='bbox 1472 1041 1639 1080; x_wconf 77' lang='lat' dir='ltr'><strong>decenti?</strong></span> <span class='ocrx_word' id='word_1_299' title='bbox 1657 1044 1717 1082; x_wconf 87' lang='lat' dir='ltr'><strong>Sic</strong></span> <span class='ocrx_word' id='word_1_300' title='bbox 1732 1053 1766 1082; x_wconf 88' lang='lat' dir='ltr'><strong>et</strong></span> <span class='ocrx_word' id='word_1_301' title='bbox 1781 1054 1819 1082; x_wconf 88' lang='lat' dir='ltr'><strong>tu</strong></span> <span class='ocrx_word' id='word_1_302' title='bbox 1836 1045 1942 1083; x_wconf 84' lang='lat' dir='ltr'><strong>facito</strong></span> <span class='ocrx_word' id='word_1_303' title='bbox 1952 1061 1962 1094; x_wconf 83' lang='lat'>3</span> <span class='ocrx_word' id='word_1_304' title='bbox 1976 1061 2060 1084; x_wconf 88' lang='lat' dir='ltr'><strong>orna</strong></span> <span class='ocrx_word' id='word_1_305' title='bbox 2077 1047 2153 1085; x_wconf 87' lang='lat' dir='ltr'><strong>ani-</strong></span> 
     </span>
     <span class='ocr_line' id='line_1_40' title="bbox 1170 1101 2153 1158; baseline 0.009 -21"><span class='ocrx_word' id='word_1_306' title='bbox 1170 1114 1264 1138; x_wconf 89' lang='lat' dir='ltr'><strong>mam</strong></span> <span class='ocrx_word' id='word_1_307' title='bbox 1287 1110 1391 1138; x_wconf 79' lang='lat' dir='ltr'><strong>tuam</strong></span> <span class='ocrx_word' id='word_1_308' title='bbox 1411 1101 1543 1139; x_wconf 72' lang='lat' dir='ltr'><strong>vestitu</strong></span> <span class='ocrx_word' id='word_1_309' title='bbox 1565 1103 1729 1154; x_wconf 86' lang='lat' dir='ltr'><strong>judiciali</strong></span> <span class='ocrx_word' id='word_1_310' title='bbox 1746 1104 1846 1152; x_wconf 84' lang='lat' dir='ltr'><strong>(haec</strong></span> <span class='ocrx_word' id='word_1_311' title='bbox 1863 1120 1945 1145; x_wconf 79' lang='lat' dir='ltr'><strong>vera</strong></span> <span class='ocrx_word' id='word_1_312' title='bbox 1959 1116 2010 1145; x_wconf 89' lang='lat' dir='ltr'><strong>est</strong></span> <span class='ocrx_word' id='word_1_313' title='bbox 2037 1108 2153 1158; x_wconf 87' lang='lat' dir='ltr'><strong>aequi—</strong></span> 
     </span>
     <span class='ocr_line' id='line_1_41' title="bbox 1168 1162 2154 1217; baseline 0.009 -18"><span class='ocrx_word' id='word_1_314' title='bbox 1168 1167 1261 1212; x_wconf 82' lang='lat' dir='ltr'><strong>tas),</strong></span> <span class='ocrx_word' id='word_1_315' title='bbox 1285 1172 1318 1200; x_wconf 92' lang='lat' dir='ltr'><strong>et</strong></span> <span class='ocrx_word' id='word_1_316' title='bbox 1338 1172 1422 1201; x_wconf 88' lang='lat' dir='ltr'><strong>tunc</strong></span> <span class='ocrx_word' id='word_1_317' title='bbox 1445 1162 1482 1201; x_wconf 90' lang='lat' dir='ltr'><strong>in</strong></span> <span class='ocrx_word' id='word_1_318' title='bbox 1506 1163 1633 1202; x_wconf 87' lang='lat' dir='ltr'><strong>throno</strong></span> <span class='ocrx_word' id='word_1_319' title='bbox 1643 1165 1758 1217; x_wconf 78' lang='lat' dir='ltr'><strong>judex</strong></span> <span class='ocrx_word' id='word_1_320' title='bbox 1772 1166 1865 1206; x_wconf 87' lang='lat' dir='ltr'><strong>sede.</strong></span> <span class='ocrx_word' id='word_1_321' title='bbox 1884 1167 1951 1206; x_wconf 87' lang='lat' dir='ltr'><strong>Sed</strong></span> <span class='ocrx_word' id='word_1_322' title='bbox 1969 1183 2038 1207; x_wconf 92' lang='lat' dir='ltr'><strong>non</strong></span> <span class='ocrx_word' id='word_1_323' title='bbox 2053 1169 2154 1207; x_wconf 86' lang='lat' dir='ltr'><strong>time-</strong></span> 
     </span>
     <span class='ocr_line' id='line_1_42' title="bbox 1168 1223 2155 1278; baseline 0.01 -19"><span class='ocrx_word' id='word_1_324' title='bbox 1168 1223 1235 1272; x_wconf 80' lang='lat' dir='ltr'><strong>bit,</strong></span> <span class='ocrx_word' id='word_1_325' title='bbox 1247 1223 1400 1274; x_wconf 88' lang='lat' dir='ltr'><strong>inquies.</strong></span> <span class='ocrx_word' id='word_1_326' title='bbox 1418 1225 1494 1262; x_wconf 89' lang='lat' dir='ltr'><strong>Imo</strong></span> <span class='ocrx_word' id='word_1_327' title='bbox 1511 1226 1623 1278; x_wconf 84' lang='lat' dir='ltr'><strong>magis</strong></span> <span class='ocrx_word' id='word_1_328' title='bbox 1638 1227 1788 1266; x_wconf 85' lang='lat' dir='ltr'><strong>timebit.</strong></span> <span class='ocrx_word' id='word_1_329' title='bbox 1805 1230 1909 1267; x_wconf 90' lang='lat' dir='ltr'><strong>Tunc</strong></span> <span class='ocrx_word' id='word_1_330' title='bbox 1923 1244 2005 1269; x_wconf 82' lang='lat' dir='ltr'><strong>vero</strong></span> <span class='ocrx_word' id='word_1_331' title='bbox 2017 1231 2155 1269; x_wconf 86' lang='lat' dir='ltr'><strong>etiamsi</strong></span> 
     </span>
     <span class='ocr_line' id='line_1_43' title="bbox 1165 1283 2154 1342; baseline 0.009 -21"><span class='ocrx_word' id='word_1_332' title='bbox 1165 1283 1261 1335; x_wconf 84' lang='lat' dir='ltr'><strong>justa</strong></span> <span class='ocrx_word' id='word_1_333' title='bbox 1286 1284 1435 1334; x_wconf 78' lang='lat' dir='ltr'><strong>dixeris,</strong></span> <span class='ocrx_word' id='word_1_334' title='bbox 1457 1285 1497 1323; x_wconf 87' lang='lat' dir='ltr'><strong>id</strong></span> <span class='ocrx_word' id='word_1_335' title='bbox 1518 1287 1631 1324; x_wconf 86' lang='lat' dir='ltr'><strong>furori</strong></span> <span class='ocrx_word' id='word_1_336' title='bbox 1647 1302 1769 1327; x_wconf 76' lang='lat' dir='ltr'><strong>servus</strong></span> <span class='ocrx_word' id='word_1_337' title='bbox 1785 1289 1998 1342; x_wconf 73' lang='lat' dir='ltr'><strong>imputabit5</strong></span> <span class='ocrx_word' id='word_1_338' title='bbox 2015 1292 2044 1329; x_wconf 91' lang='lat' dir='ltr'><strong>si</strong></span> <span class='ocrx_word' id='word_1_339' title='bbox 2070 1306 2154 1330; x_wconf 83' lang='lat' dir='ltr'><strong>vero</strong></span> 
     </span>
     <span class='ocr_line' id='line_1_44' title="bbox 1170 1345 2156 1403; baseline 0.01 -22"><span class='ocrx_word' id='word_1_340' title='bbox 1170 1358 1250 1382; x_wconf 87' lang='lat' dir='ltr'><strong>cum</strong></span> <span class='ocrx_word' id='word_1_341' title='bbox 1280 1345 1563 1396; x_wconf 84' lang='lat' dir='ltr'><strong>mansuetudine,</strong></span> <span class='ocrx_word' id='word_1_342' title='bbox 1584 1347 1740 1400; x_wconf 89' lang='lat' dir='ltr'><strong>seipsum</strong></span> <span class='ocrx_word' id='word_1_343' title='bbox 1762 1349 1946 1389; x_wconf 81' lang='lat' dir='ltr'><strong>damnabit</strong></span> <span class='ocrx_word' id='word_1_344' title='bbox 1965 1367 1972 1388; x_wconf 91' lang='lat'>:</span> <span class='ocrx_word' id='word_1_345' title='bbox 1989 1351 2156 1403; x_wconf 86' lang='lat' dir='ltr'><strong>quodque</strong></span> 
     </span>
     <span class='ocr_line' id='line_1_45' title="bbox 1170 1405 2154 1462; baseline 0.009 -20"><span class='ocrx_word' id='word_1_346' title='bbox 1170 1405 1390 1458; x_wconf 63' lang='lat' dir='ltr'><strong>praecipuum</strong></span> <span class='ocrx_word' id='word_1_347' title='bbox 1416 1415 1479 1452; x_wconf 88' lang='lat' dir='ltr'><strong>est,</strong></span> <span class='ocrx_word' id='word_1_348' title='bbox 1495 1416 1529 1444; x_wconf 89' lang='lat' dir='ltr'><strong>te</strong></span> <span class='ocrx_word' id='word_1_349' title='bbox 1547 1409 1643 1446; x_wconf 92' lang='lat' dir='ltr'><strong>Deus</strong></span> <span class='ocrx_word' id='word_1_350' title='bbox 1671 1419 1855 1462; x_wconf 85' lang='lat' dir='ltr'><strong>acceptum</strong></span> <span class='ocrx_word' id='word_1_351' title='bbox 1879 1411 2039 1461; x_wconf 80' lang='lat' dir='ltr'><strong>habebit,</strong></span> <span class='ocrx_word' id='word_1_352' title='bbox 2056 1413 2154 1452; x_wconf 83' lang='lat' dir='ltr'><strong>etsie</strong></span> 
     </span>
     <span class='ocr_line' id='line_1_46' title="bbox 1170 1466 2154 1521; baseline 0.008 -17"><span class='ocrx_word' id='word_1_353' title='bbox 1170 1466 1301 1517; x_wconf 88' lang='lat' dir='ltr'><strong>poteris</strong></span> <span class='ocrx_word' id='word_1_354' title='bbox 1317 1475 1445 1504; x_wconf 81' lang='lat' dir='ltr'><strong>aeterna</strong></span> <span class='ocrx_word' id='word_1_355' title='bbox 1463 1467 1556 1505; x_wconf 85' lang='lat' dir='ltr'><strong>bona</strong></span> <span class='ocrx_word' id='word_1_356' title='bbox 1580 1470 1763 1519; x_wconf 82' lang='lat' dir='ltr'><strong>consequi,</strong></span> <span class='ocrx_word' id='word_1_357' title='bbox 1782 1471 1908 1521; x_wconf 85' lang='lat' dir='ltr'><strong>gratia,</strong></span> <span class='ocrx_word' id='word_1_358' title='bbox 1931 1473 2154 1512; x_wconf 89' lang='lat' dir='ltr'><strong>miseratione</strong></span> 
     </span>
     <span class='ocr_line' id='line_1_47' title="bbox 1170 1527 2153 1584; baseline 0.01 -21"><span class='ocrx_word' id='word_1_359' title='bbox 1170 1535 1204 1563; x_wconf 89' lang='lat' dir='ltr'><strong>et</strong></span> <span class='ocrx_word' id='word_1_360' title='bbox 1214 1527 1432 1578; x_wconf 80' lang='lat' dir='ltr'><strong>benignitate</strong></span> <span class='ocrx_word' id='word_1_361' title='bbox 1452 1527 1599 1566; x_wconf 87' lang='lat' dir='ltr'><strong>Domini</strong></span> <span class='ocrx_word' id='word_1_362' title='bbox 1618 1529 1728 1567; x_wconf 87' lang='lat' dir='ltr'><strong>nostri</strong></span> <span class='ocrx_word' id='word_1_363' title='bbox 1745 1531 1828 1569; x_wconf 88' lang='lat' dir='ltr'><strong>Jesu</strong></span> <span class='ocrx_word' id='word_1_364' title='bbox 1846 1531 1990 1581; x_wconf 84' lang='lat' dir='ltr'><strong>Christi,</strong></span> <span class='ocrx_word' id='word_1_365' title='bbox 2008 1534 2153 1584; x_wconf 89' lang='lat' dir='ltr'><strong>quicum</strong></span> 
     </span>
    </p>

    <p class='ocr_par' dir='ltr' id='par_1_12' title="bbox 1123 1588 2152 1751">
     <span class='ocr_line' id='line_1_48' title="bbox 1123 1588 2150 1646; baseline 0.005 -18"><span class='ocrx_word' id='word_1_366' title='bbox 1123 1598 1146 1628; x_wconf 89' lang='lat' dir='ltr'>B</span> <span class='ocrx_word' id='word_1_367' title='bbox 1171 1588 1269 1626; x_wconf 87' lang='lat' dir='ltr'><strong>Patri</strong></span> <span class='ocrx_word' id='word_1_368' title='bbox 1295 1603 1434 1640; x_wconf 88' lang='lat' dir='ltr'><strong>unaque</strong></span> <span class='ocrx_word' id='word_1_369' title='bbox 1456 1589 1608 1642; x_wconf 81' lang='lat' dir='ltr'><strong>Spiritui</strong></span> <span class='ocrx_word' id='word_1_370' title='bbox 1648 1600 1768 1629; x_wconf 85' lang='lat' dir='ltr'><strong>sancto</strong></span> <span class='ocrx_word' id='word_1_371' title='bbox 1797 1593 1922 1644; x_wconf 83' lang='lat' dir='ltr'><strong>gloria,</strong></span> <span class='ocrx_word' id='word_1_372' title='bbox 1946 1593 2150 1646; x_wconf 87' lang='lat' dir='ltr'><strong>imperium,</strong></span> 
     </span>
     <span class='ocr_line' id='line_1_49' title="bbox 1171 1653 2152 1706; baseline 0.008 -16"><span class='ocrx_word' id='word_1_373' title='bbox 1171 1653 1297 1701; x_wconf 88' lang='lat' dir='ltr'><strong>honor,</strong></span> <span class='ocrx_word' id='word_1_374' title='bbox 1317 1667 1412 1691; x_wconf 90' lang='lat' dir='ltr'><strong>nunc</strong></span> <span class='ocrx_word' id='word_1_375' title='bbox 1430 1663 1464 1691; x_wconf 86' lang='lat' dir='ltr'><strong>et</strong></span> <span class='ocrx_word' id='word_1_376' title='bbox 1491 1667 1642 1706; x_wconf 84' lang='lat' dir='ltr'><strong>semper,</strong></span> <span class='ocrx_word' id='word_1_377' title='bbox 1663 1663 1696 1693; x_wconf 90' lang='lat' dir='ltr'><strong>et</strong></span> <span class='ocrx_word' id='word_1_378' title='bbox 1720 1655 1757 1693; x_wconf 89' lang='lat' dir='ltr'><strong>in</strong></span> <span class='ocrx_word' id='word_1_379' title='bbox 1780 1657 1906 1694; x_wconf 57' lang='lat' dir='ltr'><strong>saecula</strong></span> <span class='ocrx_word' id='word_1_380' title='bbox 1931 1658 2152 1698; x_wconf 80' lang='lat' dir='ltr'><strong>saeculorum.</strong></span> 
     </span>
     <span class='ocr_line' id='line_1_50' title="bbox 1172 1715 1294 1751; baseline 0.008 -1"><span class='ocrx_word' id='word_1_381' title='bbox 1172 1715 1294 1751; x_wconf 87' lang='lat' dir='ltr'><strong>Amen.</strong></span> 
     </span>
    </p>
   </div>
   <div class='ocr_carea' id='block_1_12' title="bbox 1147 1846 1672 1890">
    <p class='ocr_par' dir='ltr' id='par_1_13' title="bbox 1147 1846 1672 1890">
     <span class='ocr_line' id='line_1_51' title="bbox 1147 1846 1672 1890; baseline 0.002 -11"><span class='ocrx_word' id='word_1_382' title='bbox 1147 1846 1246 1880; x_wconf 79' lang='lat' dir='ltr'><strong>Abest.</strong></span> <span class='ocrx_word' id='word_1_383' title='bbox 1261 1847 1348 1879; x_wconf 88' lang='lat' dir='ltr'><strong>enim</strong></span> <span class='ocrx_word' id='word_1_384' title='bbox 1364 1859 1381 1879; x_wconf 86' lang='lat' dir='ltr'><strong>a</strong></span> <span class='ocrx_word' id='word_1_385' title='bbox 1397 1847 1505 1880; x_wconf 88' lang='lat' dir='ltr'><strong>Codd.</strong></span> <span class='ocrx_word' id='word_1_386' title='bbox 1522 1849 1672 1890; x_wconf 81' lang='lat' dir='ltr'><strong>nostris.]</strong></span> 
     </span>
    </p>
   </div>
   <div class='ocr_carea' id='block_1_13' title="bbox 710 2020 2070 2042">
    <p class='ocr_par' dir='ltr' id='par_1_14' title="bbox 710 2020 2070 2042">
     <span class='ocr_line' id='line_1_52' title="bbox 710 2020 2070 2042; baseline 0 0"><span class='ocrx_word' id='word_1_387' title='bbox 710 2020 2070 2042; x_wconf 95' lang='lat' dir='ltr'><strong> </strong></span> 
     </span>
    </p>
   </div>
   <div class='ocr_carea' id='block_1_14' title="bbox 459 2147 716 2193">
    <p class='ocr_par' dir='ltr' id='par_1_15' title="bbox 459 2147 716 2193">
     <span class='ocr_line' id='line_1_53' title="bbox 459 2147 716 2193; baseline -0.004 -6"><span class='ocrx_word' id='word_1_388' title='bbox 459 2150 637 2187; x_wconf 76' lang='grc' dir='ltr'>ΟΜῙΛῙΑ</span> <span class='ocrx_word' id='word_1_389' title='bbox 662 2147 716 2193; x_wconf 75' lang='grc' dir='ltr'>ις’.</span> 
     </span>
    </p>
   </div>
   <div class='ocr_carea' id='block_1_15' title="bbox 75 2270 1094 2627">
    <p class='ocr_par' dir='ltr' id='par_1_16' title="bbox 75 2270 1094 2627">
     <span class='ocr_line' id='line_1_54' title="bbox 75 2270 1094 2322; baseline 0 -12"><span class='ocrx_word' id='word_1_390' title='bbox 75 2272 249 2320; x_wconf 79' lang='grc' dir='ltr'>Ἔλοίλησε</span> <span class='ocrx_word' id='word_1_391' title='bbox 277 2271 312 2309; x_wconf 81' lang='grc' dir='ltr'><strong>δὲ</strong></span> <span class='ocrx_word' id='word_1_392' title='bbox 343 2270 451 2314; x_wconf 78' lang='grc' dir='ltr'>οὕτως</span> <span class='ocrx_word' id='word_1_393' title='bbox 484 2273 501 2308; x_wconf 83' lang='grc' dir='ltr'>ὃ</span> <span class='ocrx_word' id='word_1_394' title='bbox 532 2271 621 2314; x_wconf 85' lang='grc' dir='ltr'>Θεὸς</span> <span class='ocrx_word' id='word_1_395' title='bbox 655 2270 901 2322; x_wconf 65' lang='grc' dir='ltr'>Ἶλέγων],ὅ’τι</span> <span class='ocrx_word' id='word_1_396' title='bbox 933 2271 1029 2310; x_wconf 77' lang='grc' dir='ltr'>ἔσται</span> <span class='ocrx_word' id='word_1_397' title='bbox 1054 2271 1094 2310; x_wconf 79' lang='grc' dir='ltr'>τὸ</span> 
     </span>
     <span class='ocr_line' id='line_1_55' title="bbox 126 2331 1093 2387; baseline -0.001 -15"><span class='ocrx_word' id='word_1_398' title='bbox 126 2333 266 2387; x_wconf 81' lang='grc' dir='ltr'>σπέρμα</span> <span class='ocrx_word' id='word_1_399' title='bbox 286 2334 389 2370; x_wconf 81' lang='grc' dir='ltr'>αὐτοῦ</span> <span class='ocrx_word' id='word_1_400' title='bbox 408 2331 574 2383; x_wconf 83' lang='grc' dir='ltr'>πάροικον</span> <span class='ocrx_word' id='word_1_401' title='bbox 597 2333 631 2369; x_wconf 84' lang='grc' dir='ltr'>ἐν</span> <span class='ocrx_word' id='word_1_402' title='bbox 658 2335 702 2384; x_wconf 79' lang='grc' dir='ltr'>γῇ</span> <span class='ocrx_word' id='word_1_403' title='bbox 723 2332 909 2385; x_wconf 75' lang='grc' dir='ltr'>ἀλλοτρία,</span> <span class='ocrx_word' id='word_1_404' title='bbox 932 2333 992 2370; x_wconf 82' lang='grc' dir='ltr'><strong>καὶ</strong></span> <span class='ocrx_word' id='word_1_405' title='bbox 1013 2334 1093 2371; x_wconf 70' lang='grc' dir='ltr'>ὅου-</span> 
     </span>
     <span class='ocr_line' id='line_1_56' title="bbox 123 2391 1089 2446; baseline 0 -14"><span class='ocrx_word' id='word_1_406' title='bbox 123 2394 293 2432; x_wconf 80' lang='grc' dir='ltr'>λώσουσιν</span> <span class='ocrx_word' id='word_1_407' title='bbox 325 2392 407 2431; x_wconf 76' lang='grc' dir='ltr'>αὐτὸ</span> <span class='ocrx_word' id='word_1_408' title='bbox 438 2392 498 2430; x_wconf 82' lang='grc' dir='ltr'><strong>καὶ</strong></span> <span class='ocrx_word' id='word_1_409' title='bbox 525 2391 741 2431; x_wconf 75' lang='grc' dir='ltr'>κακώσουσιν</span> <span class='ocrx_word' id='word_1_410' title='bbox 776 2393 836 2440; x_wconf 84' lang='grc' dir='ltr'>ἔτη</span> <span class='ocrx_word' id='word_1_411' title='bbox 864 2393 1089 2446; x_wconf 77' lang='grc' dir='ltr'>τετρακόσια’</span> 
     </span>
     <span class='ocr_line' id='line_1_57' title="bbox 125 2448 1089 2507; baseline 0 -14"><span class='ocrx_word' id='word_1_412' title='bbox 125 2455 184 2493; x_wconf 86' lang='grc' dir='ltr'><strong>καὶ</strong></span> <span class='ocrx_word' id='word_1_413' title='bbox 202 2455 242 2493; x_wconf 82' lang='grc' dir='ltr'>τὸ</span> <span class='ocrx_word' id='word_1_414' title='bbox 261 2455 365 2502; x_wconf 79' lang='grc' dir='ltr'>ἔθνος,</span> <span class='ocrx_word' id='word_1_415' title='bbox 388 2448 416 2507; x_wconf 72' lang='grc' dir='ltr'>ᾧ</span> <span class='ocrx_word' id='word_1_416' title='bbox 439 2453 496 2492; x_wconf 84' lang='grc' dir='ltr'>ἐὰν</span> <span class='ocrx_word' id='word_1_417' title='bbox 515 2453 741 2501; x_wconf 79' lang='grc' dir='ltr'>δουλεύσωσι,</span> <span class='ocrx_word' id='word_1_418' title='bbox 758 2457 864 2506; x_wconf 83' lang='grc' dir='ltr'>κρινῶ</span> <span class='ocrx_word' id='word_1_419' title='bbox 887 2453 975 2506; x_wconf 82' lang='grc' dir='ltr'>ἐγὼ,</span> <span class='ocrx_word' id='word_1_420' title='bbox 997 2448 1089 2493; x_wconf 63' lang='grc' dir='ltr'>εἶπεν</span> 
     </span>
     <span class='ocr_line' id='line_1_58' title="bbox 127 2514 1091 2565; baseline -0.003 -10"><span class='ocrx_word' id='word_1_421' title='bbox 127 2520 145 2555; x_wconf 79' lang='grc' dir='ltr'>ὃ</span> <span class='ocrx_word' id='word_1_422' title='bbox 175 2515 264 2559; x_wconf 87' lang='grc' dir='ltr'>Θεός</span> <span class='ocrx_word' id='word_1_423' title='bbox 281 2531 288 2538; x_wconf 91' lang='grc'>·</span> <span class='ocrx_word' id='word_1_424' title='bbox 309 2515 368 2553; x_wconf 81' lang='grc' dir='ltr'><strong>καὶ</strong></span> <span class='ocrx_word' id='word_1_425' title='bbox 401 2514 491 2565; x_wconf 84' lang='grc' dir='ltr'>μετὰ</span> <span class='ocrx_word' id='word_1_426' title='bbox 522 2519 632 2552; x_wconf 83' lang='grc' dir='ltr'>ταῦτα</span> <span class='ocrx_word' id='word_1_427' title='bbox 660 2514 913 2562; x_wconf 79' lang='grc' dir='ltr'>ἐξελεύσονται,</span> <span class='ocrx_word' id='word_1_428' title='bbox 940 2514 1000 2552; x_wconf 82' lang='grc' dir='ltr'><strong>καὶ</strong></span> <span class='ocrx_word' id='word_1_429' title='bbox 1030 2518 1091 2553; x_wconf 78' lang='grc' dir='ltr'><strong>λα-</strong></span> 
     </span>
     <span class='ocr_line' id='line_1_59' title="bbox 126 2574 750 2627; baseline -0.003 -13"><span class='ocrx_word' id='word_1_430' title='bbox 126 2575 305 2627; x_wconf 79' lang='grc' dir='ltr'>τρεύσουσί</span> <span class='ocrx_word' id='word_1_431' title='bbox 325 2590 384 2626; x_wconf 78' lang='grc' dir='ltr'><strong>μοι</strong></span> <span class='ocrx_word' id='word_1_432' title='bbox 402 2578 435 2613; x_wconf 83' lang='grc' dir='ltr'>ἐν</span> <span class='ocrx_word' id='word_1_433' title='bbox 450 2577 500 2626; x_wconf 81' lang='grc' dir='ltr'>τῷ</span> <span class='ocrx_word' id='word_1_434' title='bbox 516 2574 612 2627; x_wconf 85' lang='grc' dir='ltr'>τόπῳ</span> <span class='ocrx_word' id='word_1_435' title='bbox 630 2575 750 2627; x_wconf 83' lang='grc' dir='ltr'>τούτῳ.</span> 
     </span>
    </p>
   </div>
   <div class='ocr_carea' id='block_1_16' title="bbox 73 2757 1092 3236">
    <p class='ocr_par' dir='ltr' id='par_1_17' title="bbox 73 2757 1092 3236">
     <span class='ocr_line' id='line_1_60' title="bbox 123 2757 1091 2811; baseline 0.001 -14"><span class='ocrx_word' id='word_1_436' title='bbox 123 2757 220 2810; x_wconf 72' lang='grc' dir='ltr'><strong>&lt;Όρα</strong></span> <span class='ocrx_word' id='word_1_437' title='bbox 250 2757 317 2811; x_wconf 86' lang='grc' dir='ltr'><strong>πρὸ</strong></span> <span class='ocrx_word' id='word_1_438' title='bbox 353 2757 469 2796; x_wconf 88' lang='grc' dir='ltr'>πόσων</span> <span class='ocrx_word' id='word_1_439' title='bbox 508 2758 593 2795; x_wconf 79' lang='grc' dir='ltr'>ἐτῶν</span> <span class='ocrx_word' id='word_1_440' title='bbox 623 2760 644 2804; x_wconf 79' lang='grc' dir='ltr'>ἡ</span> <span class='ocrx_word' id='word_1_441' title='bbox 673 2758 864 2810; x_wconf 78' lang='grc' dir='ltr'>ἐπαγγελία</span> <span class='ocrx_word' id='word_1_442' title='bbox 891 2759 950 2798; x_wconf 82' lang='grc' dir='ltr'><strong>καὶ</strong></span> <span class='ocrx_word' id='word_1_443' title='bbox 981 2762 998 2798; x_wconf 84' lang='grc' dir='ltr'><em>ὃ</em></span> <span class='ocrx_word' id='word_1_444' title='bbox 1031 2762 1091 2806; x_wconf 67' lang='grc' dir='ltr'>τῆς</span> 
     </span>
     <span class='ocr_line' id='line_1_61' title="bbox 73 2817 1090 2870; baseline 0.001 -14"><span class='ocrx_word' id='word_1_445' title='bbox 73 2818 282 2870; x_wconf 80' lang='grc' dir='ltr'>ἐπαγγελίας</span> <span class='ocrx_word' id='word_1_446' title='bbox 299 2818 437 2870; x_wconf 88' lang='grc' dir='ltr'>τρόπος,</span> <span class='ocrx_word' id='word_1_447' title='bbox 456 2817 515 2856; x_wconf 84' lang='grc' dir='ltr'><strong>καὶ</strong></span> <span class='ocrx_word' id='word_1_448' title='bbox 538 2819 689 2869; x_wconf 78' lang='grc' dir='ltr'>οὐδαμοῦ</span> <span class='ocrx_word' id='word_1_449' title='bbox 708 2820 829 2866; x_wconf 81' lang='grc' dir='ltr'>θυσία,</span> <span class='ocrx_word' id='word_1_450' title='bbox 849 2821 1000 2870; x_wconf 77' lang='grc' dir='ltr'>οὐδαμοῦ</span> <span class='ocrx_word' id='word_1_451' title='bbox 1027 2835 1090 2857; x_wconf 86' lang='grc' dir='ltr'><strong>πε-</strong></span> 
     </span>
     <span class='ocr_line' id='line_1_62' title="bbox 76 2877 1091 2933; baseline -0.001 -15"><span class='ocrx_word' id='word_1_452' title='bbox 76 2879 212 2933; x_wconf 81' lang='grc' dir='ltr'>ριτομή.</span> <span class='ocrx_word' id='word_1_453' title='bbox 230 2879 405 2917; x_wconf 79' lang='grc' dir='ltr'>Ἐνταῦθα</span> <span class='ocrx_word' id='word_1_454' title='bbox 420 2877 436 2898; x_wconf 80' lang='lat'><strong>¹³</strong></span> <span class='ocrx_word' id='word_1_455' title='bbox 457 2878 645 2926; x_wconf 80' lang='grc' dir='ltr'>δείκνυσιν,</span> <span class='ocrx_word' id='word_1_456' title='bbox 664 2879 718 2917; x_wconf 82' lang='grc' dir='ltr'><strong>ὅτι</strong></span> <span class='ocrx_word' id='word_1_457' title='bbox 738 2881 837 2925; x_wconf 76' lang='grc' dir='ltr'>αὐτὸς</span> <span class='ocrx_word' id='word_1_458' title='bbox 859 2880 979 2924; x_wconf 76' lang='grc' dir='ltr'>αὐτοὺς</span> <span class='ocrx_word' id='word_1_459' title='bbox 997 2880 1091 2933; x_wconf 68' lang='grc' dir='ltr'>ἠφίει</span> 
     </span>
     <span class='ocr_line' id='line_1_63' title="bbox 73 2939 1089 2992; baseline 0.002 -14"><span class='ocrx_word' id='word_1_460' title='bbox 73 2942 189 2984; x_wconf 77' lang='grc' dir='ltr'>κακῶς</span> <span class='ocrx_word' id='word_1_461' title='bbox 208 2940 356 2992; x_wconf 75' lang='grc' dir='ltr'>πάσχειν</span> <span class='ocrx_word' id='word_1_462' title='bbox 368 2969 378 2987; x_wconf 92' lang='grc'>,</span> <span class='ocrx_word' id='word_1_463' title='bbox 399 2940 458 2977; x_wconf 79' lang='grc' dir='ltr'><strong>καὶ</strong></span> <span class='ocrx_word' id='word_1_464' title='bbox 477 2939 530 2977; x_wconf 78' lang='grc' dir='ltr'><strong>ὅτι</strong></span> <span class='ocrx_word' id='word_1_465' title='bbox 548 2940 608 2977; x_wconf 73' lang='grc' dir='ltr'>οὖν.</span> <span class='ocrx_word' id='word_1_466' title='bbox 633 2940 829 2992; x_wconf 82' lang='grc' dir='ltr'>ἀτιμωρητὶ</span> <span class='ocrx_word' id='word_1_467' title='bbox 847 2945 957 2979; x_wconf 87' lang='grc' dir='ltr'>ταῦτα</span> <span class='ocrx_word' id='word_1_468' title='bbox 981 2941 1089 2980; x_wconf 82' lang='grc' dir='ltr'>ἔσται.</span> 
     </span>
     <span class='ocr_line' id='line_1_64' title="bbox 74 2996 1092 3054; baseline 0.001 -14"><span class='ocrx_word' id='word_1_469' title='bbox 74 3003 107 3040; x_wconf 83' lang='grc' dir='ltr'><strong>Τ</strong></span> <span class='ocrx_word' id='word_1_470' title='bbox 109 3003 127 3040; x_wconf 80' lang='grc' dir='ltr'>ὸ</span> <span class='ocrx_word' id='word_1_471' title='bbox 146 3001 181 3039; x_wconf 73' lang='grc' dir='ltr'><strong>δὲ</strong></span> <span class='ocrx_word' id='word_1_472' title='bbox 197 3002 302 3050; x_wconf 83' lang='grc' dir='ltr'>ἔθνος,</span> <span class='ocrx_word' id='word_1_473' title='bbox 327 2996 355 3053; x_wconf 71' lang='grc' dir='ltr'>ᾧ</span> <span class='ocrx_word' id='word_1_474' title='bbox 373 3001 431 3040; x_wconf 81' lang='grc' dir='ltr'>ἐὰν</span> <span class='ocrx_word' id='word_1_475' title='bbox 455 3000 681 3049; x_wconf 77' lang='grc' dir='ltr'>δουλεύσωσι,</span> <span class='ocrx_word' id='word_1_476' title='bbox 715 3003 821 3053; x_wconf 77' lang='grc' dir='ltr'>κρινῶ</span> <span class='ocrx_word' id='word_1_477' title='bbox 850 3003 930 3054; x_wconf 84' lang='grc' dir='ltr'>ἐγὼ,</span> <span class='ocrx_word' id='word_1_478' title='bbox 963 2998 1055 3042; x_wconf 67' lang='grc' dir='ltr'>εἶπεν</span> <span class='ocrx_word' id='word_1_479' title='bbox 1074 3006 1092 3041; x_wconf 85' lang='grc' dir='ltr'><em>ὃ</em></span> 
     </span>
     <span class='ocr_line' id='line_1_65' title="bbox 73 3062 1091 3117; baseline 0.002 -16"><span class='ocrx_word' id='word_1_480' title='bbox 73 3062 175 3106; x_wconf 79' lang='grc' dir='ltr'>Θεός.</span> <span class='ocrx_word' id='word_1_481' title='bbox 195 3062 322 3114; x_wconf 70' lang='grc' dir='ltr'>Ὁρᾷς,</span> <span class='ocrx_word' id='word_1_482' title='bbox 341 3065 359 3100; x_wconf 80' lang='grc' dir='ltr'><strong><em>ὃ</em></strong></span> <span class='ocrx_word' id='word_1_483' title='bbox 376 3062 683 3113; x_wconf 76' lang='grc' dir='ltr'>ἐπαγγειλάμενος,</span> <span class='ocrx_word' id='word_1_484' title='bbox 700 3065 717 3100; x_wconf 83' lang='grc' dir='ltr'>ὁ</span> <span class='ocrx_word' id='word_1_485' title='bbox 734 3062 808 3106; x_wconf 79' lang='grc' dir='ltr'>δοὺς</span> <span class='ocrx_word' id='word_1_486' title='bbox 827 3063 889 3110; x_wconf 79' lang='grc' dir='ltr'><strong>τὴν</strong></span> <span class='ocrx_word' id='word_1_487' title='bbox 903 3066 982 3116; x_wconf 65' lang='grc' dir='ltr'>γῆν,</span> <span class='ocrx_word' id='word_1_488' title='bbox 1002 3064 1091 3117; x_wconf 86' lang='grc' dir='ltr'>πρό-</span> 
     </span>
     <span class='ocr_line' id='line_1_66' title="bbox 73 3122 1092 3176; baseline 0.003 -15"><span class='ocrx_word' id='word_1_489' title='bbox 73 3139 172 3176; x_wconf 88' lang='grc' dir='ltr'>τερον</span> <span class='ocrx_word' id='word_1_490' title='bbox 199 3123 243 3161; x_wconf 85' lang='grc' dir='ltr'>τὰ</span> <span class='ocrx_word' id='word_1_491' title='bbox 258 3122 351 3162; x_wconf 83' lang='grc' dir='ltr'>κακὰ</span> <span class='ocrx_word' id='word_1_492' title='bbox 371 3129 564 3176; x_wconf 83' lang='grc' dir='ltr'>συγχωρεῖ·</span> <span class='ocrx_word' id='word_1_493' title='bbox 581 3122 670 3161; x_wconf 74' lang='grc' dir='ltr'>οὕτω</span> <span class='ocrx_word' id='word_1_494' title='bbox 688 3123 747 3161; x_wconf 86' lang='grc' dir='ltr'><strong>καὶ</strong></span> <span class='ocrx_word' id='word_1_495' title='bbox 771 3128 842 3172; x_wconf 89' lang='grc' dir='ltr'>νῦν,</span> <span class='ocrx_word' id='word_1_496' title='bbox 867 3125 896 3162; x_wconf 88' lang='grc' dir='ltr'><strong>εἷ</strong></span> <span class='ocrx_word' id='word_1_497' title='bbox 915 3125 973 3163; x_wconf 84' lang='grc' dir='ltr'><strong>καὶ</strong></span> <span class='ocrx_word' id='word_1_498' title='bbox 993 3128 1092 3176; x_wconf 89' lang='grc' dir='ltr'>βασι-</span> 
     </span>
     <span class='ocr_line' id='line_1_67' title="bbox 73 3182 1091 3236; baseline 0.004 -16"><span class='ocrx_word' id='word_1_499' title='bbox 73 3184 168 3222; x_wconf 91' lang='grc' dir='ltr'>λείαν</span> <span class='ocrx_word' id='word_1_500' title='bbox 195 3182 439 3236; x_wconf 85' lang='grc' dir='ltr'>ἐπηγγείλατο,</span> <span class='ocrx_word' id='word_1_501' title='bbox 460 3183 538 3222; x_wconf 80' lang='grc' dir='ltr'>ἀλλ’</span> <span class='ocrx_word' id='word_1_502' title='bbox 562 3183 702 3235; x_wconf 72' lang='grc' dir='ltr'>ἀφίησιν</span> <span class='ocrx_word' id='word_1_503' title='bbox 723 3184 996 3235; x_wconf 84' lang='grc' dir='ltr'>ἐγγυμνάζεσθαι</span> <span class='ocrx_word' id='word_1_504' title='bbox 1021 3192 1091 3229; x_wconf 91' lang='grc' dir='ltr'>τοῖς</span> 
     </span>
    </p>
   </div>
   <div class='ocr_carea' id='block_1_17' title="bbox 78 3306 1080 3399">
    <p class='ocr_par' dir='ltr' id='par_1_18' title="bbox 78 3306 1080 3399">
     <span class='ocr_line' id='line_1_68' title="bbox 120 3306 1080 3352; baseline 0.002 -12"><span class='ocrx_word' id='word_1_505' title='bbox 120 3318 133 3333; x_wconf 66' lang='lat' dir='ltr'><strong>a</strong></span> <span class='ocrx_word' id='word_1_506' title='bbox 148 3308 160 3349; x_wconf 88' lang='lat'>[</span> <span class='ocrx_word' id='word_1_507' title='bbox 177 3311 282 3350; x_wconf 73' lang='grc' dir='ltr'>λέγων,</span> <span class='ocrx_word' id='word_1_508' title='bbox 304 3309 463 3341; x_wconf 82' lang='lat' dir='ltr'><strong>omissum</strong></span> <span class='ocrx_word' id='word_1_509' title='bbox 488 3320 520 3341; x_wconf 76' lang='grc' dir='ltr'><strong>ιι]</strong></span> <span class='ocrx_word' id='word_1_510' title='bbox 545 3309 583 3341; x_wconf 91' lang='lat' dir='ltr'><strong>D.</strong></span> <span class='ocrx_word' id='word_1_511' title='bbox 610 3315 642 3341; x_wconf 84' lang='lat' dir='ltr'><strong>et</strong></span> <span class='ocrx_word' id='word_1_512' title='bbox 665 3306 766 3352; x_wconf 62' lang='lat' dir='ltr'><strong>mbr,</strong></span> <span class='ocrx_word' id='word_1_513' title='bbox 788 3308 979 3342; x_wconf 75' lang='lat' dir='ltr'><strong>inclusimus</strong></span> <span class='ocrx_word' id='word_1_514' title='bbox 1004 3321 1080 3343; x_wconf 87' lang='lat' dir='ltr'><strong>cum</strong></span> 
     </span>
     <span class='ocr_line' id='line_1_69' title="bbox 78 3358 277 3399; baseline -0.015 -7"><span class='ocrx_word' id='word_1_515' title='bbox 78 3358 183 3392; x_wconf 82' lang='lat' dir='ltr'><strong>Editt.</strong></span> <span class='ocrx_word' id='word_1_516' title='bbox 204 3359 277 3399; x_wconf 59' lang='lat' dir='ltr'><strong>cit]</strong></span> 
     </span>
    </p>
   </div>
   <div class='ocr_carea' id='block_1_18' title="bbox 263 3426 441 3451">
    <p class='ocr_par' dir='ltr' id='par_1_19' title="bbox 263 3426 441 3451">
     <span class='ocr_line' id='line_1_70' title="bbox 263 3426 441 3451; baseline -0.006 0"><span class='ocrx_word' id='word_1_517' title='bbox 263 3426 356 3451; x_wconf 79' lang='lat' dir='ltr'><strong>TOM.</strong></span> <span class='ocrx_word' id='word_1_518' title='bbox 390 3428 441 3451; x_wconf 80' lang='lat' dir='ltr'><strong>lx.</strong></span> 
     </span>
    </p>
   </div>
   <div class='ocr_carea' id='block_1_19' title="bbox 1482 2152 1829 2193">
    <p class='ocr_par' dir='ltr' id='par_1_20' title="bbox 1482 2152 1829 2193">
     <span class='ocr_line' id='line_1_71' title="bbox 1482 2152 1829 2193; baseline 0.003 -3"><span class='ocrx_word' id='word_1_519' title='bbox 1482 2152 1692 2191; x_wconf 82' lang='lat' dir='ltr'>HOMILIA</span> <span class='ocrx_word' id='word_1_520' title='bbox 1727 2153 1829 2193; x_wconf 77' lang='lat' dir='ltr'><strong>XVI.</strong></span> 
     </span>
    </p>
   </div>
   <div class='ocr_carea' id='block_1_20' title="bbox 1166 2272 2153 2629">
    <p class='ocr_par' dir='ltr' id='par_1_21' title="bbox 1166 2272 2153 2629">
     <span class='ocr_line' id='line_1_72' title="bbox 1166 2272 2150 2327; baseline 0.009 -17"><span class='ocrx_word' id='word_1_521' title='bbox 1166 2272 1256 2311; x_wconf 76' lang='lat' dir='ltr'><strong>CAP.</strong></span> <span class='ocrx_word' id='word_1_522' title='bbox 1278 2273 1365 2313; x_wconf 83' lang='lat' dir='ltr'><strong>VII.</strong></span> <span class='ocrx_word' id='word_1_523' title='bbox 1383 2287 1419 2312; x_wconf 84' lang='lat' dir='ltr'><strong>v.</strong></span> <span class='ocrx_word' id='word_1_524' title='bbox 1437 2275 1473 2312; x_wconf 88' lang='lat'><strong>6.</strong></span> <span class='ocrx_word' id='word_1_525' title='bbox 1490 2275 1689 2327; x_wconf 79' lang='lat' dir='ltr'><strong>Loquzctus</strong></span> <span class='ocrx_word' id='word_1_526' title='bbox 1719 2285 1776 2314; x_wconf 83' lang='lat' dir='ltr'><strong>est</strong></span> <span class='ocrx_word' id='word_1_527' title='bbox 1804 2284 1932 2315; x_wconf 83' lang='lat' dir='ltr'><strong>autem</strong></span> <span class='ocrx_word' id='word_1_528' title='bbox 1963 2281 2018 2318; x_wconf 80' lang='lat' dir='ltr'><strong>sic</strong></span> <span class='ocrx_word' id='word_1_529' title='bbox 2044 2281 2150 2319; x_wconf 82' lang='lat' dir='ltr'><strong>Deus</strong></span> 
     </span>
     <span class='ocr_line' id='line_1_73' title="bbox 1217 2335 2147 2389; baseline 0.009 -19"><span class='ocrx_word' id='word_1_530' title='bbox 1217 2335 1348 2371; x_wconf 80' lang='lat' dir='ltr'><strong>dicens</strong></span> <span class='ocrx_word' id='word_1_531' title='bbox 1382 2349 1390 2370; x_wconf 75' lang='grc' dir='ltr'><strong><em>ε</em></strong></span> <span class='ocrx_word' id='word_1_532' title='bbox 1430 2335 1532 2385; x_wconf 81' lang='lat' dir='ltr'><strong>Quia</strong></span> <span class='ocrx_word' id='word_1_533' title='bbox 1568 2338 1640 2374; x_wconf 87' lang='lat' dir='ltr'><strong>erit</strong></span> <span class='ocrx_word' id='word_1_534' title='bbox 1670 2350 1799 2374; x_wconf 81' lang='lat' dir='ltr'><strong>semen</strong></span> <span class='ocrx_word' id='word_1_535' title='bbox 1826 2340 1909 2389; x_wconf 81' lang='lat' dir='ltr'><strong>ejus</strong></span> <span class='ocrx_word' id='word_1_536' title='bbox 1938 2340 2074 2377; x_wconf 79' lang='lat' dir='ltr'><strong>accola</strong></span> <span class='ocrx_word' id='word_1_537' title='bbox 2106 2343 2147 2378; x_wconf 84' lang='lat' dir='ltr'><strong>in</strong></span> 
     </span>
     <span class='ocr_line' id='line_1_74' title="bbox 1217 2395 2146 2451; baseline 0.008 -20"><span class='ocrx_word' id='word_1_538' title='bbox 1217 2401 1321 2431; x_wconf 82' lang='lat' dir='ltr'><strong>terra</strong></span> <span class='ocrx_word' id='word_1_539' title='bbox 1354 2395 1508 2441; x_wconf 83' lang='lat' dir='ltr'><strong>aliena,</strong></span> <span class='ocrx_word' id='word_1_540' title='bbox 1545 2404 1582 2433; x_wconf 86' lang='lat' dir='ltr'><strong>et</strong></span> <span class='ocrx_word' id='word_1_541' title='bbox 1612 2399 1787 2434; x_wconf 60' lang='lat' dir='ltr'><strong>servituti</strong></span> <span class='ocrx_word' id='word_1_542' title='bbox 1817 2411 1880 2435; x_wconf 81' lang='lat' dir='ltr'><strong>eos</strong></span> <span class='ocrx_word' id='word_1_543' title='bbox 1917 2400 2146 2451; x_wconf 80' lang='lat' dir='ltr'><strong>subjicient,</strong></span> 
     </span>
     <span class='ocr_line' id='line_1_75' title="bbox 1214 2455 2149 2512; baseline 0.007 -21"><span class='ocrx_word' id='word_1_544' title='bbox 1214 2463 1250 2491; x_wconf 83' lang='lat' dir='ltr'><strong>et</strong></span> <span class='ocrx_word' id='word_1_545' title='bbox 1282 2455 1386 2493; x_wconf 83' lang='lat' dir='ltr'><strong>male</strong></span> <span class='ocrx_word' id='word_1_546' title='bbox 1407 2458 1629 2494; x_wconf 82' lang='lat' dir='ltr'><strong>tractabunt</strong></span> <span class='ocrx_word' id='word_1_547' title='bbox 1656 2471 1718 2496; x_wconf 82' lang='lat' dir='ltr'><strong>eos</strong></span> <span class='ocrx_word' id='word_1_548' title='bbox 1747 2461 1862 2496; x_wconf 80' lang='lat' dir='ltr'><strong>annis</strong></span> <span class='ocrx_word' id='word_1_549' title='bbox 1889 2461 2149 2512; x_wconf 77' lang='lat' dir='ltr'><strong>quadringen—</strong></span> 
     </span>
     <span class='ocr_line' id='line_1_76' title="bbox 1216 2515 2149 2572; baseline 0.008 -21"><span class='ocrx_word' id='word_1_550' title='bbox 1216 2517 1264 2552; x_wconf 81' lang='lat' dir='ltr'><strong>tis</strong></span> <span class='ocrx_word' id='word_1_551' title='bbox 1277 2529 1293 2560; x_wconf 89' lang='lat'><strong>,·</strong></span> <span class='ocrx_word' id='word_1_552' title='bbox 1325 2515 1360 2551; x_wconf 81' lang='lat'><strong>7.</strong></span> <span class='ocrx_word' id='word_1_553' title='bbox 1382 2523 1418 2552; x_wconf 82' lang='lat' dir='ltr'><strong>et</strong></span> <span class='ocrx_word' id='word_1_554' title='bbox 1437 2525 1588 2567; x_wconf 82' lang='lat' dir='ltr'><strong>gentem</strong></span> <span class='ocrx_word' id='word_1_555' title='bbox 1613 2520 1677 2554; x_wconf 82' lang='lat' dir='ltr'><strong>cui</strong></span> <span class='ocrx_word' id='word_1_556' title='bbox 1703 2521 1927 2567; x_wconf 77' lang='lat' dir='ltr'><strong>servierint,</strong></span> <span class='ocrx_word' id='word_1_557' title='bbox 1962 2521 2149 2572; x_wconf 79' lang='lat' dir='ltr'><strong>judicabo</strong></span> 
     </span>
     <span class='ocr_line' id='line_1_77' title="bbox 1217 2577 2153 2629; baseline 0.009 -17"><span class='ocrx_word' id='word_1_558' title='bbox 1217 2589 1284 2628; x_wconf 83' lang='lat' dir='ltr'><strong>ego</strong></span> <span class='ocrx_word' id='word_1_559' title='bbox 1297 2604 1308 2622; x_wconf 83' lang='lat'><strong>,</strong></span> <span class='ocrx_word' id='word_1_560' title='bbox 1341 2577 1436 2614; x_wconf 81' lang='lat' dir='ltr'><strong>dicit</strong></span> <span class='ocrx_word' id='word_1_561' title='bbox 1455 2578 1591 2618; x_wconf 51' lang='lat' dir='ltr'><strong>Deum</strong></span> <span class='ocrx_word' id='word_1_562' title='bbox 1621 2587 1657 2615; x_wconf 84' lang='lat' dir='ltr'><strong>et</strong></span> <span class='ocrx_word' id='word_1_563' title='bbox 1682 2588 1769 2629; x_wconf 79' lang='lat' dir='ltr'><strong>post</strong></span> <span class='ocrx_word' id='word_1_564' title='bbox 1794 2581 1876 2618; x_wconf 81' lang='lat' dir='ltr'><strong>lzoee</strong></span> <span class='ocrx_word' id='word_1_565' title='bbox 1904 2584 2065 2621; x_wconf 72' lang='lat' dir='ltr'><strong>exibunt</strong></span> <span class='ocrx_word' id='word_1_566' title='bbox 2077 2611 2089 2629; x_wconf 82' lang='lat'><strong>,</strong></span> <span class='ocrx_word' id='word_1_567' title='bbox 2113 2591 2153 2620; x_wconf 87' lang='lat' dir='ltr'><strong>et</strong></span> 
     </span>
    </p>
   </div>
   <div class='ocr_carea' id='block_1_21' title="bbox 1117 2637 1764 2676">
    <p class='ocr_par' dir='ltr' id='par_1_22' title="bbox 1117 2637 1764 2676">
     <span class='ocr_line' id='line_1_78' title="bbox 1117 2637 1764 2676; baseline 0.002 -3"><span class='ocrx_word' id='word_1_568' title='bbox 1117 2637 1140 2668; x_wconf 92' lang='lat' dir='ltr'>C</span> <span class='ocrx_word' id='word_1_569' title='bbox 1217 2638 1383 2674; x_wconf 74' lang='lat' dir='ltr'><strong>servient</strong></span> <span class='ocrx_word' id='word_1_570' title='bbox 1402 2638 1497 2674; x_wconf 78' lang='lat' dir='ltr'><strong>mihi</strong></span> <span class='ocrx_word' id='word_1_571' title='bbox 1517 2639 1558 2674; x_wconf 86' lang='lat' dir='ltr'><strong>in</strong></span> <span class='ocrx_word' id='word_1_572' title='bbox 1579 2637 1662 2675; x_wconf 84' lang='lat' dir='ltr'><strong>loco</strong></span> <span class='ocrx_word' id='word_1_573' title='bbox 1681 2640 1764 2676; x_wconf 80' lang='lat' dir='ltr'><strong>isto.</strong></span> 
     </span>
    </p>
   </div>
   <div class='ocr_carea' id='block_1_22' title="bbox 1158 2758 2149 3240">
    <p class='ocr_par' dir='ltr' id='par_1_23' title="bbox 1158 2758 2149 3240">
     <span class='ocr_line' id='line_1_79' title="bbox 1219 2758 2149 2815; baseline 0.008 -19"><span class='ocrx_word' id='word_1_574' title='bbox 1219 2762 1253 2796; x_wconf 85' lang='grc'><strong>1.</strong></span> <span class='ocrx_word' id='word_1_575' title='bbox 1284 2758 1379 2798; x_wconf 90' lang='lat' dir='ltr'><strong>Vide</strong></span> <span class='ocrx_word' id='word_1_576' title='bbox 1397 2768 1477 2797; x_wconf 87' lang='lat' dir='ltr'><strong>ante</strong></span> <span class='ocrx_word' id='word_1_577' title='bbox 1495 2768 1580 2810; x_wconf 90' lang='lat' dir='ltr'><strong>quot</strong></span> <span class='ocrx_word' id='word_1_578' title='bbox 1605 2772 1714 2798; x_wconf 86' lang='lat' dir='ltr'><strong>annos</strong></span> <span class='ocrx_word' id='word_1_579' title='bbox 1731 2761 1919 2812; x_wconf 87' lang='lat' dir='ltr'><strong>promissio</strong></span> <span class='ocrx_word' id='word_1_580' title='bbox 1939 2772 1973 2800; x_wconf 90' lang='lat' dir='ltr'><strong>et</strong></span> <span class='ocrx_word' id='word_1_581' title='bbox 1996 2766 2149 2815; x_wconf 88' lang='lat' dir='ltr'><strong>promis-</strong></span> 
     </span>
     <span class='ocr_line' id='line_1_80' title="bbox 1162 2820 2147 2876; baseline 0.007 -18"><span class='ocrx_word' id='word_1_582' title='bbox 1162 2820 1270 2858; x_wconf 90' lang='lat' dir='ltr'><strong>sionis</strong></span> <span class='ocrx_word' id='word_1_583' title='bbox 1289 2821 1435 2871; x_wconf 77' lang='lat' dir='ltr'><strong>modu53</strong></span> <span class='ocrx_word' id='word_1_584' title='bbox 1458 2830 1492 2859; x_wconf 89' lang='lat' dir='ltr'><strong>et</strong></span> <span class='ocrx_word' id='word_1_585' title='bbox 1512 2835 1688 2872; x_wconf 87' lang='lat' dir='ltr'><strong>nusquam</strong></span> <span class='ocrx_word' id='word_1_586' title='bbox 1711 2822 1926 2861; x_wconf 87' lang='lat' dir='ltr'><strong>sacrificium</strong></span> <span class='ocrx_word' id='word_1_587' title='bbox 1941 2853 1952 2872; x_wconf 91' lang='lat'><strong>,</strong></span> <span class='ocrx_word' id='word_1_588' title='bbox 1972 2839 2147 2876; x_wconf 88' lang='lat' dir='ltr'><strong>nusquam</strong></span> 
     </span>
     <span class='ocr_line' id='line_1_81' title="bbox 1160 2881 2148 2935; baseline 0.007 -17"><span class='ocrx_word' id='word_1_589' title='bbox 1160 2881 1396 2919; x_wconf 83' lang='lat' dir='ltr'><strong>circumcisio.</strong></span> <span class='ocrx_word' id='word_1_590' title='bbox 1429 2881 1498 2919; x_wconf 88' lang='lat' dir='ltr'><strong>Hic</strong></span> <span class='ocrx_word' id='word_1_591' title='bbox 1524 2881 1703 2932; x_wconf 78' lang='lat' dir='ltr'><strong>ostendit,</strong></span> <span class='ocrx_word' id='word_1_592' title='bbox 1729 2883 1846 2920; x_wconf 90' lang='lat' dir='ltr'><strong>Deum</strong></span> <span class='ocrx_word' id='word_1_593' title='bbox 1876 2883 2076 2935; x_wconf 88' lang='lat' dir='ltr'><strong>permisisse</strong></span> <span class='ocrx_word' id='word_1_594' title='bbox 2108 2897 2148 2926; x_wconf 89' lang='lat' dir='ltr'><strong>ut</strong></span> 
     </span>
     <span class='ocr_line' id='line_1_82' title="bbox 1159 2943 2147 2995; baseline 0.005 -15"><span class='ocrx_word' id='word_1_595' title='bbox 1159 2943 1215 2980; x_wconf 92' lang='lat' dir='ltr'><strong>illi</strong></span> <span class='ocrx_word' id='word_1_596' title='bbox 1233 2943 1493 2995; x_wconf 84' lang='lat' dir='ltr'><strong>affligerentur,</strong></span> <span class='ocrx_word' id='word_1_597' title='bbox 1510 2956 1574 2980; x_wconf 86' lang='lat' dir='ltr'><strong>nec</strong></span> <span class='ocrx_word' id='word_1_598' title='bbox 1592 2943 1738 2995; x_wconf 88' lang='lat' dir='ltr'><strong>impune</strong></span> <span class='ocrx_word' id='word_1_599' title='bbox 1765 2944 1839 2982; x_wconf 90' lang='lat' dir='ltr'><strong>fore</strong></span> <span class='ocrx_word' id='word_1_600' title='bbox 1857 2958 1914 2982; x_wconf 86' lang='lat' dir='ltr'><strong>eos</strong></span> <span class='ocrx_word' id='word_1_601' title='bbox 1926 2974 1937 2994; x_wconf 86' lang='lat'><em>‚</em></span> <span class='ocrx_word' id='word_1_602' title='bbox 1961 2946 2024 2995; x_wconf 89' lang='lat' dir='ltr'><strong>qui</strong></span> <span class='ocrx_word' id='word_1_603' title='bbox 2049 2947 2147 2985; x_wconf 78' lang='lat' dir='ltr'><strong>affli—</strong></span> 
     </span>
     <span class='ocr_line' id='line_1_83' title="bbox 1160 3003 2147 3059; baseline 0.004 -17"><span class='ocrx_word' id='word_1_604' title='bbox 1160 3013 1295 3043; x_wconf 80' lang='lat' dir='ltr'><strong>xerant.</strong></span> <span class='ocrx_word' id='word_1_605' title='bbox 1319 3005 1480 3043; x_wconf 83' lang='lat' dir='ltr'><strong>Gentem</strong></span> <span class='ocrx_word' id='word_1_606' title='bbox 1499 3013 1628 3042; x_wconf 81' lang='lat' dir='ltr'><strong>autem</strong></span> <span class='ocrx_word' id='word_1_607' title='bbox 1642 3034 1654 3050; x_wconf 88' lang='grc'>,</span> <span class='ocrx_word' id='word_1_608' title='bbox 1675 3003 1738 3042; x_wconf 76' lang='lat' dir='ltr'><strong>cia·</strong></span> <span class='ocrx_word' id='word_1_609' title='bbox 1756 3008 1978 3053; x_wconf 77' lang='lat' dir='ltr'><strong>servierint,</strong></span> <span class='ocrx_word' id='word_1_610' title='bbox 1991 3009 2147 3059; x_wconf 82' lang='lat' dir='ltr'><strong>judica-</strong></span> 
     </span>
     <span class='ocr_line' id='line_1_84' title="bbox 1162 3065 2147 3120; baseline 0.006 -18"><span class='ocrx_word' id='word_1_611' title='bbox 1162 3068 1208 3103; x_wconf 84' lang='lat' dir='ltr'><strong>bo</strong></span> <span class='ocrx_word' id='word_1_612' title='bbox 1237 3079 1318 3118; x_wconf 82' lang='lat' dir='ltr'><strong>ego,</strong></span> <span class='ocrx_word' id='word_1_613' title='bbox 1348 3067 1443 3104; x_wconf 83' lang='lat' dir='ltr'><strong>dicit</strong></span> <span class='ocrx_word' id='word_1_614' title='bbox 1461 3067 1579 3104; x_wconf 81' lang='lat' dir='ltr'><strong>Deus.</strong></span> <span class='ocrx_word' id='word_1_615' title='bbox 1607 3065 1770 3104; x_wconf 74' lang='lat' dir='ltr'><strong>Viden&#39;?</strong></span> <span class='ocrx_word' id='word_1_616' title='bbox 1790 3065 1850 3116; x_wconf 87' lang='lat' dir='ltr'><strong>qui</strong></span> <span class='ocrx_word' id='word_1_617' title='bbox 1877 3067 2060 3118; x_wconf 86' lang='lat' dir='ltr'><strong>promisit,</strong></span> <span class='ocrx_word' id='word_1_618' title='bbox 2085 3071 2147 3120; x_wconf 86' lang='lat' dir='ltr'><strong>qui</strong></span> 
     </span>
     <span class='ocr_line' id='line_1_85' title="bbox 1160 3126 2147 3179; baseline 0.004 -14"><span class='ocrx_word' id='word_1_619' title='bbox 1160 3126 1260 3165; x_wconf 83' lang='lat' dir='ltr'><strong>dedit</strong></span> <span class='ocrx_word' id='word_1_620' title='bbox 1281 3136 1433 3177; x_wconf 85' lang='lat' dir='ltr'><strong>terram,</strong></span> <span class='ocrx_word' id='word_1_621' title='bbox 1455 3127 1556 3179; x_wconf 89' lang='lat' dir='ltr'><strong>prius</strong></span> <span class='ocrx_word' id='word_1_622' title='bbox 1577 3126 1669 3164; x_wconf 84' lang='lat' dir='ltr'><strong>mala</strong></span> <span class='ocrx_word' id='word_1_623' title='bbox 1688 3127 1862 3178; x_wconf 86' lang='lat' dir='ltr'><strong>permittit</strong></span> <span class='ocrx_word' id='word_1_624' title='bbox 1888 3143 1895 3163; x_wconf 89' lang='lat'>:</span> <span class='ocrx_word' id='word_1_625' title='bbox 1925 3128 1976 3166; x_wconf 90' lang='lat' dir='ltr'><strong>sic</strong></span> <span class='ocrx_word' id='word_1_626' title='bbox 2002 3139 2035 3168; x_wconf 92' lang='lat' dir='ltr'><strong>et</strong></span> <span class='ocrx_word' id='word_1_627' title='bbox 2053 3145 2147 3169; x_wconf 92' lang='lat' dir='ltr'><strong>nunc</strong></span> 
     </span>
     <span class='ocr_line' id='line_1_86' title="bbox 1158 3187 2148 3240; baseline 0.007 -16"><span class='ocrx_word' id='word_1_628' title='bbox 1158 3187 1241 3226; x_wconf 88' lang='lat' dir='ltr'><strong>licet</strong></span> <span class='ocrx_word' id='word_1_629' title='bbox 1269 3201 1418 3239; x_wconf 82' lang='lat' dir='ltr'><strong>regnum</strong></span> <span class='ocrx_word' id='word_1_630' title='bbox 1450 3187 1678 3240; x_wconf 87' lang='lat' dir='ltr'><strong>promiserit,</strong></span> <span class='ocrx_word' id='word_1_631' title='bbox 1709 3188 1962 3228; x_wconf 80' lang='lat' dir='ltr'><strong>tentationibus</strong></span> <span class='ocrx_word' id='word_1_632' title='bbox 1992 3192 2148 3230; x_wconf 76' lang='lat' dir='ltr'><strong>exerceri</strong></span> 
     </span>
    </p>
   </div>
   <div class='ocr_carea' id='block_1_23' title="bbox 1191 3310 1732 3349">
    <p class='ocr_par' dir='ltr' id='par_1_24' title="bbox 1191 3310 1732 3349">
     <span class='ocr_line' id='line_1_87' title="bbox 1191 3310 1732 3349; baseline 0.002 -7"><span class='ocrx_word' id='word_1_633' title='bbox 1191 3312 1206 3336; x_wconf 70' lang='lat'><strong>¹1</strong></span> <span class='ocrx_word' id='word_1_634' title='bbox 1223 3310 1284 3344; x_wconf 83' lang='lat' dir='ltr'><strong>Alii</strong></span> <span class='ocrx_word' id='word_1_635' title='bbox 1299 3314 1417 3346; x_wconf 70' lang='grc' dir='ltr'>δείκνυσι</span> <span class='ocrx_word' id='word_1_636' title='bbox 1440 3320 1500 3349; x_wconf 76' lang='grc' dir='ltr'><strong>πῶς</strong></span> <span class='ocrx_word' id='word_1_637' title='bbox 1519 3313 1602 3349; x_wconf 64' lang='grc' dir='ltr'>αὐτὸς</span> <span class='ocrx_word' id='word_1_638' title='bbox 1618 3310 1732 3349; x_wconf 51' lang='lat' dir='ltr'><strong>nimiu.</strong></span> 
     </span>
    </p>
   </div>
   <div class='ocr_carea' id='block_1_24' title="bbox 1916 3421 1957 3455">
    <p class='ocr_par' dir='ltr' id='par_1_25' title="bbox 1916 3421 1957 3455">
     <span class='ocr_line' id='line_1_88' title="bbox 1916 3421 1957 3455; baseline 0 0"><span class='ocrx_word' id='word_1_639' title='bbox 1916 3421 1957 3455; x_wconf 80' lang='grc'><strong>11</strong></span> 
     </span>
    </p>
   </div>
  </div>
 </body>
</html>
