2502 3810
133 2289 234 2305 scium
280 2280 314 2305 sit

799 233 818 260 S
827 252 836 260 .
873 228 1057 260 JOANMS
1091 226 1330 257 CHRYSOST.

319 223 412 285 672

320 331 393 360 erat
406 337 413 357 τ
426 319 518 357 unde
530 331 640 368 neque
655 324 821 366 cognatos
834 315 912 352 illos
932 322 965 352 et
984 314 1109 350 fratres
1122 311 1300 364 appellare

320 390 468 421 recusat.
488 379 567 417 Etsi
585 378 677 415 enim
697 377 758 413 illa
773 390 851 426 quae
869 376 976 421 dixit,
999 388 1063 426 pro
1085 374 1226 411 Christo
1241 373 1302 410 di-

319 443 435 489 xerit3
460 449 612 477 attamen
634 438 779 476 illorum
797 452 934 488 quoqne
961 445 1113 474 mentem
1140 434 1301 484 attrahit,

321 515 354 542 et
373 502 635 542 sermoniviam
651 509 765 552 parat,
785 513 888 549 seque
908 499 953 536 ab
982 497 1077 536 omni
1104 497 1303 549 suspicione

320 564 447 601 liberat
462 570 606 614 propter
624 575 675 609 ea,
690 575 767 611 quae
783 569 901 597 contra
923 559 1004 596 illos
1017 557 1168 596 dicenda
1186 567 1300 607 erant,

320 636 353 663 et
368 636 445 663 tum
465 625 608 663 demum
629 624 767 662 orditur
781 637 989 669 sermonem,
1005 622 1065 672 qui
1085 636 1104 659 a
1123 621 1245 658 multis
1267 621 1303 658 in

322 686 595 725 controversiam
610 684 825 723 vertebatur.
848 683 957 721 Multi
973 683 1068 720 enim
1088 682 1303 732 quaerebant,

322 750 445 800 utjam
459 747 549 795 dixi,
566 760 628 783 cur
646 746 684 794 ii,
703 745 763 796 qui
784 744 1053 796 promissionem
1080 751 1301 794 acceperant,

321 810 518 848 exciderint
525 823 535 856 ;
556 807 616 858 qui
631 821 714 845 vero
731 821 774 844 ne
790 806 890 843 illam
904 804 1046 856 quidem
1065 818 1223 854 unquam
1240 817 1304 840 au-

321 872 560 916 die1·ant,ante
576 870 656 907 illos
673 868 762 906 salvi
779 867 861 905 facti
880 868 962 906 sint.
990 868 1089 904 Hanc
1108 866 1218 916 igitur
1233 864 1303 902 sol·
1317 888 1364 911 505

319 946 405 970 vens
423 931 698 977 dubitationem,
720 938 800 967 ante
827 929 1061 980 objectionem
1092 926 1304 964 solutionem
1329 925 1355 953 Α

322 993 479 1031 adducit.
500 994 553 1030 >Ne
571 992 649 1042 quis
668 991 763 1029 enim
782 991 915 1029 diceret
936 1007 943 1027 :
963 990 1061 1039 Quid
1080 990 1187 1040 ergo?
1221 998 1304 1026 tune

322 1054 435 1105 magis
454 1067 554 1091 curas
574 1052 724 1104 gloriam
750 1052 829 1100 Dei,
847 1066 956 1102 qnam
984 1053 1080 1089 Deus
1110 1051 1236 1088 suam.D
1259 1059 1304 1099 et,

322 1117 447 1153 Tuane
471 1124 547 1166 eget
575 1129 654 1166 ope,
672 1123 710 1151 ut
739 1114 887 1152 verbum
916 1113 1030 1165 ipsius
1048 1128 1117 1151 non
1134 1113 1304 1151 excidat?

322 1186 442 1215 contra
458 1176 535 1214 haec
552 1176 613 1213 ille
641 1186 750 1225 stans,
772 1176 821 1213 ait
838 1192 845 1211 ε
864 1177 951 1213 Haec
968 1176 1062 1225 dixi,
1085 1178 1175 1213 Non
1195 1178 1306 1227 quasi

322 1239 575 1276 Deiverbum
593 1238 791 1282 exciderit,
815 1235 874 1273 sed
896 1245 932 1274 ut
947 1237 1129 1274 ostendam
1151 1251 1307 1275 amorem

322 1312 404 1349 erga
426 1298 624 1335 Christum:
640 1299 732 1335 Nam
763 1311 843 1334 cum
871 1298 920 1335 sic
950 1312 1005 1336 res
1025 1299 1216 1347 evenerint,
1236 1313 1307 1336 non

321 1359 538 1406 haesitamus,
554 1359 687 1409 inquit,
708 1358 794 1409 quid
826 1373 891 1410 pro
924 1360 999 1396 Deo
1026 1359 1308 1411 respondendum

323 1420 388 1468 sit,
410 1429 450 1457 ut
469 1419 750 1457 demonstremus
769 1420 1037 1471 promissionem
1066 1421 1134 1458 Dei
1166 1421 1309 1458 firmam

127 1478 202 1504 Gen.
221 1486 265 1506 ¹²·
279 1486 307 1515 7·
325 1481 481 1519 stetisse:
499 1480 601 1518 Dixit
621 1481 718 1517 Deus
750 1480 916 1527 Abrahae,
940 1482 1024 1518 Tibi
1042 1490 1078 1518 et
1097 1482 1232 1518 semini
1247 1489 1309 1518 tuo

124 1543 204 1570 llud.
220 1541 287 1570 V·3·
325 1544 430 1579 daho
463 1551 628 1585 terram5
651 1550 699 1589 et,
719 1544 765 1577 In
792 1543 936 1578 semine
957 1549 1020 1577 tuo
1041 1541 1313 1578 benedicentur

326 1617 457 1641 omnes
473 1612 617 1652 gentes.
642 1601 841 1640 Videamus
873 1615 956 1651 ergo
976 1601 1157 1651 quodnam
1177 1601 1221 1638 sit
1250 1615 1309 1638 se-

325 1679 420 1711 men,
437 1664 569 1714 inquit;
584 1677 697 1714 neque
717 1663 809 1700 enim
823 1677 942 1700 omnes
956 1678 1001 1700 ex
1016 1664 1092 1715 ipso
1112 1663 1180 1701 orti
1194 1678 1311 1702 semen

325 1726 400 1776 ejus
420 1733 499 1762 sunt
517 1740 524 1760 :
545 1732 761 1775 quapropter
778 1723 919 1761 dicebat
935 1739 942 1759 ε
958 1725 1046 1761 Non
1064 1727 1165 1761 enim
1183 1739 1312 1763 omnes

326 1789 497 1837 quisunt
510 1800 556 1823 ex
573 1786 713 1829 Israel,
735 1794 826 1823 sunt
849 1786 1005 1831 Israel;
1026 1788 1061 1823 7.
1080 1800 1202 1839 neque
1219 1789 1313 1838 quia

325 1856 416 1884 sunt
425 1861 555 1884 semen
571 1847 761 1898 Abrahae,
783 1848 1012 1898 omtzesfilii.

385 2199 424 2236 4.
455 2198 493 2236 Si
521 2212 604 2249 ergo
623 2198 792 2236 didiceris
816 2199 919 2248 quale
938 2199 984 2237 sit
1008 2214 1125 2237 semen
1145 2200 1314 2249 Abrahae,

161 2237 317 2275 Qut-(lnam
333 2259 472 2296 xidebis
497 2259 618 2296 datam
647 2274 719 2297 esse
746 2260 1014 2310 piomissionem
1036 2261 1161 2298 semini
1181 2262 1267 2312 ejus,
1281 2271 1315 2299 et

133 2320 255 2346 Almhae
272 2329 301 2345 ⁵
306 2336 517 2373 cognosces
544 2336 614 2359 non
647 2322 822 2359 excidisse
847 2323 996 2359 xcihum
1017 2324 1104 2374 ejus.
1125 2324 1315 2369 Quodnam

332 2385 443 2435 igitur
446 2399 598 2435 quaeso,
609 2399 725 2423 semen
745 2385 818 2422 est?
842 2387 919 2422 Non
933 2400 996 2436 ego
1008 2385 1088 2423 dico
1092 2387 1238 2437 ,inquit,
1253 2388 1317 2425 sed

136 2452 314 2481 Gen-21³2.
332 2448 408 2500 ipsa
427 2448 486 2486 lex
512 2458 614 2487 vetus
649 2448 800 2500 seipsam
834 2449 1002 2500 explicat,
1027 2449 1077 2487 sic
1104 2449 1225 2488 dicens
1242 2454 1316 2489 :In

331 2512 446 2547 Isaac
461 2512 747 2547 vocabiturtibi
767 2523 896 2547 semen
925 2509 1021 2555 Quid
1042 2511 1101 2559 sit,
1118 2513 1166 2547 In
1176 2514 1292 2550 Isaac
1304 2543 1314 2560 ‚

331 2573 484 2624 explica.
505 2572 543 2610 S.
566 2574 615 2609 Id
631 2581 699 2617 est,
722 2573 890 2624 norzfilii
909 2575 1051 2620 carnis,
1081 2575 1122 2610 1ιὶ
1143 2575 1224 2625 filii
1241 2578 1317 2614 Dei

330 2643 436 2678 sun&
447 2634 867 2686 sedfiliipromissionis
875 2642 1106 2684 reputantur
1116 2638 1157 2672 in
1169 2651 1313 2675 semen.

331 2695 377 2732 Et
399 2695 481 2733 ride
512 2694 614 2732 Pauli
645 2694 869 2746 prudentiam
890 2695 1072 2745 animique
1099 2699 1316 2749 magnitudi-

331 2771 409 2794 nem
428 2772 435 2792 ε
457 2756 692 2807 interpretans
713 2755 807 2793 enim
824 2769 893 2792 non
911 2755 1019 2806 dixit,
1041 2759 1119 2796 Non
1144 2760 1215 2796 filii
1233 2774 1315 2798 car-

331 2821 399 2868 nis,
423 2829 504 2857 sunt
532 2819 600 2856 filii
620 2818 786 2867 Abrahae,
816 2818 888 2867 sed,
909 2821 1006 2857 Filii
1029 2822 1134 2867 ·])ei;
1152 2824 1316 2875 praesenti

329 2893 447 2922 vetera
469 2893 689 2929 connectens,
723 2892 756 2920 et
784 2883 970 2921 ostendens
989 2898 1032 2922 ne
1046 2886 1145 2924 Isaac
1171 2887 1317 2937 quidem

330 2945 538 2997 simpliciter
553 2944 662 2982 fuisse
680 2944 797 2981 filium
815 2944 977 2982 Abrahae.
998 2946 1043 2983 Id
1062 2956 1124 2991 est,
1147 2949 1316 2998 quicum-

132 2370 211 2387 nlssss.

330 3029 401 3064 que
419 3013 614 3052 secundum
633 3014 732 3050 Isaac
751 3013 825 3050 nati
844 3023 940 3063 sunt,
960 3013 987 3050 ii
1005 3024 1088 3052 sunt
1112 3016 1181 3053 filii
1198 3017 1265 3054 Dei
1283 3027 1316 3055 et

331 3095 448 3118 semen
469 3080 632 3118 Abrahae.
657 3080 741 3118 Ideo
761 3079 856 3117 enim
875 3080 978 3130 dicit,
992 3084 1040 3118 In
1058 3084 1174 3121 Isaac
1205 3099 1316 3123 voca-

333 3154 436 3189 bitur
463 3153 533 3188 tibi
559 3164 699 3198 semen,
733 3158 770 3186 ut
793 3149 908 3187 discas
930 3164 1002 3199 eos,
1023 3151 1085 3202 qni
1112 3152 1180 3190 hoc
1210 3153 1316 3192 modo

332 3219 496 3255 natisunt
515 3217 710 3255 secundum
729 3217 838 3266 Isaac,
853 3231 910 3254 eos
933 3218 1088 3256 maxime
1108 3233 1224 3257 semen
1244 3235 1316 3258 esse

335 3285 498 3322 Abrahae.
519 3284 707 3331 Quomodo
726 3284 838 3336 igitur
853 3286 952 3323 Isaac
972 3286 1110 3337 genitus
1137 3288 1217 3325 est?
1237 3290 1315 3327 Non

377 3407 388 3420 ³·
415 3396 473 3436 [Α.
490 3395 679 3441 Ῐσρκηλῐται,
698 3406 732 3429 ut
751 3397 883 3439 quidam
899 3396 1007 3432 Codd.
1027 3398 1126 3440 Bit·l.]

1374 226 1562 261 ARCHIEP
1572 245 1581 255 .
1619 225 1956 258 CONSTANTINOP
1965 247 1975 257 .

1373 326 1476 362 φησιν
1495 327 1502 334 ·
1523 311 1696 363 Ἀδελφοὶ,
1710 315 1731 358 ἦ
1755 311 1815 362 μὲν
1833 311 1969 350 εὐδοκία
1984 315 2045 359 τῆς
2061 315 2146 363 ἐμῆς
2162 310 2318 364 καρδίας,
2335 311 2394 348 καὶ

1373 374 1395 416 ἡ
1413 371 1528 418 δέησις
1547 375 1568 418 ἡ
1589 372 1674 425 πρὸς
1698 373 1756 410 τὸν
1778 373 1888 421 Θεὸν,
1908 372 1996 425 ὑπὲρ
2015 375 2126 411 αὐτῶν
2147 374 2239 410 ἐστιν
2262 374 2307 414 εἷς
2327 387 2394 409 σω-

1374 432 1498 485 τηρίαν
1515 449 1523 456 ·
1540 433 1600 472 καὶ
1620 436 1767 472 ἐνταῦθα
1788 434 1822 471 δὲ
1846 435 1934 484 μετὰ
1952 438 2019 473 τῶν
2036 436 2149 473 ἄλλων
2161 466 2170 482 ,
2191 428 2236 472 ὧν
2258 434 2393 485 εἴρηκε,

1375 494 1606 537 κατεσκεύαζε
1636 493 1675 531 τὸ
1709 493 1757 543 μὴ
1793 494 1888 538 δόξαι
1916 496 1960 532 δι’
1990 494 2115 548 ἔχθραν
2142 495 2275 546 λέγειν,
2306 494 2395 544 ἅπερ

1376 554 1501 605 ἔμελλε
1521 557 1598 592 κατ’
1615 556 1726 593 αὐτῶν
1744 557 1831 607 ἐρεῖν
1844 571 1851 578 ·
1869 555 1987 607 διόπερ
2001 555 2075 594 οὐδὲ
2092 562 2263 607 συγγενεῖς
2275 553 2397 597 αὐτοὺς

1376 615 1436 652 καὶ
1450 614 1614 666 ἀδελφοὺς
1627 621 1851 669 παραιτεῖται
1861 615 2054 666 ὀνομάζειν.
2065 617 2110 654 Εἰ
2119 616 2186 668 γὰρ
2196 616 2255 654 καὶ
2269 615 2325 653 διὰ
2339 615 2396 652 τὸν

1378 677 1531 725 Χριστὸν
1542 675 1671 726 ἔλεγεν,
1680 677 1768 728 ἅπερ
1780 675 1908 728 ἔλεγεν,
1920 678 1995 714 ἀλλ’
2008 676 2102 726 ὅμως
2114 677 2172 714 καὶ
2184 676 2246 722 τὴν
2259 675 2397 713 ἐκείνων

1379 739 1572 775 ἐπισπᾶται
1598 736 1771 783 διάνοιαν,
1797 737 1856 776 καὶ
1886 738 2105 788 προοδοποιεῖ
2130 740 2179 789 τῷ
2207 738 2319 788 λόγῳ,
2339 736 2400 773 καὶ

1378 796 1493 843 πάσης
1520 798 1641 836 ἑαυτὸν
1663 797 1811 849 ὑποψίας
1841 797 2058 835 ἀπαλλάττει
2078 797 2133 834 διὰ
2162 797 2207 835 τὰ
2227 797 2401 847 μέλλοντα

1379 860 1456 895 κατ’
1487 860 1598 896 αὐτῶν
1619 858 1870 909 λεχθήσεσθαι,
1898 858 1958 896 καὶ
1991 857 2069 896 τότε
2095 858 2214 896 λοιπὸν
2243 856 2401 908 ἐμὸαίνει

1380 914 1425 961 εἷς
1449 918 1505 956 τὸν
1525 918 1622 971 παρὰ
1641 922 1710 956 τῶν
1729 920 1867 956 πολλῶν
1888 918 2094 969 ζητούμενον
2113 918 2228 969 λόγον.
2248 917 2317 955 Καὶ
2333 916 2401 968 γὰρ

1379 979 1436 1017 ἐΥΙ

1398 995 1516 1026 ςητουν
1541 980 1663 1018 πολλοι
1673 979 1860 1032 ,καθάπερ
1880 979 1984 1031 ἔφθην
2017 979 2144 1026 εἰπὼν,
2176 978 2266 1023 τίνος
2287 978 2401 1016 ε’νεκεν

1380 1043 1410 1078 οἱ
1432 1041 1474 1091 μὲ
1478 1057 1494 1077 ν
1526 1040 1705 1091 δεξάμενοι
1730 1040 1793 1087 τὴν
1815 1040 2057 1092 ἐπαγγελίαν
2044 1040 2223 1087 εξεπεσον,
2243 1041 2273 1077 οἳ
2292 1039 2328 1078 δὲ
2351 1039 2400 1089 μὴ

1380 1100 1587 1144 ἀκούσαντες
1619 1103 1725 1148 αὖτης
1753 1101 1915 1149 πώποτε,
1937 1101 2005 1153 πρὸ
2039 1101 2178 1139 ἐκείνων
2209 1100 2401 1147 ἐσώθησαν.

1379 1162 1522 1209 Ταύτην
1537 1161 1649 1199 τοίνυν
1665 1162 1756 1200 λύων
1776 1161 1839 1208 τὴν
1858 1162 2019 1213 ἀπορίαν,
2035 1161 2102 1212 πρὸ
2117 1164 2180 1206 τῆς
2198 1160 2403 1204 ἀντιθέσεως

1378 1224 1441 1270 τὴν
1463 1224 1558 1262 λύσιν
1581 1225 1714 1276 ἐπάγει.
1735 1223 1813 1262 Ἵνα
1843 1223 1911 1277 γὰρ
1932 1224 1980 1274 μὴ
2010 1223 2096 1274 λέγῃ
2117 1239 2190 1266 τις·
2213 1223 2247 1260 τί
2266 1218 2340 1271 οῦν;
2359 1223 2401 1260 σὺ

1382 1288 1513 1336 μᾶλλον
1534 1285 1720 1338 φροντίζεις
1737 1289 1800 1332 τῆς
1820 1285 1917 1330 δόξης
1932 1289 1990 1322 τοῦ
2012 1287 2123 1332 Θεοῦ,
2143 1284 2164 1330 ἢ
2190 1287 2206 1322 ὃ
2231 1285 2320 1328 Θεὸς
2338 1286 2401 1329 τῆς

1383 1348 1525 1393 ἑαυτοῦ,
1541 1362 1620 1394 και,
1639 1363 1701 1391 της
1717 1346 1814 1398 παρὰ
1833 1350 1892 1383 σοῦ
1912 1346 2021 1382 δεῖται
2046 1345 2221 1395 βοηθείας,
2244 1344 2334 1382 ὥστε
2351 1343 2400 1395 μὴ

1383 1409 1540 1444 ἐκπεσεῖν
1576 1409 1678 1445 αὐτοῦ
1707 1406 1764 1443 τὸν
1802 1407 1922 1456 λόγον;
1953 1422 2038 1456 προς
2073 1421 2182 1443 ταυτα
2220 1405 2404 1455 ἱστάμενός

1383 1483 1490 1518 φησι,
1508 1472 1618 1505 ταῦτα
1651 1467 1685 1505 δὲ
1712 1472 1833 1513 εἶπον,
1859 1469 1939 1518 Οὐχ
1967 1470 2057 1512 οἷον,
2085 1466 2138 1504 ὅτι
2169 1469 2186 1503 ὃ
2214 1465 2314 1516 λόγος
2343 1469 2404 1503 τοῦ

1385 1529 1512 1565 Θεοῦέ
1497 1544 1738 1574 εκπεπτωκεν,
1750 1529 1826 1565 ἀλ’λ
1848 1527 1903 1564 ἵνα
1913 1527 2012 1571 δείξω
2026 1528 2091 1565 τὸ
2081 1526 2232 1580 περὶτὸν
2253 1526 2404 1579 Χριστὸν

1384 1587 1464 1639 φίλ’
1453 1604 1539 1640 ρόν.
1571 1588 1642 1626 Καὶ
1661 1587 1728 1640 γὰρ
1756 1604 1816 1625 και
1837 1587 1924 1626 οὕτω
1943 1604 2011 1626 των
2040 1588 2257 1640 πραγμάτων
2277 1587 2407 1626 3160&-

1383 1665 1464 1696 των,
1484 1664 1547 1686 ουκ
1562 1651 1792 1699 ἀποροῦμεν
1775 1651 1843 1686 τῶν
1863 1652 1949 1700 υπερ
1968 1652 2027 1686 τοῦ
2049 1651 2141 1688 Θεοῦ
2159 1648 2288 1700 λόγων,
2309 1664 2407 1700 φησι,

1384 1710 1443 1748 καὶ
1473 1714 1532 1747 τοῦ
1566 1709 1634 1746 δεῖῖ
1622 1726 1693 1754 αι,
1722 1710 1774 1747 ότι
1806 1709 1950 1756 ἕστηκεν
1979 1714 2001 1757 ἡ
2029 1709 2241 1761 ἐπαγγελία·
2264 1714 2357 1748 εἶπεν
2390 1713 2408 1748 ὃ

1383 1771 1472 1815 Θεὸς
1488 1788 1538 1824 τῳ
1557 1771 1717 1824 Ἀορααμ
1732 1802 1744 1818 ,
1763 1771 1825 1810 Σοι
1847 1787 1906 1810 και
1927 1788 1975 1809 τω
2005 1771 2183 1823 σπέρυατί
2215 1786 2275 1809 σου
2306 1770 2407 1809 δώσω

1382 1832 1446 1879 τὴν
1471 1848 1554 1884 γην·
1570 1849 1643 1879 και,
1659 1833 1786 1871 Ενευλ
1788 1816 2050 1884 ογηθῆσονται
2036 1849 2068 1871 εν
2085 1835 2135 1870 τῖὂ
2156 1832 2331 1884 σπερματί
2348 1848 2408 1870 σου

1383 1894 1499 1932 πάντα
1526 1893 1570 1931 τὰ
1591 1893 1684 1939 ἔθνηί
1701 1892 1849 1944 Ἴδωμεν
1876 1897 1933 1931 οὖν
1958 1893 2056 1931 ποῖόν
2077 1894 2151 1931 ἐστι
2181 1893 2220 1931 τὸ
2246 1908 2407 1944 σπερμα,

1384 1954 1513 2007 φησίν·
1536 1956 1573 1992 οὗ
1592 1954 1658 2006 γὰρ
1686 1954 1814 1996 πάντες
1832 1955 1863 1991 οἱ
1895 1953 1929 1997 ἐξ
1959 1956 2061 1992 αὐτοῦ
2093 1969 2277 2005 σπερματα
2307 1954 2409 1992 αὐτοῦ

1384 2017 1451 2054 εἶσι
1468 2031 1475 2038 ·
1496 2015 1547 2052 διὸ
1577 2015 1637 2052 καὶ
1659 2014 1774 2065 ἔλεγεν
1792 2030 1800 2037 ·
1817 2016 1870 2052 Οὐ
1891 2013 1958 2067 γὰρ
1985 2014 2111 2057 πάντες
2128 2017 2158 2052 οἱ
2188 2014 2410 2065 ἐξ,Ἰσραὴλ,

1385 2070 1480 2114 οῦτοι
1492 2075 1662 2128 ὃἸσραήλ
1681 2091 1688 2098 ·
1704 2076 1774 2113 οὐδ’
1791 2073 1845 2112 ὅτι
1859 2075 1925 2112 εἶσὶ
1939 2074 2081 2127 σπέρμα
2101 2073 2273 2126 Ἀδραὰμ,
2284 2074 2410 2118 πάντες

1386 2137 1503 2175 τέκνα.

1439 2198 1500 2236 Ἂν
1536 2196 1648 2235 τοίνυν
1690 2197 1804 2248 μάθῃς
1846 2196 1944 2235 ποῖόν
1975 2198 2050 2234 ἐστι
2092 2196 2132 2234 τὸ
2169 2196 2310 2248 σπέρμα
2353 2199 2413 2234 τοῦ

1387 2258 1406 2296 ἶ»
1427 2257 1568 2310 Εραὰμ,
1591 2258 1667 2309 ὄψει
1685 2259 1838 2296 δοθεῖσαν
1868 2257 1930 2304 τὴν
1948 2257 2136 2308 ὑπόσχεσιν
2161 2260 2211 2308 τῷ
2236 2258 2413 2310 σπέρματι

1388 2319 1504 2365 αὐτοῦ,
1522 2317 1579 2354 καὶ
1595 2317 1728 2368 γνώσῃ,
1745 2317 1798 2354 ὅτι
1813 2320 1875 2355 οὐκ
1894 2317 2052 2361 ἐξέπεσεν
2069 2321 2086 2355 ὃ
2100 2317 2211 2368 λόγος.
2230 2320 2336 2356 Ποῖον
2354 2313 2412 2356 οῦν

1389 2381 1500 2422 ἐστιν,
1528 2377 1606 2415 εἰπέ
1645 2394 1726 2428 μοι,
1755 2379 1793 2415 τὸ
1821 2378 1983 2428 σπέρμα,
2007 2380 2084 2416 Οὔκ
2104 2378 2172 2428 ἐγὼ
2199 2378 2314 2429 λέγω,
2349 2395 2413 2431 φη-

1390 2438 1460 2486 σὶν,
1490 2440 1565 2475 ἀλλ’
1600 2438 1685 2484 αὐτὴ
1708 2442 1729 2485 ἡ
1759 2438 1903 2476 Παλαιὰ
1933 2438 2059 2485 ἑαυτὴν
2093 2440 2294 2491 ἑρμηνεύει,
2325 2440 2413 2478 οὕτω

1388 2499 1536 2550 λέγουσα
1561 2514 1568 2522 ·
1599 2499 1660 2537 Ἐν
1696 2499 1820 2537 Ἰσαὰκ
1851 2499 2063 2545 κληθήσεταί
2095 2516 2148 2538 σοι
2181 2500 2334 2552 σπέρμα.
2367 2500 2414 2540 Τί

1389 2562 1499 2606 ἐστιν,
1519 2561 1582 2598 Ἔν
1602 2559 1726 2598 Ἰσαὰκ
1743 2591 1752 2608 ,
1769 2560 1993 2613 ἓρμήνευσον.
2015 2561 2203 2600 Τουτέστιν
2216 2593 2225 2609 ,
2246 2564 2283 2600 οὐ
2301 2562 2344 2600 τὰ
2358 2562 2415 2601 τέ·-

1390 2637 1455 2658 κνα
1474 2624 1535 2667 τῆς
1555 2622 1704 2673 σαρκὸς,
1725 2626 1835 2659 ταῦτα
1866 2620 1971 2659 τέκνα
1991 2623 2081 2660 Θεοῦ
2099 2637 2106 2644 ·
2129 2621 2217 2660 ἀλλὰ
2248 2622 2292 2660 τὰ
2309 2623 2413 2662 τέκνα

1389 2686 1450 2728 τῆς
1489 2682 1697 2734 ἐπαγγελίας
1727 2681 1743 2702 ¹³
1764 2683 1937 2733 λογίζεται
1974 2685 2022 2727 εἷς
2055 2683 2208 2734 σπέρμα.
2241 2683 2312 2721 Καὶ
2351 2683 2414 2736 ὅρα

1390 2743 1531 2781 Παύλου
1552 2742 1688 2781 σύνεσιν
1707 2743 1766 2781 καὶ
1787 2743 2012 2794 μεγαλόνοιαν
2030 2760 2038 2767 ·
2055 2745 2252 2795 ἑρμηνεύων
2268 2744 2335 2796 γὰρ
2352 2747 2414 2782 οὐκ

1391 2798 1505 2851 εἶπεν,
1521 2804 1575 2842 ὅτι
1595 2806 1632 2841 οὐ
1654 2804 1697 2841 τὰ
1723 2804 1829 2843 τέκνα
1848 2808 1910 2850 τῆς
1932 2805 2076 2856 σαρκὸς,
2101 2809 2212 2843 ταῦτα
2233 2807 2339 2845 τέκνα
2354 2811 2414 2844 τοῦ

1389 2864 1561 2917 Ἀδραὰμ,
1582 2865 1689 2911 ἀλλὰ,
1711 2865 1768 2902 Τὰ
1786 2865 1889 2903 τέκνα
1908 2869 1966 2902 τοῦ
1986 2867 2078 2903 Θεοῦ
2097 2882 2103 2889 ·
2122 2869 2172 2918 τῷ
2203 2867 2350 2919 παρόντι
2370 2866 2414 2905 τὰ

1390 2925 1525 2964 παλαιὰ
1559 2925 1742 2963 συνάπτων
1758 2955 1768 2972 ,
1802 2926 1861 2963 καὶ
1895 2925 2024 2968 δεικνὺς
2039 2955 2048 2971 ,
2083 2926 2136 2964 ὅτι
2179 2927 2255 2965 οὐδὲ
2292 2927 2414 2967 Ἰσαὰκ

1391 2987 1510 3029 ἁπλῶς
1528 2989 1588 3023 τοῦ
1605 2985 1763 3037 Ἀδραὰμ
1782 2985 1900 3023 τέκνον
1923 2980 1977 3032 ἦν.
1997 2985 2046 3023 '³0
2072 2986 2108 3024 δὲ
2131 2986 2242 3038 λέγει,
2262 2988 2413 3026 τοιοῦτόν

1391 3050 1484 3086 ἐστιν
1500 3063 1507 3070 ·
1529 3047 1602 3085 ὅσοι
1618 3047 1709 3085 κατὰ
1727 3046 1784 3084 τὸν
1807 3046 1931 3085 Ἰσαὰκ
1959 3047 2188 3098 ἐγεννήθησαν
2203 3079 2212 3095 ,
2234 3043 2327 3088 οὗτοι
2351 3049 2413 3088 ’τέ-

1390 3124 1455 3146 κνα
1470 3112 1528 3146 τοῦ
1543 3110 1635 3146 Θεοῦ
1654 3109 1732 3152 εἰσι,
1753 3107 1812 3145 καὶ
1831 3106 1973 3158 σπέρμα
1991 3110 2050 3145 τοῦ
2069 3107 2240 3160 Ἀδραάμ.
2260 3110 2328 3148 Διὰ
2347 3110 2414 3163 γὰρ

1388 3173 1489 3208 τοῦτο
1507 3163 1619 3217 εἶπεν,
1637 3169 1698 3207 Ἐν
1719 3168 1842 3207 Ἰσαὰκ
1862 3170 2077 3218 κληθήσεταί
2107 3187 2160 3210 σοι
2178 3172 2336 3222 σπέρμα,
2358 3172 2414 3210 ἵνα

1393 3231 1524 3281 μάθῃς,
1546 3230 1598 3267 ὅτι
1616 3231 1646 3267 οἱ
1669 3233 1719 3281 τῷ
1746 3230 1864 3283 τρόπῳ
1894 3231 2003 3283 τούτῳ
2032 3231 2240 3282 γεννώμενοι
2259 3236 2307 3285 τῷ
2323 3232 2414 3271 κατὰ

1390 3291 1447 3329 τὶν
1485 3290 1628 3338 Ἰσαὰκ,
1665 3285 1757 3329 οῦτοι
1801 3291 1954 3341 μάλιστά
2003 3294 2069 3330 εἶσι
2104 3293 2143 3331 τὸ
2178 3293 2318 3346 σπέρμα
2354 3297 2412 3331 τοῦ

1451 3403 1466 3426 1,
1491 3403 1612 3443 [ταῦτα
1629 3403 1776 3435 inserunt
1792 3403 1828 3435 Α.
1848 3410 1880 3434 et
1898 3414 2001 3447 marg.
2022 3403 2139 3446 savit]
