2502 3810
683 262 725 290 IN
763 261 878 292 ACTA
914 262 1251 295 APOSTOLORL‘M.

482 507 658 544 ouum
680 506 749 556 μοα

114 625 220 669 Γνοὺς
245 625 317 664 8ὲὸ
347 628 508 674 Παῦλος,
531 627 582 665 ὅτι
609 627 648 666 τὸ
677 628 712 666 ἓν
737 628 838 680 μέρος
869 628 941 667 ἐστὶ
967 630 1124 667 Σαδδου-

167 687 294 734 καίων,
321 687 360 725 τὸ
388 687 423 726 δὲ
451 687 566 740 ἕτερον
586 688 812 740 Φαρισαίων,
841 688 980 741 ἔκραξεν
1011 692 1046 728 ἐν
1074 692 1124 740 τῷ

167 748 354 801 συνεδρίῳ·
384 750 502 801 ἄνδρες
529 750 689 802 ἀδελφοὶ,
719 750 786 800 ἐγὼ
812 750 1008 802 Φαρισαῖός
1034 753 1123 800 εἶμι,

165 809 236 852 υἱὸς
253 810 470 862 Φαρισαίου·
493 812 572 863 περὶ
595 811 731 854 ἐλπίδος
749 812 808 849 καὶ
825 810 1046 853 ἀναστάσεως
1072 826 1124 848 νε-

165 874 256 921 κρῶν
285 871 352 921 ἐγὼ
372 872 548 922 κρίνομαι.
567 874 689 909 Ταῦτα
710 871 745 908 δὲ
765 874 867 909 αὐτοῦ
890 871 1123 917 λαλήσαντος,

164 931 279 981 ε’(ένετ
269 947 300 968 ο
329 931 449 974 στάσις
474 935 542 969 τῶν
562 931 805 969 Σαδδουκαίων
825 947 884 969 και
903 930 1122 983 Φαρισαίων,

163 1006 222 1028 και
242 991 385 1042 ἐσχίσθη
411 991 450 1028 τὸ
475 993 616 1036 πλῆθος.
636 992 865 1028 Σαδδουκαῖοι
887 990 949 1041 μὲν
976 989 1042 1041 γὰρ
1069 990 1123 1027 λε’-

739 1050 827 1101 μηδὲ
846 1050 1040 1101 αγγελον,
1035 1050 1122 1096 μήτε

162 1117 322 1161 πνεῦμα·
343 1113 534 1164 Φαρισαῖοι
558 1110 593 1148 δὲ
623 1113 830 1162 ὁμολογοῦσι
857 1110 901 1149 τὰ
929 1110 1120 1163 ἀμφότερα

162 1066 279 1101 γουσι,
307 1067 356 1101 μη
387 1055 473 1088 eiam
498 1050 710 1097 ἀναστασιν,

160 1362 271 1401 Πάλιν
302 1362 524 1414 ἀνθρωπίνοις
549 1363 764 1415 διαλέγεται,
783 1363 843 1402 καὶ
873 1365 911 1402 οὗ
940 1369 1120 1417 πανταχοῦ

106 1426 167 1469 τ’ἧς
183 1423 324 1477 χάριτος
343 1423 527 1471 ἀπολαύει,
548 1423 638 1462 ἀλλὰ
658 1425 716 1462 καὶ
736 1427 819 1477 παρ’
837 1427 961 1462 ἑαυτοῦ
981 1441 1014 1463 τι
1039 1441 1120 1477 συγ-

106 1490 272 1537 χωρεῖται
292 1483 458 1536 εἰσφέρειν
476 1500 483 1508 ·
502 1484 519 1522 ὃ
540 1484 580 1531 δὴ
602 1484 660 1522 καὶ
678 1491 782 1531 ποιεῖ,
801 1484 860 1522 καὶ
879 1488 913 1523 ἐν
927 1486 1038 1538 τούτῳ
1061 1487 1121 1525 καὶ

106 1548 140 1582 ἐν
157 1548 206 1596 τῷ
223 1545 310 1596 μετὰ
326 1550 436 1582 ταῦτα
455 1547 692 1596 ἀπολογεῖται,
716 1545 921 1596 βουλόμενος
942 1546 1062 1598 σχίσαι
1081 1547 1120 1586 τὸ

106 1608 235 1651 πλῆθος
253 1606 292 1643 τὸ
317 1608 433 1648 κακῶς
454 1608 615 1656 ὁμονοοῧν
645 1607 721 1642 κατ’
743 1608 858 1644 αὐτοῦ.
885 1607 956 1644 Καὶ
976 1609 1013 1644 οὐ
1037 1608 1120 1659 ψεύ-

106 1668 201 1704 δεται
214 1666 290 1704 οὐδὲ
313 1669 469 1713 ἐνταῦθα,
488 1668 708 1719 ἶ’Φαρισαῖον
731 1667 849 1704 ἑαυτὸν
871 1667 994 1718 λέγων·
1007 1670 1121 1721 Φαρι-

106 1733 201 1770 σαῖος
215 1727 258 1777 γὰ
265 1744 281 1778 ρ
295 1721 336 1773 ἦν
356 1728 394 1764 ἐκ
414 1726 604 1778 προγόνων.
623 1727 690 1764 Διὰ
709 1731 809 1765 τοῦτο
828 1728 887 1766 καὶ
907 1728 1012 1772 οὕτως
1032 1731 1119 1766 ἀπο-

103 1790 257 1839 λογεῖται
272 1803 279 1810 ·
301 1788 496 1839 Φαρισαῖος
515 1786 582 1837 ἐγώ
610 1790 701 1837 εἰμι,
726 1787 797 1831 υἱὸς
816 1789 1034 1841 Φαρισαίου,
1059 1789 1118 1827 καὶ

102 1849 181 1899 περὶ
202 1848 338 1890 ἐλπίδος
367 1848 425 1885 καὶ
447 1848 670 1891 ἀναστάσεως
689 1851 817 1901 νεκρῶν
848 1849 916 1900 ἐγὼ
942 1850 1117 1902 κρίνομαι.

103 1909 249 1955 ’Ἐπειδὴ
270 1908 337 1962 γὰρ
353 1911 475 1947 ἐκεῖνοι
492 1910 552 1945 οὐκ
575 1908 756 1947 ἐὸούλοντο
776 1910 883 1947 εἰπεῖν
903 1910 959 1947 διὰ
980 1910 1014 1948 τί
1039 1910 1117 1964 κρί-

103 1986 214 2008 νουσιν
246 1970 365 2016 αὐτὸν,
400 1969 632 2021 ἀναγκάζεται
668 1970 788 2007 λοιπὸν
826 1971 926 2013 αὐτὸς
958 1970 1116 2015 ἐξειπεῖν.

102 2032 293 2082 Φαρισαῖοι
314 2030 367 2076 δὲ,
394 2030 519 2082 φησὶν,
546 2032 751 2080 ὁμολογοῦσι
770 2030 814 2068 τὰ
834 2030 1026 2083 ἀμφότεροι.
1047 2032 1117 2070 Καὶ

980 2092 1031 2130 Ἢ
1063 2092 1116 2131 ὅτι

100 2157 239 2200 πνεῦμα
259 2168 317 2189 και
343 2152 516 2202 ἅγγελος
505 2150 539 2188 έν
564 2167 667 2198 εστιν,
688 2150 710 2196 ἢ
728 2151 780 2188 ὅτι
801 2153 839 2188 οὐ
861 2152 962 2202 μόνον
984 2157 1005 2200 ἡ
1028 2153 1117 2197 λέξις

100 2212 179 2264 περὶ
196 2228 275 2260 ουο,
297 2212 387 2274 ἀλλὰ
412 2212 471 2250 καὶ
496 2228 576 2263 περι
603 2227 706 2264 τριων
736 2212 892 2262 λασιὸάνε
880 2228 965 2251 -ται.
991 2216 1117 2253 Κατα-

103 2091 170 2141 μὴν
204 2091 282 2142 τρία
310 2091 406 2130 ἐστί·
426 2094 501 2134 πῶς
531 2084 589 2128 οῧν
617 2090 711 2142 λέγει
737 2090 949 2144 Ἀμφότερα,

99 2275 297 2325 χρηστικῶς
321 2266 377 2310 οὖν
404 2273 512 2316 οὕτως
538 2277 629 2320 εἰπε,
649 2272 709 2309 καὶ
738 2275 776 2311 οὐ
801 2275 1024 2325 κυριολογῶν.
1046 2276 1116 2313 Καὶ

97 2334 184 2385 ο’·ρα
209 2333 266 2371 ὅτε
288 2335 364 2383 μετ’
392 2335 502 2370 αὐτῶν
531 2333 612 2379 ἔστη
627 2363 636 2381 ,
655 2332 734 2371 τότε
758 2334 1040 2384 ἇπολογουνται
1029 2334 1115 2386 υπὲρ

97 2396 211 2432 αὐτοῦ.
225 2394 387 2446 Ἐγένετο
401 2393 468 2445 γὰρ
480 2424 490 2441 ,
507 2394 604 2445 φησὶ,
624 2392 759 2446 κραυγὴ
776 2394 936 2444 μεγάλη·
955 2394 1013 2432 καὶ
1031 2397 1114 2433 ἀνα-

97 2455 238 2498 στάντες
273 2457 340 2492 τῶν
372 2454 607 2508 γραμματέων
640 2470 700 2493 του
731 2453 855 2505 μέρους
891 2457 960 2493 τῶν
996 2457 1112 2508 Φαρι-

97 2514 204 2551 σαίων
217 2545 226 2561 ,
247 2515 452 2566 διεμάχοντο
469 2515 649 2566 λέγοντες·
670 2514 764 2553 οὐδὲν
782 2530 886 2552 κακον
907 2514 1109 2569 εὑρίσκομεν

96 2576 131 2611 ἐν
150 2578 199 2627 τῷ
220 2575 391 2628 ἀνθρώπῳ
409 2575 531 2628 τούτῳ.
552 2577 596 2613 Εἰ
617 2575 651 2612 δὲ
670 2579 807 2626 πνεῦμα
826 2575 994 2622 ἐλάλησεν
1016 2578 1110 2630 αὐτῷ

96 2634 117 2680 ἢ
148 2634 352 2686 ἅγγελος,”
367 2635 414 2685 μὴ
444 2639 684 2687 θεομαχιῳεν.
715 2637 787 2675 Και
813 2636 869 2674 διὰ
899 2637 935 2674 τί
965 2637 1014 2688 μὴ
1042 2638 1110 2690 πρὸ

95 2695 215 2733 τούτου
237 2696 301 2733 ὑπΞ
305 2711 322 2747 ρ
346 2712 446 2734 αυτου
473 2697 752 2747 ἀπελογήσαντο,
769 2697 856 2736 εὈτι
881 2700 994 2741 αὐτοῖς
1013 2697 1109 2736 οὔπω

95 2755 329 2806 συνεμίγνυτο,
349 2757 426 2793 οὐσὲ
445 2757 510 2802 δῆλ
512 2772 547 2794 ον
567 2761 622 2804 ἠν,
640 2773 720 2810 πριν
737 2758 1009 2809 ἀπολογήσεται,
1030 2760 1109 2797 Φα-

95 2822 224 2866 ρισαῖος
243 2817 373 2854 ἄνωθεν
392 2833 451 2854 ων.
468 2816 624 2869 (Ορᾷςβ
605 2833 687 2855 οταν
707 2817 751 2855 τὰ
771 2818 892 2865 πά6η’
880 2819 1110 2872 υποχωρήσῃ,

94 2880 166 2919 πῶς
181 2879 203 2922 ἡ
225 2877 367 2923 ἀλήθεια
382 2878 593 2929 εὑρίσκεται,
605 2877 655 2916 “O
669 2877 704 2916 δὲ
722 2878 875 2931 λέγουσι,
894 2879 996 2918 τοῦτό
1014 2881 1106 2918 ἐστι·

94 2942 190 2974 ποῖον
204 2937 375 2987 ἔγκλημα,
392 2940 421 2975 εἷ
440 2938 584 2989 ἄγγελος
598 2940 692 2991 αὐτῷ
706 2940 889 2987 ἐλάλησεν,
906 2942 935 2977 εἷ
954 2945 1105 2990 πνεῦμα,

94 2996 152 3032 καὶ
171 2999 228 3033 ὑπ’
251 2999 354 3035 αὐτοῦ
371 2998 599 3050 κατηχηθεὶς,
621 2999 709 3038 οὕτω
728 3000 772 3037 τὰ
787 3000 868 3053 περὶ
888 3002 1109 3043 ἀναστάσεως

95 3057 288 3094 ἐκδιδάσκει
295 3072 305 3105 ;
339 3059 475 3096 Οὐκοῦν
517 3061 621 3098 αὐτοῦ
659 3064 868 3113 ἀποστῶμεν
885 3091 895 3109 ,
927 3061 975 3112 μὴ
1014 3065 1108 3114 αὐτῷ

95 3118 321 3165 πολεμοῦντες
337 3119 396 3156 καὶ
419 3120 584 3171 θεομάχοι
605 3123 814 3172 εὓρεθῶμεν.
844 3122 941 3174 ἸΟρα
959 3126 1109 3166 συνετῶς

96 3176 214 3219 αὐτοὺς
228 3179 291 3214 ὑπε
299 3180 625 3230 ραπολογουμένους,
642 3183 700 3220 καὶ
714 3183 771 3221 τὸν
785 3185 924 3221 Παῦλον
945 3183 1107 3235 οὐδεμίαν

137 3306 148 3320 ³
175 3296 267 3337 Haec,
281 3306 438 3342 Φαρισαῖον
454 3301 556 3334 ἑαυτὸν
579 3305 682 3344 λέγων,
694 3300 814 3334 desunt
830 3303 863 3334 in
881 3301 1092 3345 quibusdam.

136 3349 153 3371 b
178 3348 217 3378 In
237 3347 453 3390 quibusdam,
468 3357 512 3393 μὴ
530 3356 737 3396 θεομαχῶμεν,
753 3353 856 3388 deest.
873 3355 928 3396 [In
943 3356 979 3387 A.
994 3357 1033 3388 B.
1056 3357 1096 3388 In

94 3399 193 3431 tertio
219 3400 256 3432 C.
285 3399 376 3434 deest
404 3399 472 3434 haec
500 3401 636 3435 homilia
678 3404 850 3447 Proxima,
875 3411 920 3440 ὅτι
945 3410 1096 3445 witeka...

1291 264 1445 295 HOMIL.
1484 267 1605 296 XLIX.

2086 258 2176 317 409

1501 511 1710 549 HOMILIA
1739 511 1873 550 XLIX.

1201 630 1291 668 CAP.
1313 630 1450 670 XXIII.
1474 646 1508 671 v.
1533 633 1570 672 6.
1589 632 1720 671 Sciens
1736 642 1865 672 autem
1884 634 2048 684 Paulus,
2072 635 2177 686 quod

1252 704 1330 727 una
1340 705 1432 742 pars
1448 700 1544 729 esset
1556 692 1866 742 Sadducoeorum,
1879 702 1915 730 et
1929 694 2054 731 altera
2068 696 2176 732 Pha-

1250 754 1460 796 risoeorum,
1480 753 1715 798 exclamavit
1730 755 1771 790 in
1780 754 1945 791 concilio
1961 770 1972 790 .·
1993 756 2075 792 Viri
2084 757 2175 807 fra-

1251 822 1338 862 tres,
1355 827 1422 865 ego
1435 816 1657 852 Plzarisceus
1671 828 1767 862 sum,
1779 816 1972 853 Pharisaei
1981 818 2088 868 filius
2097 834 2112 862 ‚·
2129 819 2176 855 de

1250 887 1315 924 spe
1330 882 1365 910 et
1384 877 1660 911 resurrectione
1681 883 1915 913 mortuorum
1932 891 1998 928 ego
2005 880 2174 929 judicor.

1250 934 1285 970 7.
1306 935 1360 970 Et
1379 948 1464 971 cum
1492 936 1563 972 Izoc
1579 936 1751 981 dixisset,
1763 937 1886 988 facta
1910 946 1966 974 esc
1990 939 2176 976 dissensio

1248 995 1348 1030 inter
1369 995 1591 1032 Plzarisaeos
1620 1003 1657 1032 et
1684 995 1926 1043 Sadducaeos,
1953 1005 1990 1033 et
2015 998 2176 1036 discissa

1249 1061 1304 1090 est
1321 1054 1540 1092 multitudo.
1557 1054 1595 1092 8.
1610 1055 1814 1092 Sadducaei
1823 1058 1925 1093 enim
1939 1057 2085 1103 dicunt,
2100 1072 2177 1095 non

1248 1127 1329 1151 esse
1349 1117 1676 1164 resurrectionem,
1697 1129 1819 1167 neque
1837 1117 2031 1168 angelum,
2056 1132 2177 1169 neque

1247 1177 1422 1226 spiritum
1448 1190 1459 1212 :
1492 1177 1686 1214 Pharisaei
1711 1185 1840 1215 autem
1867 1185 2030 1228 utraque
2055 1179 2176 1231 confi-

1249 1243 1387 1273 tentur.

1248 1360 1286 1397 1.
1306 1360 1462 1397 Rursum
1480 1358 1637 1398 humano
1661 1373 1759 1398 more
1777 1359 1930 1411 disserit,
1953 1374 2016 1399 nee
2040 1375 2176 1414 semper

1195 1420 1308 1471 gratia
1328 1421 1459 1458 fruitur
1477 1436 1487 1469 ;
1508 1420 1569 1458 sed
1583 1420 1689 1463 etiam
1707 1421 1843 1472 aliquid
1865 1436 1884 1459 a
1899 1422 2012 1474 seipso
2025 1424 2176 1474 permit—

1195 1482 1283 1520 titur
1297 1482 1443 1531 afferre,
1465 1481 1503 1518 id
1531 1480 1627 1531 quod
1646 1495 1727 1519 sane
1746 1482 1853 1519 facit:
1877 1471 1918 1520 et
1937 1482 1973 1520 in
1989 1483 2057 1521 hoc
2086 1493 2119 1521 et
2139 1484 2174 1522 in

1193 1541 1352 1591 sequenti
1384 1541 1554 1580 rationem
1574 1541 1709 1592 reddit,
1737 1551 1776 1579 ut
1795 1541 1933 1580 scindat
1965 1543 2174 1582 multitudi-

1192 1616 1272 1641 nem
1287 1611 1407 1640 contra
1427 1616 1462 1640 se
1480 1603 1572 1640 male
1591 1603 1828 1655 conjunctam.
1849 1605 1969 1654 Neque
1988 1605 2172 1655 mentitur,

1143 1668 1167 1697 D
1193 1678 1274 1703 cum
1288 1678 1325 1702 se
1342 1663 1430 1701 dicit
1449 1663 1668 1702 pharisaeum
1684 1679 1692 1701 :
1708 1665 1907 1703 Pharisaeus
1923 1666 2016 1703 enim
2035 1675 2108 1703 erat
2129 1681 2174 1705 ex

1192 1723 1489 1777 progenitoribus.
1504 1723 1590 1761 Ideo
1605 1724 1654 1761 ita
1669 1738 1742 1762 sese
1759 1724 1915 1762 defendit
1929 1741 1936 1761 :
1949 1727 2174 1765 Pharisaeus

1191 1799 1258 1837 ego
1278 1799 1375 1832 sum,
1392 1785 1584 1822 Plzariscei
1591 1784 1722 1836 filius,
1741 1793 1777 1822 et
1792 1786 1839 1822 de
1853 1799 1918 1837 spe
1937 1800 1983 1823 ac
2001 1801 2171 1824 resurre-

1190 1849 1318 1884 ctione
1345 1854 1581 1883 mortuorum
1597 1859 1664 1896 ego
1675 1846 1843 1897 judicor.
1873 1846 1965 1892 Quia
1995 1846 2089 1884 enim
2117 1848 2173 1886 illi

1189 1907 1354 1944 nolebant
1375 1905 1492 1943 dicere
1512 1919 1576 1942 cur
1594 1905 1698 1942 illum
1710 1905 1924 1957 judicarent,
1942 1907 2081 1958 cogitur
2095 1908 2172 1959 jam

1188 1967 1249 2006 ille
1263 1967 1300 2004 id
1320 1966 1513 2005 enuntiare.
1534 1967 1728 2004 Plzarc'scec'
1748 1975 1891 2017 autem,
1909 1967 2036 2017 inquit,
2058 1977 2169 2005 utra-

1189 2042 1262 2080 que
1279 2028 1522 2080 confitentur.
1552 2025 1663 2077 Atqui
1682 2026 1751 2063 tria
1770 2035 1851 2064 sunt
1866 2042 1873 2063 :
1888 2040 1952 2064 cur
1980 2040 2062 2078 ergo
2082 2027 2172 2065 dicit

1194 2091 1365 2140 Utraque
1380 2092 1396 2125 P
1414 2088 1484 2127 Vel
1514 2086 1608 2137 quod
1640 2086 1787 2138 spiritus
1815 2095 1847 2124 et
1879 2088 2026 2139 angelus
2057 2102 2171 2126 unum

1187 2149 1281 2197 sint3
1298 2149 1354 2187 vel
1374 2149 1457 2199 quia
1479 2147 1589 2185 dictio
1619 2147 1681 2184 illa
1713 2161 1783 2184 non
1813 2147 1929 2185 solum
1948 2148 1992 2186 de
2012 2148 2168 2199 duobus,

1187 2209 1247 2247 sed
1266 2209 1373 2247 etiam
1400 2209 1444 2246 de
1463 2209 1577 2245 tribus
1597 2207 1786 2259 accipitur.
1808 2208 1932 2258 Itaque
1950 2210 2075 2247 latiore
2101 2225 2170 2248 usu

1187 2279 1221 2309 et
1246 2284 1315 2307 non
1337 2268 1482 2321 proprie
1503 2269 1554 2307 sic
1578 2269 1746 2318 loquutus
1763 2277 1829 2307 est.
1850 2269 1898 2306 Et
1916 2269 2169 2321 vide:quando

1187 2325 1269 2369 cum
1284 2330 1356 2368 illis
1374 2330 1452 2378 fuit,
1466 2339 1552 2367 tunc
1570 2330 1644 2381 ejus
1662 2343 1805 2367 causam
1818 2328 2076 2370 defendendam
2094 2347 2168 2371 sus-

1136 2405 1161 2435 Ε
1187 2391 1334 2444 cipiunt.
1361 2393 1398 2429 9.
1416 2393 1564 2429 Factus
1582 2400 1651 2438 est,
1668 2390 1798 2441 inquit,
1811 2392 1962 2430 clamor
1973 2407 2136 2446 magnus
2149 2412 2164 2440 ,-

1182 2461 1221 2491 et
1234 2461 1430 2504 surgentes
1444 2454 1578 2490 scriboe
1593 2466 1640 2489 ex
1654 2461 1765 2503 parce
1779 2454 2082 2502 Plzarisoeorum,
2097 2470 2167 2507 pu-

1183 2515 1360 2565 gnabant
1371 2514 1563 2550 dicentes:
1576 2513 1627 2550 Na
1624 2513 1690 2549 hil
1704 2513 1827 2554 mali
1813 2516 2029 2553 mvenimus
2043 2518 2084 2553 in
2099 2518 2167 2554 ho-

1185 2577 1288 2612 mine
1308 2575 1393 2611 hoc.
1421 2574 1532 2623 Quod
1543 2576 1577 2611 si
1594 2575 1750 2624 spiritus
1771 2574 1954 2625 loquutus
1973 2584 2028 2612 est
2044 2579 2080 2613 ei
2098 2578 2168 2614 vel

1184 2635 1359 2686 angelus,
1381 2648 1427 2671 ne
1445 2646 1696 2685 repugnemus
1717 2634 1812 2670 Deo.
1831 2633 1878 2671 Et
1900 2648 1963 2671 cur
1978 2648 2048 2673 non
2067 2645 2165 2674 ante-

1184 2695 1250 2732 hac
1270 2694 1374 2731 illum
1401 2692 1660 2730 defenderunt?
1680 2692 1775 2737 Quia
1802 2693 1875 2731 illis
1894 2694 2054 2732 nondum
2069 2710 2164 2734 com-

1183 2756 1318 2793 mixtus
1337 2763 1422 2803 erat,
1437 2768 1559 2804 neque,
1574 2762 1763 2803 antequam
1781 2767 1855 2791 sese
1872 2753 2086 2805 defenderet,
2103 2771 2164 2794 no-

1184 2825 1259 2854 tum
1278 2825 1352 2853 erat
1367 2815 1483 2867 ipsum
1505 2828 1524 2851 a
1544 2814 1738 2865 majoribus
1757 2827 1828 2851 esse
1843 2815 2074 2854 Pharisaeum.
2093 2818 2164 2857 Vi-

1157 2915 1167 2922 ,
1183 2876 1259 2926 des,
1283 2875 1424 2927 quando
1455 2874 1564 2912 animi
1596 2875 1743 2911 affectus
1771 2875 1986 2924 abscedunt,
2008 2891 2161 2927 quomo-

1132 2916 1169 2980 ΞΘ
1184 2938 1229 2975 do
1242 2937 1371 2975 veritas
1391 2935 1613 2988 reperiatur?
1640 2935 1716 2972 Hoc
1744 2948 1827 2972 vero
1855 2935 2059 2987 significant
2084 2939 2160 2976 illi:

1184 2997 1292 3044 Quod
1320 2997 1470 3046 crimen,
1492 2996 1522 3033 si
1551 2996 1696 3046 angelus
1716 2995 1885 3045 loquutus
1903 3006 1955 3035 est
1973 2998 2023 3047 ei,
2043 3009 2106 3037 aut
2132 3001 2160 3039 si

1183 3060 1344 3112 spiritus,
1377 3068 1410 3096 et
1447 3059 1492 3096 ab
1528 3058 1591 3095 illo
1624 3057 1807 3095 institutus
1841 3058 1891 3096 sic
1924 3059 1969 3097 de
1999 3075 2159 3100 resurre-

1184 3121 1297 3160 ctione
1323 3119 1475 3158 doceat?
1503 3119 1601 3169 Ergo
1627 3117 1858 3156 abscedamus
1881 3119 2024 3170 abillo,
2045 3136 2100 3171 ne,
2131 3123 2161 3161 si

1186 3196 1266 3220 cum
1298 3182 1362 3219 illo
1381 3194 1593 3234 pugnemus,
1615 3181 1731 3216 Deum
1761 3180 1866 3217 etiam
1898 3180 2161 3234 impugnemus.

1161 3309 1270 3338 ἀνωθεν
1284 3301 1510 3344 632‚de511ntin
1521 3302 1557 3332 A.
1571 3302 1606 3333 B.
1620 3302 1683 3333 Pro
1701 3304 1827 3342 δῆλονη,

1390 3353 1662 3396 ἁποὶογ-ἡσασθαι.]

1847 3307 2064 3347 ἀπολογήσεται
2080 3303 2157 3340 fort.

1163 3353 1225 3397 leg.
1243 3358 1339 3393 δῆλος.
1350 3381 1370 3387 ..
