2502 3810
97 834 124 853 2,
148 823 215 851 Cor.
235 822 264 851 6.

93 1125 202 1161 ΕΙ·Ῐιι’3,
221 1124 251 1154 ὃ.

96 1499 119 1519 1⁴
139 1491 276 1521 Confi-3.

95 2119 131 2158 L*
142 2113 211 2144 Cor.
230 2116 260 2152 J}

293 232 386 276 838
735 244 771 273 s.

292 325 406 362 nalem
435 324 547 363 facere
575 321 688 372 gratia
717 322 862 373 dignata
884 331 946 360 est.
978 321 1120 361 Vellem
1152 320 1274 360 videre

292 387 427 424 leonem
456 383 689 435 spiritualem.
736 382 1048 430 Quemadmodum
1086 383 1180 420 enim
1220 382 1274 420 leo

293 448 409 497 ignem
427 444 588 482 emittens
608 444 644 481 in
663 444 830 496 vulpium
849 457 986 495 greges,
1009 444 1060 481 sic
1079 444 1115 481 in
1135 444 1273 481 daemo-

293 520 378 543 num
397 515 430 543 et
452 505 751 557 philosophorum
768 514 924 543 turmam
949 505 1092 554 incidit,
1118 519 1159 543 ac
1177 505 1276 544 velut

291 565 451 603 fulminis
465 566 595 617 jactus,
617 566 654 603 in
669 566 840 604 daemonis
857 565 1052 618 phalanges
1071 565 1193 603 illatus
1212 573 1274 603 est.

290 628 412 677 Neque
442 626 535 664 enim
556 627 593 664 in
612 626 686 664 acie
705 636 826 665 contra
856 627 961 664 illum
980 627 1118 675 stabat3
1147 627 1207 665 sed
1227 627 1277 665 ita

291 687 437 725 timebat
454 687 706 737 tremebatque,
727 696 766 725 ut
785 687 815 725 si
827 687 884 726 vel
897 688 1062 725 umbram
1083 688 1158 739 ejus
1176 687 1278 726 vide-

292 756 356 795 ret,
376 757 438 785 aut
455 761 576 786 vocem
597 748 751 798 audiret,
773 748 897 800 procul
914 748 1063 799 sugeret.
1086 748 1146 786 Sic
1164 748 1278 799 igitur

293 808 397 846 illum
426 808 487 859 qui
510 808 703 847 fornicatus
728 818 817 857 erat,
844 809 992 847 tradidit
1010 809 1064 846 illi
1085 823 1167 846 cum
1192 823 1277 861 pro-

811 242 994 273 JOANNIS
1036 238 1274 272 CHRYSOST.

1316 240 1341 268 A
1349 241 1504 270 nCfflEP
1514 261 1522 270 .
1562 242 1895 273 CONSTANTINOP
1904 263 1914 273 .

1349 336 1405 358 σαι
1421 326 1442 369 ἡ
1454 323 1556 374 χάρις
1567 323 1904 374 αὖτόν.ἸΞίῗουλόμην
1915 325 1996 362 ἰδεῖν
2007 327 2064 364 τὸν
2075 325 2195 364 λέοντα
2204 326 2260 364 τὸν
2269 340 2367 363 πνευ·

1349 383 1506 432 ματικόν.
1528 382 1665 435 Ὥσπερ
1695 384 1763 435 γὰρ
1792 384 1877 421 λέων
1897 388 1966 435 πῦρ
1983 386 2092 437 ἀφιεὶς
2113 389 2160 429 εἰς
2174 386 2365 425 ἀλωπέκων

1349 442 1494 493 ἀγέλας,
1515 442 1620 487 οὕτως
1642 446 1689 487 εἷς
1716 444 1779 491 τὴν
1795 446 1862 483 τῶν
1879 444 2051 495 δαιμόνων
2076 446 2135 484 καὶ
2171 446 2365 498 φιλοσόφον

1349 503 1487 541 ἐνέπεσε
1515 504 1674 557 φατρίαν,
1693 505 1752 542 καὶ
1782 504 1940 556 καθάπερ
1975 510 2132 550 σκηπτοῦ
2162 522 2212 548 τις
2235 505 2367 556 ἐμὸολὴ

1349 566 1397 607 εἷς
1411 562 1473 606 τὰς
1491 569 1551 602 τοῦ
1572 565 1734 603 διαέόλου
1760 565 1958 617 κατηνέχθη
1980 565 2172 617 φάλαγγας.
2191 565 2283 604 Οὐδὲ
2302 565 2369 617 γὰρ

1349 626 1388 661 ἐκ
1408 625 1631 676 παρατάξεως
1660 625 1782 664 ἵστατο
1811 626 1895 678 πρὸς
1925 626 2040 673 αὐτὸν,
2066 627 2143 663 ἀλλ’
2163 626 2269 669 οὕτως
2295 627 2369 664 ἕδε-

1351 685 1457 723 δοίκει
1477 686 1536 723 καὶ
1550 686 1705 739 ἔτρεμεν,
1721 689 1766 730 ὡς
1786 689 1816 724 εἷ
1838 686 1938 725 σκιὰν
1959 687 2043 734 ἴδοι,
2063 686 2122 724 καὶ
2140 690 2254 737 φωνῆς
2269 687 2371 724 ἀκού·

1351 762 1440 793 σειε,
1461 746 1636 798 πόρρωθεν
1669 747 1903 800 δραπετεύειν.
1933 747 2036 785 Οὕτω
2057 751 2136 799 γοῦν
2155 747 2214 784 καὶ
2232 747 2288 785 τὸν
2309 763 2369 785 πε·

1350 806 1562 859 πορνευκότα
1581 807 1780 860 παρέδωκεν
1804 810 1898 859 αὐτῷ
1916 807 2092 859 πόῤῥωθεν
2111 807 2171 855 ὢν,
2187 808 2246 845 καὶ
2264 808 2368 845 πάλιν

294 872 351 909 cul
371 880 473 920 esset,
502 880 537 908 et
556 886 681 909 rursus
711 885 756 909 ex
779 871 877 909 illius
906 872 1070 909 manibus
1089 872 1247 924 abripuit
1266 887 1274 909 z
1290 896 1337 920 750
1351 867 1526 920 ἐξήρπασε
1545 871 1612 905 τῶν
1634 868 1764 905 ἐκείνου
1784 872 1909 921 χειρῶν
1924 885 1931 891 ·
1953 868 2040 905 Οὕτω
2061 868 2119 906 καὶ
2140 869 2294 920 ἑτέρους,
2314 868 2368 905 ἵνα

293 931 344 969 sic
363 940 396 969 et
415 931 517 981 alios,
550 940 589 969 ut
609 931 784 969 discerent
810 946 879 969 non
897 932 1158 984 blasphemare.
1191 933 1275 970 Per-
1301 933 1326 961 Α
1349 929 1560 966 παιδευθῶσι
1582 928 1628 978 μὴ
1655 930 1886 979 βλασφημεῖν·
1910 928 2042 967 Σκόπει
2059 928 2093 965 δὲ
2114 930 2188 971 πῶς
2212 928 2271 966 καὶ
2294 927 2370 970 τοὺς

291 991 405 1044 pende
432 1001 550 1030 autem
576 992 753 1043 quomodo
772 1007 830 1031 eos
855 993 917 1043 qui
938 993 1004 1030 sub
1032 993 1095 1030 illo
1122 993 1276 1031 ordinati

293 1061 373 1089 sunt
400 1052 445 1089 ad
464 1066 633 1104 pugnam,
663 1053 788 1091 educat
807 1053 994 1091 stimulans
1018 1062 1052 1090 et
1071 1068 1197 1091 acuens
1213 1070 1221 1090 ;
1236 1068 1276 1092 ac

293 1124 387 1147 nunc
417 1110 564 1160 quidem
600 1111 766 1162 Ephesiis
795 1111 892 1149 dicat
918 1127 926 1146 :
953 1113 1043 1149 Non
1077 1121 1133 1149 est
1167 1115 1276 1151 nobis

294 1172 520 1209 colluctatio
554 1173 737 1210 adversus
769 1176 997 1224 sanguinem
1033 1182 1069 1211 et
1101 1187 1273 1221 carnem,

292 1233 361 1270 sed
378 1233 562 1270 adversus
581 1236 822 1285 principatus
842 1243 877 1271 et
895 1243 1103 1285 potestates
1109 1251 1123 1279 ;
1149 1234 1277 1272 deinde

292 1292 480 1344 praemium
499 1294 600 1344 ponit
618 1294 653 1331 in
669 1295 881 1340 caelesfibus,
903 1295 1024 1332 dicens
1042 1311 1049 1331 :
1066 1296 1156 1332 st‘on
1174 1299 1276 1332 enim

291 1358 396 1392 eirca
432 1364 584 1393 terrena
611 1358 717 1394 nobis
747 1365 943 1394 certamen
971 1365 1040 1402 est,
1085 1358 1152 1394 sed
1172 1361 1276 1394 circa

292 1419 407 1455 coelos
425 1427 462 1455 et
479 1432 540 1468 ea,
557 1433 641 1470 quoe
658 1422 698 1455 in
717 1420 823 1457 coelis
843 1428 957 1465 szcnt,·
980 1433 1074 1456 nunc
1093 1433 1178 1457 vero
1196 1420 1276 1457 aliis

292 1478 379 1516 dicit
405 1481 602 1517 :Nescitis
647 1483 740 1531 quia
777 1480 936 1531 angelos
962 1481 1227 1531 judicabimus
1260 1511 1271 1526 ,

293 1549 440 1591 quanto
470 1544 592 1593 magis
622 1542 858 1579 saecularia?
897 1541 980 1578 Haec
1011 1541 1129 1591 itaque
1157 1542 1276 1580 omnia

292 1602 496 1654 cogitantes,
519 1612 649 1640 stemus
666 1617 845 1654 generose.
867 1604 960 1640 Nam
976 1611 1009 1640 et
1023 1603 1155 1641 Paulus
1167 1604 1274 1642 homo

292 1673 377 1712 erat,
407 1662 565 1715 ejusdem
597 1664 784 1701 nobiscum
816 1673 964 1710 naturae‚
996 1673 1029 1701 et
1057 1664 1127 1701 alia
1157 1665 1275 1702 omnia

291 1726 423 1764 habens
452 1727 652 1764 communia
673 1742 680 1763 :
699 1727 760 1765 sed
780 1727 862 1778 quia
893 1727 1047 1765 multum
1070 1741 1151 1778 erga
1172 1728 1276 1765 Chri-

291 1796 385 1825 stum
400 1801 556 1825 amorem
571 1788 750 1837 exhibuit,
772 1789 874 1826 caelos
894 1788 1123 1839 transcendit,
1146 1798 1179 1826 et
1195 1803 1276 1827 cum

290 1850 423 1901 angelis
440 1851 651 1889 constitutus
663 1861 725 1890 est.
745 1852 867 1902 Itaque
883 1852 913 1889 si
929 1851 1148 1890 voluerimus
1164 1861 1197 1890 et
1213 1867 1275 1890 nos

290 1911 478 1962 paululum
496 1912 660 1961 excitari,
680 1922 713 1950 et
729 1913 847 1964 ignem
863 1913 966 1950 illum
980 1913 1015 1950 in
1032 1913 1134 1950 nobis
1154 1927 1275 1951 accen-

290 1970 387 2019 dere,
420 1972 616 2023 poterimus
645 1982 802 2011 sanctum
831 1973 936 2010 illum
957 1973 1129 2010 aemulari.
1155 1975 1276 2024 Neque

292 2031 399 2076 enim,
430 2032 459 2068 si
480 2032 517 2069 id
536 2033 613 2070 fieri
633 2047 702 2070 non
721 2042 852 2085 posset,
886 2034 1114 2072 exclamasset
1141 2034 1202 2072 ille
1220 2035 1277 2073 di-

294 2107 373 2133 cens
389 2097 629 2134 :Imitatores
641 2100 716 2134 mei
731 2104 864 2144 estote,
879 2099 976 2134 sicut
988 2106 1024 2134 et
1040 2111 1106 2149 ego
1119 2099 1275 2136 Christi.
1300 2093 1323 2124 C

294 2157 345 2194 Ne
366 2170 449 2208 ergo
471 2157 694 2195 solummodo
719 2158 937 2195 admiremur
958 2158 1090 2210 ipsum,
1125 2173 1187 2197 nec
1214 2160 1277 2197 ob-

292 2226 497 2268 stupeamus
514 2226 667 2268 tantum,
684 2219 746 2256 sed
763 2228 796 2256 et
812 2218 1007 2265 imitemur,
1026 2229 1065 2257 ut
1079 2234 1277 2258 mereamur

293 2278 375 2315 hinc
395 2279 587 2330 migrantes
607 2280 711 2317 illum
731 2280 866 2329 videre,
889 2289 922 2316 et
942 2281 1134 2319 ineffabilis
1155 2283 1275 2332 gloriae

294 2347 468 2376 consortes
488 2353 574 2377 esse.
597 2340 716 2385 Quam
735 2340 872 2377 utinam
891 2354 1012 2377 omnes
1031 2355 1275 2391 assequamur,

294 2398 407 2449 gratia
424 2407 456 2435 et
474 2398 692 2450 benignitate
713 2400 859 2437 Domini
877 2400 987 2437 nostri
1007 2402 1091 2439 Jesu
1114 2401 1248 2439 Christi
1264 2431 1276 2453 ,

295 2459 441 2509 quicum
462 2459 557 2496 Patri
584 2474 723 2510 unaque
743 2460 894 2512 Spiritui
914 2470 1033 2498 sancto
1061 2461 1188 2512 gloria,
1213 2463 1279 2501 ho-

295 2531 374 2567 nor,
396 2518 600 2570 imperium,
622 2534 716 2558 nunc
734 2529 767 2558 et
788 2534 939 2572 semper,
959 2529 992 2559 et
1011 2520 1048 2558 in
1068 2521 1196 2559 saecula
1215 2536 1279 2560 sae-

294 2579 473 2618 culorum.
497 2582 626 2622 Amen.

1348 989 1408 1026 ὑπ’
1437 992 1530 1042 αὐτῷ
1564 990 1794 1041 τεταγμένους
1830 990 2079 1041 ἀντεπεξάγει,
2114 990 2287 1042 διεγείρων
2311 991 2370 1028 καὶ

1349 1051 1497 1102 ἀλείφων
1511 1068 1516 1074 ·
1536 1051 1595 1089 καὶ
1609 1055 1666 1089 νῦν
1684 1052 1745 1102 μὲν
1756 1052 1929 1104 Ἐφεσίοις
1944 1052 2046 1103 φησίν
2061 1067 2068 1074 ·
2090 1054 2166 1090 Οὐκ
2179 1051 2272 1088 ἔστιν
2286 1055 2370 1102 ἡμῖν

1349 1115 1370 1157 ἦ
1394 1112 1484 1158 πάλη
1503 1113 1587 1163 πρὸς
1604 1107 1691 1162 αἷμα
1719 1113 1778 1150 καὶ
1800 1113 1931 1164 σάρκα,
1952 1112 2043 1150 ἀλλὰ
2070 1112 2154 1164 πρὸς
2180 1111 2240 1154 τὰς
2261 1111 2371 1163 ἀρχὰς

1349 1172 1408 1209 καὶ
1427 1172 1488 1216 τὰς
1510 1172 1679 1217 ἐξουσίας·
1702 1167 1775 1210 εἶτα
1794 1173 1852 1211 καὶ
1875 1173 1913 1210 τὸ
1935 1173 2082 1211 ἔπαθλον
2100 1173 2232 1218 τίθησιν
2253 1173 2287 1209 ἐν
2301 1177 2371 1214 τοῖς

1350 1233 1582 1284 ἐπουρανίοις,
1599 1233 1728 1283 λέγων·
1744 1235 1797 1271 Οὐ
1813 1233 1879 1284 γὰρ
1899 1233 1978 1285 περὶ
2005 1231 2132 1284 γηίνων
2153 1232 2369 1284 πραγμάτιον

1349 1296 1432 1342 ἡμῖν
1450 1296 1466 1330 ὁ
1484 1292 1592 1345 ἀγὼν,
1615 1294 1732 1344 φησὶν,
1753 1293 1841 1331 ἀλλὰ
1860 1295 1939 1346 περὶ
1966 1296 2031 1331 τῶν
2053 1296 2204 1345 οὐρανῶν
2225 1293 2284 1330 καὶ
2302 1295 2369 1329 τῶν

1350 1354 1383 1389 ἐν
1415 1358 1485 1395 τοῖς
1516 1355 1686 1403 οὐρανοῖς·
1709 1358 1765 1390 νῦν
1792 1353 1825 1391 δὲ
1848 1354 1976 1405 ἑτέροις
1997 1353 2113 1405 φησίν,
2133 1354 2211 1390 Οὐκ
2235 1352 2372 1398 οἴδατε,

1349 1411 1401 1449 ὅτι
1425 1413 1588 1464 ἀγγέλους
1606 1418 1800 1465 κρινοῦμεν,
1823 1415 1908 1465 μήτι
1932 1431 1970 1466 γε
1993 1414 2160 1465 βιωτικά,
2184 1415 2294 1452 Ταῦτ’
2314 1408 2370 1452 οῦν

1349 1472 1486 1510 ἅπαντα
1502 1475 1712 1519 ἐννοοῦντες,
1731 1477 1868 1525 στῶμεν
1903 1475 2077 1526 γενναίως.
2108 1474 2177 1512 Καὶ
2205 1473 2273 1525 γὰρ
2313 1474 2372 1512 καὶ

1349 1534 1490 1576 Παῦλος
1507 1534 1685 1586 ἅνθρωπος
1706 1530 1763 1582 ἦν,
1786 1538 1846 1581 τῆς
1876 1539 1983 1581 αὐτῆς
2012 1535 2145 1587 φύσεως
2168 1538 2251 1585 ἡμῖν
2275 1535 2373 1586 μετέ-

1349 1609 1435 1645 χων,
1453 1594 1512 1632 καὶ
1528 1594 1571 1632 τα
1592 1596 1680 1633 ἄλλα
1695 1595 1810 1633 πάντα
1828 1596 1916 1648 ἔχων
1932 1597 2030 1635 κοινά
2041 1613 2048 1619 ·
2063 1598 2138 1634 ἀλλ’
2156 1595 2274 1642 ἐπειδὴ
2289 1598 2372 1633 πολ-

1349 1655 1488 1702 λὴντὴν
1507 1656 1586 1708 περὶ
1615 1657 1672 1694 τὸν
1702 1658 1854 1708 Χριστὸν
1882 1657 2022 1708 ἀγάπην
2044 1656 2265 1703 ἐπεδείξατο,
2297 1656 2373 1699 τοὺς

1349 1716 1509 1768 οὐρανοὺς
1529 1717 1699 1770 ὓπερέὸη,
1714 1718 1773 1756 καὶ
1791 1718 1878 1768 μετὰ
1894 1721 1962 1756 τῶν
1980 1718 2135 1769 ἀγγέλων
2148 1718 2244 1763 ἔστη.
2258 1715 2373 1755 ἱΏστε

1349 1777 1406 1815 ἐὰν
1427 1779 1649 1828 βουληθῶμεν
1666 1778 1725 1816 καὶ
1744 1782 1846 1828 ἡμεῖς
1863 1779 2088 1825 διαναστῆναι
2106 1778 2240 1831 μικρὸν,
2256 1778 2316 1815 καὶ
2334 1778 2373 1816 τὸ

1348 1843 1416 1890 πῦρ
1439 1841 1547 1877 ἐκεῖνο
1569 1838 1697 1890 ἀνάψαι
1717 1842 1750 1877 ἐν
1776 1843 1874 1890 ἡμῖν,
1906 1838 2122 1890 δυνησόμεθα
2141 1841 2295 1884 ζηλῶσαι
2315 1839 2372 1876 τὸν

1348 1899 1443 1949 ἅγιον
1462 1901 1602 1937 ἐκεῖνον.
1625 1899 1716 1938 Οὐδὲ
1730 1899 1797 1951 γὰρ
1817 1900 1869 1948 ἂν,
1897 1901 1994 1952 εἴπερ
2014 1900 2178 1938 ἀδύνατον
2195 1894 2236 1945 ἦν
2254 1903 2374 1946 τοῦτο,

1349 1960 1430 1998 ἐέόα
1449 1959 1559 2011 λέγων
1574 1976 1580 1983 ·
1600 1961 1766 2011 Μιμηταί
1787 1978 1850 2013 μου
1868 1961 2002 2013 γίνεσθε
2014 1991 2022 2005 ,
2039 1960 2153 2003 καθὼς
2172 1958 2269 2011 κάγὼ
2284 1961 2375 2012 Χρι-

1349 2026 1443 2060 στοῦ.
1470 2021 1532 2068 Μὴ
1553 2021 1665 2060 τοίνυν
1688 2023 1917 2073 θαυμάζωμεν
1938 2022 2038 2060 αὐτὸν
2067 2021 2181 2072 μόνον,
2204 2021 2291 2071 μηδὲ
2315 2022 2374 2058 ἐκ-

1349 2082 1586 2132 πληττώμεθα
1610 2082 1731 2133 μόνον,
1755 2083 1844 2121 ἀλλὰ
1874 2083 1932 2121 καὶ
1954 2082 2159 2133 μιμώμεθα,
2180 2081 2235 2119 ἵνα
2260 2097 2373 2118 κατα-

1350 2143 1524 2193 ξιωθῶμεν
1538 2144 1597 2180 καὶ
1613 2145 1767 2181 ἐντεῦθεν
1783 2144 1986 2187 ἀπελθόντες
2006 2144 2104 2182 αὐτὸν
2120 2144 2214 2191 ἰδεῖν,
2235 2141 2294 2180 καὶ
2313 2144 2375 2187 τῆς

1350 2204 1548 2256 ἀπορρήτου
1577 2203 1674 2250 δόξης
1696 2210 1900 2256 μετασχεῖν
1916 2199 1956 2250 ἧς
1977 2204 2109 2255 γένοιτο
2127 2203 2260 2246 πάντας
2282 2206 2374 2252 ἡμᾶς

1350 2267 1542 2315 ἐπιτυχεῖν,
1562 2265 1681 2315 χάριτι
1709 2265 1768 2302 καὶ
1786 2265 2027 2316 φιλανθρωπίᾳ
2046 2269 2105 2302 τοῦ
2128 2263 2252 2315 Κυρίου
2274 2265 2373 2311 ἡμῶν

1351 2323 1467 2370 Ἰησοῦ
1491 2325 1668 2374 Χριστοῦ,
1697 2327 1770 2373 μεθ’
1799 2319 1837 2361 οῧ
1870 2326 1918 2375 τῷ
1953 2324 2069 2374 Πατρὶ
2102 2323 2175 2372 ἅμα
2203 2324 2252 2374 τῷ
2286 2320 2374 2372 ἁγίῳ

1351 2383 1531 2434 Πνεύματι
1551 2383 1650 2430 δόξα,
1671 2383 1816 2434 κράτος,
1838 2384 1943 2434 τιμὴ,
1965 2388 2022 2422 νῦν
2048 2383 2107 2422 καὶ
2133 2383 2187 2421 ἀεὶ
2202 2413 2212 2432 ,
2239 2380 2298 2420 καὶ
2328 2384 2375 2424 εἷς

1351 2443 1427 2487 τοὺς
1457 2446 1582 2487 αἰῶνας
1608 2447 1675 2482 τῶν
1699 2443 1842 2482 αἰώνων.
1872 2443 1992 2494 Ἀμήν.

611 2816 759 2855 FINIS
785 2817 1332 2856 COMMENTARIORUM
1355 2819 1405 2857 D.
1434 2818 1675 2858 JOANMS
1703 2818 2075 2858 CHRFSOSTOMJ

988 2925 1057 2962 IN
1077 2924 1245 2963 EPIST.
1274 2926 1356 2964 AD
1384 2925 1658 2965 ROMANOS.
