2466 3805
652 242 692 270 IN
732 243 848 272 ACTA
884 241 1226 272 APOSTOLORUM.
1266 241 1419 271 HOMIL.
1461 243 1560 272 xlss.

469 487 646 524 omna
685 486 742 536 ιγ’.

99 606 263 651 Ἀναστὰς
283 608 317 646 δὲ
336 611 353 646 ὁ
368 608 546 660 ἀρχιερεὺς
559 639 568 656 ,
589 609 648 646 καὶ
674 608 800 651 πάντες
821 611 852 646 οἳ
871 607 930 645 σὺν
956 608 1072 658 αὐτῷ,
1093 610 1114 652 ἡ

149 662 234 706 οῧσα
251 668 381 720 αἵρεσις
397 671 465 706 τῶν
482 668 737 716 Σαδδουκαίων,
754 667 978 713 ἐπλήσθησαν
998 667 1115 712 ζήλου,

149 728 208 766 καὶ
238 729 406 768 ἐπέέαλον
425 729 487 773 τὰς
511 735 629 781 χεῖρας
649 729 759 766 αὐτῶν
779 727 836 765 ἐπὶ
862 726 938 768 τοὺς
968 725 1115 764 ἀποστό-

149 790 246 838 λους,
263 790 322 828 καὶ
341 790 454 830 ἔθεντο
474 789 592 832 αὐτοὺς
611 791 646 826 ἓν
668 788 813 841 τηρήσει
833 787 993 838 δημοσίᾳ.
1017 839 1020 842 .

149 973 258 1012 Οὐδὲν
299 973 510 1025 ἰταμώτερον
542 972 686 1019 κακίας,
719 971 815 1009 οὐδὲν
845 969 1110 1021 τολμηρότερον.

2079 244 2164 292 ΚῘΟ

1506 484 1715 523 HOMILIA
1743 485 1846 524 XIII.

1187 606 1278 644 Cap.
1296 608 1344 646 V.
1365 621 1402 645 v.
1424 609 1485 645 17.
1502 608 1725 660 Eoesurgens
1755 617 1884 647 autem
1903 612 2079 662 princeps
2100 624 2165 648 sa-

1242 669 1450 717 cerdotum,
1466 678 1502 707 et
1516 682 1646 707 omnes
1657 673 1723 722 qui
1740 671 1910 709 camillo
1924 680 2035 709 erant
2051 676 2166 724 (quoe

1242 736 1297 764 est
1313 729 1468 766 haeresis
1480 729 1803 778 Sadducaeorum)
1817 732 1953 783 repleti
1965 741 2055 770 sunt
2072 733 2167 780 zelo,

1243 787 1306 825 18.
1334 797 1370 825 et
1395 791 1609 840 injecerunt
1624 805 1761 829 manus
1780 794 1822 829 in
1835 793 2042 844 apostolos,
2055 802 2090 831 et
2100 807 2167 845 po-

1237 857 1396 886 suerunt
1411 862 1473 886 eos
1489 852 1530 886 in
1546 852 1722 888 custodia
1734 852 1899 902 publica.

1239 972 1255 1006 1
1267 999 1274 1007 .
1305 969 1408 1007 Nihil
1429 970 1673 1021 impudentius
1691 971 1931 1023 audaciusque
1949 964 2099 1013 malitia.
2119 977 2167 1014 Il-

95 1035 208 1086 Πείρᾳ
230 1034 394 1084 μαθόντες
409 1034 471 1080 τὴν
490 1036 600 1071 αὐτῶν
611 1031 766 1084 ἀνδρείαν
776 1031 809 1076 ἐξ
822 1024 868 1068 ὧν
881 1029 1111 1081 ἐπεχείρησαν
1133 1044 1158 1074 D
1185 1029 1303 1067 lorum
1330 1030 1468 1082 experti
1495 1031 1740 1069 fortitudinem
1756 1046 1801 1069 cx
1823 1032 1879 1082 iis,
1896 1047 1973 1083 quae
1993 1035 2092 1085 prius
2116 1044 2170 1072 at-

94 1095 272 1147 πρότερον,
294 1094 387 1144 ὅμως
414 1096 645 1146 ἐπιχειροῦσι,
672 1093 730 1130 καὶ
749 1092 853 1130 πάλιν
873 1090 1112 1128 ἐπισυνίσταν-

94 1171 162 1192 ται.
185 1154 232 1192 Τί
249 1157 353 1202 ἐστιν,
370 1154 534 1196 Ἀναστὰς
554 1153 589 1192 δὲ
603 1157 620 1191 ὁ
639 1152 818 1206 ἀρχιερεὺς
830 1181 840 1199 ,
859 1151 919 1190 καὶ
940 1151 1065 1194 πάντες
1081 1152 1111 1188 οἳ

96 1215 156 1253 σὺν
174 1217 283 1267 αὖτῷ;
297 1215 492 1266 Διηγέρθη,
513 1214 619 1266 φησὶ,
639 1213 789 1259 κινηθεὶς
809 1213 866 1251 ἐπὶ
885 1218 956 1255 τοῖς
974 1211 1111 1263 γενομέ-

93 1292 174 1320 νοις.
204 1276 272 1314 Ka}
301 1275 468 1314 ἐπέὸαλον
495 1275 556 1318 τὰς
583 1281 702 1327 χεῖρας
724 1276 835 1312 αὐτῶν
856 1273 913 1312 ἐπὶ
931 1273 1009 1316 τοὺς
1028 1276 1112 1311 ἀπο-

94 1335 234 1379 στόλους
248 1365 257 1382 ,
281 1336 340 1374 καὶ
367 1335 481 1373 ἔθεντο
503 1334 625 1378 αὐτοὺς
645 1337 678 1372 ἐν
698 1333 844 1387 τηρήσει
861 1333 1023 1385 δημοσία.
1040 1336 1111 1372 Νῦν

95 1396 320 1450 σφοδρότερον
336 1398 450 1440 αὐτοῖς
461 1395 683 1433 ἐπιτίθενται.
703 1397 780 1433 Οὐκ
798 1394 921 1438 εὐθέως
942 1394 977 1432 δὲ
994 1393 1112 1438 αὐτοὺς

95 1458 244 1511 ἔκριναν,
259 1458 516 1509 προσδοκῶντες
538 1456 643 1495 πάλιν
664 1456 786 1499 αὐτοὺς
806 1456 937 1509 πράους
962 1456 1110 1494 ἔσεσθαι.

94 1518 163 1556 Καὶ
182 1518 283 1556 πόθεν
305 1519 420 1565 δῆλον,
440 1517 493 1555 ὅτι
513 1517 737 1570 σφοδρότερον
757 1519 871 1561 αὐτοῖς
885 1517 1112 1564 ἐπετέθησαν5

94 1579 177 1617 Ἀπὸ
196 1583 254 1617 τοῦ
276 1583 384 1616 θεῖναι
402 1578 521 1622 αὐτοὺς
546 1580 593 1621 εἷς
620 1578 765 1630 τήρησιν
793 1578 979 1628 δημοσίαν.
998 1580 1111 1617 Πάλιν

94 1640 342 1692 περιπίπτουσι
376 1639 564 1687 κινδύνοις,
597 1639 658 1677 καὶ
685 1639 790 1678 πάλιν
824 1642 886 1685 τῆς
919 1640 1015 1691 παρὰ
1051 1644 1110 1678 τοῦ

94 1703 184 1739 Θεοῦ
211 1700 425 1739 ἀπολαύουσι
448 1703 574 1752 ῥοπῆς·
601 1699 661 1738 καὶ
678 1699 790 1748 ὅπως,
810 1700 914 1738 ἄκουε
931 1703 1000 1738 τῶν
1016 1700 1111 1747 ἑξῆς·

94 1761 255 1812 Ἄγγελος
275 1760 309 1798 δὲ
328 1760 454 1813 Κυρίου
476 1761 531 1798 διὰ
556 1764 618 1807 τῆς
641 1761 762 1805 νυκτὸς
783 1761 909 1813 ἀνέῳξε
926 1761 987 1804 τὰς
1003 1761 1112 1806 πύλας

95 1825 157 1868 τῆς
176 1824 350 1874 φυλακῆς,
373 1821 549 1874 ἐξαγαγών
574 1838 612 1860 τε
638 1821 779 1868 αὐτοὺς,
799 1816 892 1860 εἷπε·
910 1823 1112 1875 πορεύεσθε,

95 1883 155 1921 καὶ
169 1882 347 1925 σταθέντες
365 1884 501 1921 λαλεῖτε
527 1885 561 1920 ἐν
580 1886 629 1935 τῷ
649 1885 730 1936 ἱερῷ
750 1887 799 1936 τῷ
826 1885 900 1935 λαῷ
929 1885 1044 1923 πάντα
1069 1885 1113 1923 τὰ

97 1943 238 1995 ῥήματα
259 1947 321 1990 τῆς
342 1946 432 1990 ζωῆς
445 1943 584 1990 ταύτης.
604 1946 719 1982 Τοῦτο
734 1945 793 1982 καὶ
813 1946 859 1987 εἰς
882 1945 1020 1983 ἐκείνων
1039 1962 1110 1984 πα·-

98 2005 264 2056 ραμυθίαν
293 2004 431 2055 γέγονε,
463 2005 522 2042 καὶ
541 2005 587 2047 εἷς
606 2005 734 2043 τούτων
757 2005 923 2058 ὠφέλειαν
947 2007 1006 2045 καὶ
1023 2008 1114 2046 διδα-

98 2064 256 2102 σκαλίαν.
279 2065 349 2103 Καὶ
366 2064 452 2116 ὅρα,
471 2065 555 2118 ὅπερ
578 2065 636 2103 ἐπὶ
659 2070 718 2104 τοῦ
738 2067 912 2119 Χριστοῦ,
933 2073 1033 2106 τοῦτο
1054 2068 1113 2106 καὶ

97 2129 154 2162 νῦν
173 2125 362 2176 γινόμενον.
385 2127 414 2164 Γ
419 2126 557 2176 ινόμενα
581 2125 642 2177 μὲν
664 2125 730 2178 γὰρ
751 2127 861 2174 δήπου
883 2127 928 2165 τὰ
952 2128 1114 2179 θαύματα

96 2188 156 2224 οὐκ
171 2185 311 2238 ἀφίησιν
330 2186 451 2230 αὐτοὺς
471 2187 566 2234 ἰδεῖν,
582 2188 640 2238 ἀφ’
659 2181 705 2224 ὧν
726 2188 754 2224 δ’
777 2187 816 2224 ἂν
835 2188 987 2237 μάθοιεν,
1003 2193 1113 2227 ταῦτα

652 2247 899 2290 Βάναστάσεως
918 2251 981 2294 τῆς
1009 2251 1112 2286 αὐτοῦ

95 2247 359 2291 κατασκευάζει·
386 2241 455 2284 οἷον
482 2247 539 2284 ἐπὶ
561 2249 623 2293 τῆς

93 2310 153 2345 οὐκ
175 2309 305 2359 ἀφῆκεν
323 2307 443 2351 αὖτοὺς
462 2309 543 2345 ἰδεῖν
565 2311 639 2352 πῶς
652 2307 777 2354 ἀνέστη
792 2323 800 2331 ·
821 2308 952 2352 ἀνάξιοι
967 2309 1034 2362 γὰρ
1053 2315 1113 2348 τοῦ

92 2367 222 2415 ταύτην
240 2369 321 2405 ἰδεῖν
342 2362 431 2414 ἦσαν
446 2384 453 2391 ·
474 2369 563 2407 ἀλλὰ
585 2368 753 2407 δείκνυσιν
776 2371 834 2421 ἀφ’
857 2363 904 2407 ὧν
922 2376 1022 2409 τοῦτο
1041 2374 1111 2423 εἷρ-

92 2428 236 2480 γοίσατο.
257 2429 410 2480 (Ομοίως
427 2430 485 2468 καὶ
501 2430 558 2468 ἐπὶ
573 2434 632 2468 τοῦ
647 2430 736 2469 οἴνου
756 2434 815 2470 τοῦ
831 2431 900 2469 ἀπὸ
915 2436 974 2470 τοῦ
990 2431 1111 2477 ὕδατος

91 2489 272 2540 γενομένου
286 2520 296 2537 ,
312 2492 348 2528 οὐ
366 2490 550 2541 βλέπουσιν
567 2493 598 2529 οἱ
613 2490 832 2542 ἀνακείμενοι
849 2507 856 2515 ·
873 2493 1014 2542 ἐμέθυον
1030 2494 1110 2546 γάρ·

92 2550 149 2588 καὶ
176 2550 238 2598 τὴν
267 2550 380 2602 κρίσιν
405 2551 585 2604 ἐπιτρέπει
608 2551 749 2604 ἑτέροις.
781 2552 887 2590 Οὕτω
910 2553 950 2600 δὴ
981 2555 1040 2593 καὶ
1059 2558 1111 2594 ἐν·

93 2615 214 2650 ταῧθα.
234 2611 486 2664 Ἐξαγομένους
504 2614 565 2663 μὲν
586 2613 653 2665 γὰρ
678 2613 797 2657 αὐτοὺς
823 2616 887 2665 οὐχ
903 2617 1027 2666 ὁρῶσι,
1047 2633 1111 2655 τε-

94 2673 226 2723 κμήρια
245 2673 280 2711 δὲ
291 2704 300 2722 ,
317 2676 374 2726 ἀφ’
394 2667 441 2710 ὧν
454 2673 623 2720 ἠδύναντο
637 2681 850 2726 καταμαθεῖν
871 2676 913 2714 τὰ
930 2678 1110 2729 γενόμενα,

93 2727 192 2771 εἶδον.
209 2733 257 2771 Τί
278 2734 405 2781 δήποτε
428 2735 464 2772 δὲ
492 2735 550 2773 καὶ
570 2735 660 2774 κατὰ
685 2736 748 2783 τὴν
768 2737 876 2776 νύκτα
894 2738 1014 2782 αὐτοὺς
1034 2739 1109 2784 ἐξέ-

94 2796 198 2842 6αλε;
217 2795 302 2834 εὈτι
329 2796 419 2834 οὕτω
447 2798 579 2847 μᾶλλον
614 2796 636 2843 ἢ
668 2797 807 2842 ἐκείνως
838 2799 1108 2847 ἐπιστεύθησαν·

92 2856 205 2901 ἄλλως
231 2873 268 2895 τε
296 2858 355 2895 καὶ
379 2857 433 2896 ὅτι
460 2859 522 2895 οὐκ
550 2858 590 2895 ἂν
619 2858 676 2897 ἐπὶ
701 2859 740 2897 τὸ
759 2861 934 2911 ἐρωτῆσαι
961 2855 1084 2908 (Ίῆλθον
1101 2877 1109 2885 ·

92 2918 170 2956 οὔτε
189 2918 256 2970 μὴν
277 2919 401 2971 ἑτέρως
425 2919 464 2956 ἂν
485 2920 553 2959 καὶ
564 2920 660 2959 αὐτοὶ
687 2920 906 2960 ἐπίστευσαν.
922 2922 1027 2961 Οὕτω
1050 2924 1110 2961 καὶ

93 2979 149 3017 ἐπὶ
162 2982 230 3017 τῶν
245 2981 403 3018 παλαιῶν
420 2980 569 3031 γέγονεν,
596 2976 664 3020 οἷον
688 2982 744 3020 ἐπὶ
769 2987 828 3022 τοῦ
844 2983 1108 3035 Ναὸουχοδονό-

92 3055 170 3092 σορ·
191 3033 277 3077 εἶδεν
297 3042 473 3084 αἰνοῦντας
491 3041 548 3079 τὸν
568 3041 658 3080 Θεὸν
684 3042 742 3080 ἐπὶ
770 3045 832 3089 τῆς
858 3043 1006 3094 καμίνου
1031 3045 1110 3089 τοὺς

92 3101 239 3148 παῖδας,
262 3100 322 3137 καὶ
341 3101 417 3138 τότε
435 3103 482 3143 εἷς
507 3101 671 3149 ἔκπληξιν
699 3097 794 3149 ἦλθε.
815 3104 900 3142 Δέον
922 3106 1035 3143 τοίνυν
1051 3107 1110 3144 καὶ

93 3161 230 3205 τούτους
255 3163 428 3212 ἐρωτῆσαι
453 3166 602 3214 πρῶτον,
632 3167 707 3206 πῶς
739 3164 916 3212 ἐξήλθετε,
950 3168 980 3204 οἱ
1009 3167 1044 3206 δὲ
1064 3171 1110 3212 ὡς

95 3222 226 3264 οὐδενὸς
242 3222 424 3271 γενομένου
446 3225 600 3273 ἐρωτῶσι
621 3223 795 3274 λέγοντες·
821 3226 913 3277 Οὐχὶ
932 3243 1108 3280 παραγγε-

141 3359 155 3382 ¹¹
174 3359 234 3391 Alii
251 3366 376 3404 ἔπραξαν
392 3372 429 3406 τῇ
451 3371 602 3409 προθυμία
614 3377 620 3383 ·
640 3373 804 3404 ἠπάτησαν,

1123 2401 1170 2426 103

1184 1098 1373 1138 tentarant,
1395 1100 1549 1128 attamen
1577 1091 1693 1129 denuo
1718 1092 1975 1143 aggrediuntur
1990 1103 2023 1131 et
2041 1093 2168 1133 iterum

1185 1151 1385 1202 insurgunt.
1403 1151 1504 1199 Quid
1517 1151 1585 1189 sibi
1605 1152 1684 1190 vult
1697 1152 1802 1203 illud,
1822 1155 2045 1206 Exsurgens
2062 1159 2168 1207 prin-

1186 1225 1271 1262 ceps
1283 1213 1538 1259 sacerdotum,
1556 1222 1593 1250 et
1612 1227 1743 1251 omnes
1758 1217 1824 1266 qui
1839 1228 1924 1252 cum
1945 1216 2014 1252 illo
2028 1222 2169 1254 erant?

1187 1272 1372 1310 Excitatus
1396 1281 1461 1322 est,
1482 1274 1611 1324 inquit,
1633 1274 1678 1312 iis
1697 1289 1774 1325 quae
1791 1275 1991 1314 acciderant
2013 1292 2168 1316 commo-

1185 1343 1256 1372 tus.
1275 1337 1330 1373 Et
1351 1337 1566 1388 injecerunt
1593 1350 1731 1374 manus
1750 1339 1792 1374 in
1811 1339 2018 1389 apostolos,
2042 1348 2077 1377 et
2095 1354 2168 1392 po—

1186 1405 1345 1434 suerunt
1359 1411 1421 1434 eos
1438 1399 1480 1434 in
1492 1398 1669 1435 custodia
1682 1399 1853 1449 publica.
1867 1399 1972 1437 Nunc
1982 1400 2168 1439 vehemen-

1186 1457 1256 1495 tius
1279 1458 1360 1495 illos
1376 1457 1602 1495 insectantur.
1617 1458 1692 1496 Nec
1710 1459 1831 1497 statim
1849 1459 1894 1498 de
1910 1460 1984 1498 illis
1993 1461 2169 1512 judicant,

1186 1525 1362 1568 sperantes
1382 1516 1463 1554 illos
1485 1516 1739 1555 mansuetiores
1757 1519 1843 1556 fore.
1862 1519 1911 1557 Et
1929 1519 2108 1558 undenam
2125 1521 2167 1558 li-

1185 1586 1268 1627 quet
1295 1577 1375 1615 illos
1406 1577 1649 1615 vehementius
1675 1578 1862 1618 insectatos
1889 1581 1989 1618 esse?
2020 1581 2078 1619 Ex
2110 1596 2168 1631 co,

1185 1637 1280 1688 quod
1302 1638 1486 1691 posuerint
1509 1638 1591 1676 illos
1615 1638 1651 1676 in
1672 1639 1833 1678 custodia
1852 1641 2010 1693 publica.
2033 1644 2170 1681 Rursus

1135 1712 1157 1741 Ε
1184 1697 1346 1736 incidunt
1363 1699 1399 1736 in
1416 1698 1590 1751 pericula,
1606 1708 1640 1737 et
1660 1714 1782 1739 rursus
1803 1702 1871 1739 Dei
1891 1703 2044 1753 gratiam
2066 1718 2171 1757 expe-

1183 1759 1344 1810 riuntur,
1373 1769 1405 1798 et
1442 1760 1631 1810 quomodo,
1651 1761 1736 1799 audi
1767 1764 1948 1813 sequentia
1972 1780 1980 1801 ε
2005 1766 2066 1803 19.
2084 1767 2171 1803 An-

1182 1822 1293 1874 gelus
1309 1830 1438 1859 autem
1450 1823 1613 1859 Domini
1621 1837 1692 1874 per
1706 1833 1855 1862 noctem
1867 1830 2018 1877 aperuit
2022 1829 2171 1880 januas

1184 1885 1363 1928 carceris,
1384 1891 1418 1920 et
1433 1883 1599 1920 educens
1619 1897 1694 1932 eos,
1709 1885 1904 1925 dixinfflo.
1921 1890 1994 1935 Ite,
2012 1897 2049 1926 et
2063 1898 2170 1927 stan-

1185 1950 1239 1980 tes
1257 1943 1464 1995 loquimini
1477 1945 1519 1980 in
1532 1945 1672 1996 templo
1682 1945 1788 1996 plebi
1799 1950 1933 1985 omnia
1942 1952 2065 1988 verba
2078 1954 2171 1988 vitoe

1185 2005 1313 2055 hujus.
1331 2003 1407 2041 Hoc
1428 2012 1461 2040 et
1478 2003 1514 2040 in
1533 2003 1680 2042 illorum
1695 2006 1984 2059 consolationem,
2003 2018 2036 2047 et
2052 2009 2088 2047 in
2110 2011 2172 2048 ho-

1184 2079 1266 2102 rum
1281 2064 1472 2102 utilitatem
1493 2079 1533 2103 ac
1551 2064 1751 2103 doctrinam
1773 2067 1908 2106 factum
1925 2079 1989 2107 est.
2009 2070 2057 2108 Et
2072 2072 2169 2119 vide,

1185 2125 1283 2176 quod
1308 2126 1343 2163 in
1375 2126 1532 2175 Christo,
1555 2125 1593 2163 id
1621 2127 1729 2165 etiam
1759 2142 1853 2167 nunc
1877 2131 2004 2168 evenit.
2028 2133 2172 2172 Patrata

1184 2186 1279 2224 enim
1294 2185 1467 2223 miracula
1479 2200 1550 2224 non
1570 2186 1655 2224 sinit
1667 2201 1724 2225 eos
1736 2187 1874 2240 videre,
1889 2190 1952 2228 sed
1970 2191 2090 2243 aliqua
2107 2208 2171 2246 ap-

1184 2255 1298 2298 parat,
1314 2261 1361 2293 ex
1375 2247 1509 2299 quibus
1526 2247 1594 2285 hoc
1609 2247 1788 2300 ediscant,
1803 2259 1843 2287 ut
1861 2250 1897 2289 in
1918 2255 2171 2294 resurrectione

1184 2322 1247 2346 sua
1270 2322 1340 2346 non
1361 2308 1522 2361 permisit
1537 2323 1595 2346 eos
1613 2309 1748 2359 videre,
1767 2313 1946 2362 quomodo
1963 2329 2167 2356 resurrexe—

1184 2369 1249 2420 rit3
1274 2369 1415 2421 indigni
1445 2370 1539 2407 enim
1574 2380 1673 2409 erant
1702 2372 1763 2422 qui
1793 2373 1886 2412 hanc
1911 2375 2091 2427 viderent3
2109 2380 2169 2417 sed

1133 2440 1157 2467 A
1184 2430 1336 2469 ostendit
1349 2445 1394 2468 ex
1404 2430 1460 2479 iis,
1469 2445 1548 2481 quae
1559 2440 1643 2469 tunc
1654 2431 1748 2469 fecit.
1763 2432 1938 2473 Similiter
1948 2450 2029 2475 cum
2041 2452 2169 2489 aquam

1183 2490 1219 2528 in
1238 2491 1366 2529 vinum
1383 2490 1551 2540 mutavit,
1572 2491 1634 2541 qui
1655 2491 1928 2534 discumbebant
1942 2511 2011 2535 non
2027 2499 2165 2551 vident,

1183 2560 1305 2603 utpote
1336 2551 1425 2588 ebrii
1433 2566 1444 2600 3
1467 2550 1720 2603 judiciumque
1740 2553 1819 2592 aliis
1842 2557 2028 2607 permittit.
2053 2560 2113 2598 Sic
2135 2571 2168 2599 ct

1183 2627 1277 2650 nunc
1294 2613 1427 2650 factum
1442 2620 1504 2649 est.
1525 2613 1617 2649 Nam
1635 2613 1728 2663 illos,
1748 2615 1810 2665 qui
1829 2616 2082 2671 educebantur,
2099 2636 2167 2660 non

1183 2672 1307 2711 vident
1314 2688 1325 2722 5
1353 2671 1484 2709 indicia
1506 2686 1602 2721 vem,
1622 2685 1667 2710 ex
1688 2674 1820 2723 quihus
1844 2686 2004 2728 poterant
2027 2695 2080 2719 res
2108 2696 2167 2733 ge-

1183 2745 1254 2774 stas
1284 2734 1456 2784 ediscere,
1489 2734 1667 2773 viderunt.
1697 2737 1770 2774 Cur
1795 2752 1859 2790 per
1882 2750 2021 2780 noctem
2050 2746 2168 2784 emisit

1183 2797 1292 2835 illos?
1307 2796 1401 2842 Quia
1424 2796 1488 2834 illo
1507 2797 1620 2847 magis
1645 2811 1752 2848 quam
1771 2799 1841 2837 alio
1860 2802 1967 2840 modo
1990 2804 2078 2843 fides
2092 2806 2167 2845 illis

1182 2858 1346 2897 habenda
1375 2867 1476 2896 erat:
1497 2858 1656 2909 alioquin
1679 2873 1749 2897 non
1775 2860 1830 2898 illi
1859 2862 1905 2900 ad
1938 2863 2164 2919 interrogan-

1185 2921 1274 2959 dum
1299 2920 1490 2969 venissent,
1510 2921 1568 2959 vel
1592 2920 1662 2958 alio
1695 2921 1802 2959 modo
1837 2923 1960 2973 etiam,
1987 2926 2056 2979 ipsi
2095 2943 2165 2969 non

1185 2982 1428 3021 credidissent.
1446 2982 1506 3020 Sic
1533 2991 1567 3019 ct
1589 2982 1687 3034 apud
1710 2991 1842 3021 veteres
1868 2985 2010 3038 accidit,
2033 2998 2072 3027 ut
2091 2993 2165 3029 Na-

1184 3042 1469 3081 buchodonosori
1488 3057 1495 3078 :
1512 3042 1604 3080 vidit
1623 3042 1807 3081 laudantes
1835 3045 1952 3084 Deum
1973 3062 2101 3099 pueros
2127 3052 2164 3091 in
2180 3062 2363 3099 Dan.3.91.

1133 3113 1156 3142 B
1185 3104 1323 3142 camino
1339 3103 1443 3154 ignis,
1457 3112 1491 3140 et
1511 3112 1594 3140 tunc
1608 3103 1868 3155 obstupefactus
1882 3115 1944 3145 est.
1958 3110 2049 3148 Cum
2063 3125 2166 3164 opor-

1185 3166 1310 3203 tuisset
1324 3178 1407 3216 ergo
1423 3164 1580 3216 primum
1594 3164 1820 3216 interrogare,
1835 3167 2022 3213 Quomodo
2036 3176 2164 3225 egressi

1186 3227 1296 3266 estis?
1315 3227 1382 3277 illi,
1408 3226 1508 3276 quasi
1533 3225 1624 3263 nihil
1644 3226 1776 3265 factum
1805 3239 1906 3280 esset,
1935 3231 2163 3287 interrogant,

1208 3380 1220 3393 ἢ
1239 3368 1381 3409 Quidam
1398 3368 1472 3398 Mss.
1491 3371 1589 3404 ἦλθον·
1606 3370 1654 3399 οὖν.
1672 3372 1706 3400 ἀν
1723 3372 1830 3414 ἑτέρως
1850 3375 2030 3406 ἐπίστευσαν.
