2466 3805
635 205 642 210 -
681 231 721 260 IN
759 231 876 261 ACTA

98 312 191 354 λείας
211 312 296 363 πρὸς
315 311 377 358 τὴν
399 311 550 358 σπουδὴν
580 314 642 358 τῆς
666 312 863 365 ἀκροάσεως
891 311 1113 364 παρεὸλάὸη.

97 371 165 415 ‘'ch
186 372 342 415 ἀτενίσας
363 373 475 424 αὐτῷ,
494 372 553 410 καὶ
580 372 660 410 ἰδὼν
681 373 732 411 ὅτι
751 372 867 411 πίστιν
888 373 1035 424 ἔχειτοῦ
1051 388 1115 410 σω-

99 436 213 479 θῆναι.
233 432 325 480 Ἤδη
343 433 496 485 ᾠκείωτο
514 432 578 480 τὴν
598 433 816 486 προαίρεσιν·
836 434 949 472 καίτοι
969 433 1025 471 ἐπὶ
1046 435 1114 470 τῶν

99 493 214 531 ἄλλων
230 491 246 512 b
259 494 456 531 τούναντίον
474 494 618 546 ἐγίνετο.
640 495 815 547 Πρότερον
834 494 900 545 γὰρ
915 493 1056 544 ἰώμενοι
1069 491 1114 530 τὰ

100 553 269 604 σώματα,
284 554 364 592 τότε
380 555 441 599 τὰς
460 555 575 607 ψυχὰς
591 555 838 607 ἐθεραπεύοντο
850 570 858 578 ·
878 549 976 598 οὗτος
998 553 1034 592 δὲ
1050 555 1116 604 οὐχ

99 614 220 658 οὕτως.
239 615 346 665 Ἐμοὶ
365 616 457 654 δοκεῖ
475 618 522 660 εἷς
538 616 599 663 τὴν
620 618 737 668 ψυχὴν
761 617 845 653 ἰδεῖν
860 615 923 662 τὴν
939 616 1043 653 αὐτοῦ
1055 614 1112 651 τὸν

96 677 251 714 Παῦλον.
274 677 344 715 Καὶ
370 681 383 697 ⁰
397 677 508 723 ἥλατο
520 708 529 725 ,
545 677 630 729 φησὶ
641 707 650 724 ,
671 677 730 715 καὶ
745 676 961 728 περιεπάτει.
973 677 1006 713 Τ
1009 674 1114 724 εκμῆ·

99 751 170 788 ριον
186 740 247 783 τῆς
262 737 379 787 ὑγείας
398 740 460 783 τῆς
482 738 644 789 ἀκριὸοῦς
661 737 700 775 τὸ
719 738 894 774 ἅλλεσθαι.
907 738 954 773 Οἳ
967 734 1002 772 δὲ
1014 734 1112 785 ὄχλοι

98 796 246 845 ἰδόντες,
261 797 278 835 ὃ
296 797 437 844 ἐποίησε
453 799 611 842 Παῦλος,
630 799 761 849 ἐπῆραν
783 797 893 833 αὐτῶν
904 794 968 840 τὴν
985 793 1112 845 φωνὴν,

96 857 297 896 λυκαονιστὶ
321 858 496 909 λέγοντες·
515 861 547 896 οἱ
567 857 635 895 θεοὶ
662 855 884 906 ὁμοιωθέντες
903 852 1114 906 ἀνθρώποις,

96 918 295 965 κατέδησαν
309 920 394 971 πρὸς
411 922 515 969 ἡμᾶς.
539 917 709 955 Ἐκάλουν
727 914 762 952 δὲ
777 915 834 952 τὸν
851 913 913 964 μὲν
927 912 1113 964 Βαρνάὸαν

97 979 184 1027 Δία,
206 981 264 1018 τὸν
282 980 316 1019 δὲ
332 982 472 1018 Παῦλον
485 979 634 1031 Ἑρμῆν,
654 974 772 1022 ἐπειδὴ
796 974 897 1017 αὐτὸς
915 969 957 1021 ἦν
977 977 994 1012 ὁ
1012 972 1115 1025 ἡγού-

99 1056 200 1090 μενος
226 1045 286 1079 τοῦ
308 1041 422 1092 λόγου.
446 1039 495 1077 t'O
521 1054 560 1076 τε
587 1036 696 1089 ἱερεὺς
722 1040 781 1074 τοῦ
812 1034 911 1082 Διὸς,
931 1039 990 1073 τοῦ
1020 1034 1115 1077 ὄντος

96 1101 246 1153 πρὸτῆς
265 1100 399 1142 πόλεως
433 1101 560 1146 αὐτῶν,
589 1097 734 1148 ταύρους
765 1095 823 1134 καὶ
850 1094 1039 1146 στέμματα
1058 1095 1115 1133 ἐπὶ

94 1161 174 1203 τοὺς
194 1163 355 1203 πυλῶνας
373 1158 534 1211 ἐνέγκας,
555 1157 614 1196 σὺν
643 1163 715 1201 τοῖς
745 1157 861 1209 ὄχλοις
887 1156 988 1203 ἤθελε
1013 1156 1115 1195 θύειν.

96 1221 188 1259 Ἀλλ’
204 1224 266 1259 οὐκ
278 1215 321 1266 ἦν
336 1224 436 1259 τοῦτο
453 1219 589 1258 οὐδέπω
605 1220 707 1266 δῆλον
720 1234 728 1242 ·
747 1221 790 1269 τῇ
805 1217 872 1270 γὰρ
893 1217 1003 1269 οἰκείᾳ
1019 1221 1115 1270 φωνῇ

96 1281 321 1333 ἐφθέγγοντο,
352 1280 527 1333 λέγοντες,
551 1280 605 1319 ὅτι
636 1281 683 1318 Οἳ
711 1278 779 1317 θεοὶ
807 1279 1031 1328 ὁμοιωθέντες
1059 1283 1116 1316 ἀν-

97 1341 248 1394 θρώποις
260 1373 271 1389 ,
290 1341 488 1388 κατέδησαν
505 1341 590 1392 πρὸς
608 1344 719 1391 ἡμᾶς·
743 1339 800 1377 διὰ
820 1343 922 1377 τοῦτο
941 1338 1035 1376 οὐδὲν
1056 1341 1117 1377 αὖ·

97 1408 168 1446 τοῖς
183 1402 312 1454 ἔλεγον.
328 1401 475 1449 Ἐπειδὴ
494 1402 528 1439 δὲ
549 1396 637 1439 εἶδον
651 1400 695 1439 τὰ
714 1400 919 1452 στέμματα,
935 1400 1013 1439 τότε
1032 1400 1120 1444 ἐξελ·

98 1464 234 1512 θόντες,
254 1463 436 1517 διέρρηξαν
457 1463 501 1501 τὰ
528 1462 653 1514 ἱμάτια
683 1464 808 1501 αὐτῶν.
842 1461 1068 1505 Ἀκούσαντες
1084 1461 1119 1499 δὲ

96 1528 128 1563 οἱ
160 1524 348 1563 ἀπόστολοι
377 1524 561 1575 Βαρνάὸας
594 1523 654 1562 καὶ
681 1524 842 1570 Παῦλος,
876 1521 1121 1575 διαρρήξαντες

95 1584 221 1635 ἱμάτια
234 1587 345 1623 αὐτῶν
359 1585 592 1632 εἰσεπήδησαν
604 1587 653 1627 εἰς
668 1582 854 1635 τὸνδχλον,
869 1583 1052 1636 κράζοντες
1061 1582 1122 1620 καὶ

95 1646 271 1697 λέγοντες·
289 1646 411 1698 ἄνδρες
429 1645 463 1683 τί
492 1651 593 1683 τοῦτο
624 1650 773 1692 ποιεῖτε,
793 1644 852 1682 καὶ
877 1648 978 1695 ἡμεῖς
999 1648 1120 1694 ὁμοιο-

95 1710 218 1750 παθεῖς
238 1710 342 1757 ἐσμεν
365 1709 446 1757 ὑμῖν
468 1706 657 1758 ἄνθρωποι.
679 1705 774 1757 ςὈρα
800 1705 922 1748 αὐτοὺς
941 1710 1121 1757 πανταχοῦ

96 1767 197 1813 δόξης
217 1767 406 1819 καθαροὺς,
424 1769 463 1805 οὐ
490 1766 591 1818 μόνον
609 1768 672 1804 οὐκ
699 1765 920 1818 ἐφιεμένους,
943 1765 1034 1804 ἀλλὰ
1061 1766 1121 1804 καὶ

96 1828 277 1879 διδομένην
310 1827 595 1879 διακρουομένους
609 1843 617 1850 ·
638 1827 756 1879 ὥσπερ
772 1827 832 1865 καὶ
851 1826 986 1880 Πέτρος
1003 1826 1099 1879 ἔλεγε
1112 1842 1120 1850 ·

96 1888 145 1927 Τί
163 1892 246 1939 ἡμῖν
275 1888 469 1936 ἀτενίζετε,
491 1891 536 1931 ὡς
558 1888 628 1941 ἰδίᾳ
657 1888 799 1938 δυνάμει
828 1887 850 1934 ἢ
873 1887 1029 1940 εὖσεὸείᾳ
1059 1904 1122 1926 πε-

96 1949 261 1996 ποιηκόσι
278 1954 338 1988 τοῦ
350 1956 555 2002 περιπατεῖν
569 1949 690 1997 αὐτόν,
703 1951 771 1988 Καὶ
787 1944 880 1987 οὗτοι
898 1950 937 1988 τὸ
954 1950 1038 1989 αὐτό
1056 1966 1121 2002 φα-

96 2027 144 2049 σι.
164 2011 233 2049 Καὶ
254 2010 384 2062 Ἰωσὴφ
407 2010 442 2049 δὲ
462 2010 579 2062 ἔλεγεν
597 2010 654 2048 ἐπὶ
670 2013 738 2048 τῶν
756 2011 941 2048 ἐνυπνίων·
960 2011 1053 2062 Οὐχὶ
1065 2010 1122 2049 διὰ

96 2075 156 2110 τοῦ
175 2073 267 2109 Θεοῦ
288 2075 309 2118 ἡ
336 2071 544 2123 διασοίφησις
560 2074 692 2118 otia-:EM
710 2071 768 2109 καὶ
785 2075 802 2109 ὁ
827 2070 962 2118 Δανιὴλ
977 2071 1119 2121 ὁμοίως·

98 2132 169 2169 Καὶ
190 2131 267 2182 ἐμοὶ
279 2131 314 2169 δὲ
329 2133 391 2169 οὐκ
405 2134 440 2169 ἐν
460 2132 562 2184 σοφία
575 2135 618 2184 τῇ
637 2132 720 2183 οὔσῃ
735 2134 768 2170 ἐν
784 2131 860 2182 ἐμοὶ
875 2131 1118 2183 ἀπεκαλύφθη.

97 2192 168 2230 Καὶ
196 2194 334 2236 Παῦλος
371 2196 553 2243 πανταχοῦ
578 2192 678 2230 τοῦτό
705 2208 809 2244 φησι,
838 2194 884 2235 ὡς
911 2192 992 2229 ὅταν
1010 2191 1120 2242 λέγῃ·

97 2253 169 2290 Καὶ
195 2253 281 2304 πρὸς
303 2256 414 2290 ταῦτα
430 2252 482 2295 τίς
502 2252 639 2300 ἱκανός;
659 2252 718 2290 καὶ
735 2252 852 2299 πάλιν,
871 2254 951 2305 Οὐχ
970 2252 1021 2290 ὅτι
1045 2255 1121 2290 ἱκα-

97 2313 149 2352 νοί
163 2315 266 2363 ἐσμεν
287 2314 347 2365 ἀφ’
362 2316 492 2352 ἑαυτῶν
519 2313 740 2365 λογίσασθαι,
762 2316 806 2356 ὡς
827 2313 862 2357 ἐξ
881 2315 1025 2361 ἑαυτῶν,
1043 2314 1122 2352 ἀλλ’

96 2377 118 2421 ἡ
132 2374 294 2420 ἱκανότης
306 2378 326 2420 ἡ
333 2377 406 2426 μῶν
424 2377 463 2412 ἐκ
478 2379 537 2413 τοῦ
553 2377 661 2413 Θεοῦ.
676 2374 767 2412 Ἀλλ’
785 2374 911 2425 ἴδωμεν
929 2374 1058 2412 ἄνωθεν
1076 2374 1121 2412 τὰ

96 2435 279 2488 εἰρημένα.
304 2437 385 2487 Οὐχ
404 2436 523 2479 ἁπλῶς
539 2437 652 2478 αὐτοῖς
669 2434 928 2487 προσετέθησαν
955 2437 985 2472 οἱ
1004 2435 1119 2486 ὄχλοι·

98 2496 189 2534 ἀλλὰ
203 2500 287 2544 πῶς
298 2496 436 2541 Ἠξίουν
448 2498 644 2543 λαληθῆναι
659 2498 771 2538 αὐτοῖς
785 2495 828 2534 τὰ
838 2495 925 2534 αὐτὰ
938 2495 1119 2542 πάλιν,καὶ

97 2555 156 2593 διὰ
167 2559 236 2593 τῶν
250 2556 358 2608 ἔργων
370 2561 384 2577 ³
395 2556 611 2600 ἐπεδείξαντο
621 2555 682 2603 τὴν
700 2556 971 2608 σπουδήν.”Ορα
987 2572 1120 2594 παντα-

96 2621 162 2668 χοῦ
180 2619 484 2669 παρακαλοῦντας,
503 2619 564 2655 οὐκ
583 2616 859 2668 ἀποδεχομένους
884 2617 1020 2664 ἁπλῶς,
1043 2616 1120 2655 οὐδὲ

97 2677 359 2721 κολακεύοντας.
386 2678 454 2715 Διὰ
466 2683 565 2716 τοῦτο
580 2677 697 2729 ἔλεγεν
710 2693 718 2701 ·
736 2676 874 2721 Οῗτινες
887 2679 1119 2730 προσλαλοῦν-

98 2754 154 2781 τες
167 2741 294 2786 αὐτοῖς,
302 2739 434 2777 ἔπειθον
448 2738 656 2789 προσμένειν
671 2741 714 2789 τῇ
730 2738 850 2790 χάριτι
862 2741 921 2776 τοῦ
936 2740 1040 2777 Θεοῦ.
1053 2739 1121 2776 Διὰ

97 2799 132 2838 τί
143 2799 209 2851 πρὸ
225 2799 344 2838 τούτου
361 2799 410 2850 μὴ
429 2799 630 2850 ἀντέλεγον;
645 2798 733 2837 ςὈτι
744 2798 829 2842 τέως
840 2802 870 2838 οἱ
881 2799 1121 2843 ἀναπείθοντες

102 2860 288 2911 ἡσύχαζον.
303 2861 412 2913 (Ορᾷς
438 2861 490 2899 ὅτι
516 2863 698 2912 πανταχοῦ
721 2860 823 2898 πάθει
838 2862 1031 2908 ἐκινοῦντο,
1051 2861 1121 2898 Καὶ

101 2922 163 2959 οὐκ
177 2921 356 2973 ἀντέλεγον
379 2922 493 2973 μόνον,
512 2922 601 2960 ἀλλὰ
621 2922 680 2959 καὶ
697 2921 955 2973 ε’ὅλασφήμουν·
976 2922 1036 2959 καὶ
1053 2921 1120 2974 γὰρ

100 2985 122 3027 ἦ
139 2980 245 3019 κακία
261 2984 411 3033 οὐδαμοῦ
427 2982 582 3022 ἵσταται.
599 2982 692 3021 Ἀλλ’
711 2982 776 3034 ὅρα
791 2982 1001 3034 παρρησίαν.
1014 2982 1119 3033 Ἳ“μῖν

101 3035 158 3089 ἦν,
178 3042 294 3093 φησὶν,
313 3045 499 3094 ἀναγκαῖον
527 3047 664 3096 πρῶτον
696 3045 891 3090 λαληθῆναι
920 3043 977 3081 τὸν
996 3043 1096 3094 λόγον
1111 3059 1119 3067 ·

101 3101 176 3150 ἐπεὶ
202 3103 237 3140 ’δὲ
258 3106 451 3142 ἀπωθεῖσθε
481 3104 594 3144 αὐτόν.
630 3104 741 3144 Οὐδὲν
775 3103 1054 3156 ὑδριστικόνῇῸ
1075 3104 1116 3151 δὴ

149 3209 166 3233 b
191 3210 357 3240 τοὶναντίον
374 3212 484 3250 γέγονε.
497 3215 642 3255 πρότερον
659 3214 792 3252 ἰώμενος,
805 3209 852 3241 sic
868 3207 982 3240 Mox-cl.
993 3206 1109 3251 [Panlo

103 3267 181 3292 ante
198 3258 319 3290 Montf.
340 3264 474 3297 ἀτενίσας
490 3264 581 3304 αὐτῷ,
599 3264 697 3301 εἰδώς,
716 3272 756 3292 ex
772 3267 942 3299 correcto,
961 3267 997 3291 ιιι
1019 3259 1112 3291 vide-

103 3319 170 3352 tur,
189 3321 299 3342 errore
324 3310 487 3345 Commel.
503 3318 552 3346 ).--
578 3316 657 3355 αὐτῷ
685 3316 765 3348 eleos-1
791 3312 989 3347 derivatum.
1007 3312 1110 3346 Saxa.

106 3373 138 3395 et
156 3361 265 3397 COdd.
282 3367 328 3396 καὶ
346 3364 440 3404 idol-m]

347 3431 438 3454 TOM.
476 3432 526 3454 ix.

913 229 1259 260 APOSTOLORUM.

1298 229 1452 259 noant..
1491 230 1600 260 XX'X.

2076 214 2167 277 259

1184 309 1266 348 den’
1275 310 1540 363 philosophiam
1549 311 1566 349 'x'
1576 310 1678 350 Nihil
1687 323 1732 349 ex
1743 309 2001 348 claudicatione
2013 310 2117 348 laesns
2131 312 2167 349 in

1185 371 1352 410 audiendi
1370 372 1502 411 studio.
1521 374 1595 423 Qui
1613 375 1775 411 intuitus
1793 386 1893 419 eum,
1910 373 2049 411 videns
2064 375 2169 424 quod

1174 433 1301 484 fidem
1321 434 1477 471 haberet
1496 442 1537 471 ut
1552 434 1684 472 salvus
1688 433 1819 486 fieret.
1849 435 1930 473 Jam
1949 432 2168 485 praeelectio—

1186 506 1266 530 nem
1299 493 1335 530 in
1367 493 1640 532 familiaritatem
1670 503 1905 532 assumserat:
1922 494 1987 532 etsi
2021 494 2057 531 in
2086 494 2167 532 aliis

1185 552 1400 590 contrarium
1427 553 1560 591 factum
1587 554 1646 591 sit.
1678 554 1770 591 Cum
1789 554 1883 592 enim
1902 554 2001 606 prius
2020 568 2167 606 corpora

1137 616 1160 645 E
1185 622 1408 662 curaverant,
1423 622 1510 651 tunc
1529 613 1665 651 animas
1691 614 1886 652 curabant:
1904 614 1964 652 hic
1984 628 2069 654 vero
2098 629 2168 653 non

1185 672 1236 710 sic
1255 682 1397 710 curatus
1416 682 1480 711 est.
1504 674 1661 712 Videtur
1681 674 1769 712 mihi
1792 675 1923 713 Paulus
1945 674 1991 712 ad
2011 676 2168 714 animam

1184 732 1390 783 respexisse.
1411 734 1465 770 Et
1497 735 1679 780 exsilivit,
1703 735 1832 785 inquit,
1862 744 1900 773 et
1926 737 2168 776 ambulabat.

1184 793 1351 829 Perfectae
1370 793 1528 830 sanitatis
1558 793 1702 844 signum
1731 804 1804 832 erat
1830 796 1926 845 quod
1953 797 2166 836 ambularet.

1186 852 1249 888 10.
1274 853 1306 888 T
1306 853 1409 889 urbae
1437 861 1567 890 autem
1584 867 1670 890 cum
1690 855 1879 893 vidissent:
1903 858 2006 907 quod
2012 859 2170 908 fecerat

1184 912 1350 956 Paulus,
1381 912 1609 949 levaverunt
1638 927 1773 951 vocem
1799 928 1923 962 suam,
1949 919 2171 965 Lycaonice

1186 972 1354 1009 dicentes
1371 987 1382 1007 .-
1406 973 1475 1009 Dii
1489 973 1634 1010 similes
1640 974 1745 1024 facti
1759 975 1989 1022 hominibus,
2008 978 2171 1015 descen—

1186 1033 1327 1071 derunt
1351 1034 1406 1071 ad
1429 1047 1508 1072 nos.
1540 1036 1582 1071 11
1597 1064 1603 1071 .
1630 1035 1685 1072 Ec
1713 1037 1912 1074 vocabant
1946 1039 2175 1077 Barnaham

1187 1094 1339 1141 Jovem,
1368 1095 1541 1132 Paulum
1574 1109 1668 1133 vero
1701 1097 1939 1135 splercurium
1960 1115 1971 1134 .-
1989 1104 2176 1150 quoniam

1188 1156 1268 1205 ipse
1301 1161 1385 1192 erat
1423 1155 1503 1191 dux
1540 1156 1664 1192 verbi.
1704 1157 1765 1194 12
1796 1156 1983 1196 Sacerdos
2023 1173 2176 1212 quoque

1189 1215 1313 1261 Jovis,
1336 1216 1402 1266 qui
1430 1223 1514 1252 erat
1549 1223 1642 1253 ante
1669 1218 1866 1254 civitatem
1895 1218 2066 1267 illorum,
2092 1228 2176 1258 tau—

1130 1300 1177 1324 235
1190 1288 1252 1312 ros
1283 1283 1319 1312 et
1353 1288 1517 1313 coronas
1549 1284 1642 1314 ante
1667 1279 1819 1329 januas
1856 1280 2032 1331 afferens
2045 1311 2056 1327 ,
2089 1294 2177 1320 cum

1142 1337 1168 1365 Α
1186 1337 1339 1388 populis
1365 1337 1523 1375 volebat
1555 1339 1791 1390 sacrificare.
1823 1340 1895 1378 Sed
1923 1340 1990 1379 hoc
2019 1342 2178 1381 nondum

1189 1406 1264 1435 erat
1287 1397 1513 1435 manifestum
1529 1413 1538 1434 ε
1554 1412 1616 1435 sua
1640 1399 1736 1436 enim
1754 1413 1840 1439 voce
1858 1401 2096 1452 loquebantur
2115 1404 2177 1441 di-

1192 1466 1306 1496 centes
1324 1473 1331 1494 :
1352 1459 1420 1497 Dii
1432 1459 1578 1497 similes
1585 1460 1697 1511 facti
1718 1461 1953 1509 hominibus,
1973 1464 2179 1503 descende-

1192 1527 1284 1556 runt
1304 1519 1358 1556 ad
1383 1532 1452 1557 nos
1466 1537 1481 1565 ,·
1499 1518 1576 1557 ideo
1596 1520 1689 1558 nihil
1706 1521 1779 1559 illis
1794 1521 1970 1561 dicebant.
1998 1525 2091 1562 Cum
2119 1540 2180 1563 au-

1191 1587 1263 1617 tem
1281 1592 1427 1617 coronas
1445 1579 1624 1628 viderunt,
1645 1590 1730 1619 tunc
1761 1583 1894 1634 egressi
1918 1584 2100 1624 sciderunt
2120 1601 2181 1626 ve—

1193 1639 1357 1677 stimenta
1379 1654 1455 1679 sua.
1481 1642 1543 1679 15.
1567 1643 1680 1692 Quod
1706 1645 1772 1681 ubi
1792 1646 2002 1684 audierunt
2016 1650 2182 1699 apostoli

1192 1702 1399 1739 Barnabas
1418 1709 1455 1738 et
1471 1702 1638 1749 Paulus,
1667 1707 1870 1744 conscissis
1892 1710 2066 1746 vestibus
2082 1712 2176 1756 suis,

1191 1762 1420 1799 exsilierunt
1435 1764 1477 1799 in
1495 1764 1663 1813 turham,
1682 1764 1899 1804 clamantes
1917 1768 1980 1805 14.
1998 1777 2036 1806 et
2051 1770 2182 1807 dicen-

1193 1828 1248 1858 tes
1267 1835 1277 1856 .·
1294 1821 1379 1859 Viri
1397 1822 1492 1872 quid
1511 1823 1584 1860 hoc
1603 1823 1748 1875 facitis
1764 1829 1780 1861 P
1801 1833 1838 1863 et
1856 1840 1924 1864 nos
1943 1829 2122 1866 similiter
2139 1839 2182 1867 uc

1193 1894 1264 1918 vos
1289 1883 1493 1933 passibiles
1517 1896 1650 1921 sumus
1674 1885 1862 1924 homines.
1886 1888 1982 1926 Vide
1999 1889 2082 1927 illos
2099 1890 2181 1928 uhi-

1192 1956 1260 1992 que
1270 1957 1289 1980 a
1301 1943 1422 1995 gloriae
1434 1944 1555 1982 studio
1569 1945 1742 1984 mundos:
1756 1961 1825 1985 non
1839 1948 1946 1987 modo
1957 1963 2026 1988 non
2041 1950 2181 1990 deside-

1192 2012 1319 2053 rantes,
1336 2004 1398 2042 sed
1407 2005 1564 2043 oblatam
1582 2005 1796 2058 depellentes
1811 2017 1871 2047 :ut
1887 2018 1921 2047 et
1934 2011 2060 2050 Petrus
2075 2011 2176 2050 dice-

1193 2125 1263 2162 vel
1267 2128 1412 2176 pietate
1416 2127 1575 2178 fecerim
1582 2141 1626 2165 us
1634 2129 1738 2166 hunc
1749 2132 1952 2170 ambulare
1961 2137 1976 2169 ,³
1985 2133 2179 2186 Hiquoque

1193 2187 1350 2239 idipsum
1364 2187 1504 2227 dicunt.
1521 2190 1653 2241 Joseph
1669 2191 1774 2229 etiam
1788 2192 1930 2232 dicebat
1946 2195 1991 2233 de
2009 2198 2177 2236 somniis:

1193 2249 1335 2286 ,Nonne
1360 2263 1386 2286 a
1408 2250 1494 2287 Deo
1514 2252 1782 2303 manifestatio
1800 2268 1930 2293 eorum
1948 2260 1965 2293 Ρ
1980 2266 2013 2295 et
2031 2259 2179 2311 perinde
2196 2272 2266 2299 Gen.
2281 2270 2333 2310 4ο.
2349 2273 2379 2302 8.

1192 2309 1322 2347 Daniel
1341 2326 1349 2346 :
1367 2312 1420 2349 Et
1437 2313 1533 2349 mihi
1558 2326 1635 2349 non
1654 2316 1696 2350 in
1714 2318 1921 2366 sapientia,
1952 2332 2037 2370 φατε
2059 2323 2101 2358 in
2121 2336 2179 2360 me
2195 2341 2314 2368 Dan.2.
2329 2340 2380 2370 30,

1192 2379 1262 2417 est,
1285 2372 1501 2409 revelatum
1521 2381 1590 2410 est.
1609 2373 1656 2410 Et
1677 2375 1811 2413 Paulus
1831 2376 1899 2415 hoc
1919 2378 2053 2430 ubique
2073 2381 2175 2433 dicit,

1192 2440 1231 2468 ut
1244 2431 1312 2469 hoc
1327 2431 1424 2469 loco:
1441 2434 1495 2470 Et
1510 2435 1564 2470 ad
1580 2435 1662 2472 lzoec
1678 2438 1765 2486 quis
1779 2438 1928 2490 sufficit
1940 2444 1956 2476 Ρ
1969 2449 2002 2478 et
2017 2456 2175 2481 rursum:
2195 2472 2223 2491 2,
2244 2464 2315 2491 (νυν,
2327 2474 2354 2491 2,

1192 2493 1283 2529 Non
1313 2494 1418 2545 quod
1444 2495 1683 2546 sufficientes
1699 2499 1819 2535 simus
1839 2513 1864 2536 a
1881 2503 1988 2540 nobis
2006 2505 2097 2554 ipsis
2116 2518 2177 2543 co·
2197 2504 2243 2535 15·
2259 2512 2286 2533 ⁰¹
2301 2505 2329 2534 3·
2349 2505 2377 2533 5·

1189 2555 1328 2604 gicare,
1350 2556 1462 2604 quasi
1483 2568 1531 2591 ez·
1549 2557 1682 2600 nobis;
1697 2558 1767 2594 sed
1783 2559 2024 2610 sufficientia
2044 2574 2178 2604 nostra

1191 2627 1238 2650 ex
1257 2615 1342 2652 Deo
1373 2622 1442 2651 est.
1466 2613 1535 2651 Sed
1566 2616 1748 2666 superiora
1767 2628 1980 2669 repetamus.
2002 2625 2080 2661 Non
2102 2626 2177 2664 sine

1191 2687 1295 2712 causa
1314 2674 1426 2711 turbae
1440 2673 1528 2726 ipsis
1545 2675 1742 2726 haeserunt5
1760 2678 1822 2715 sed
1841 2683 2044 2730 quomodo?
2062 2686 2176 2738 Roga-

1190 2735 1291 2785 bant,
1313 2743 1352 2771 ut
1371 2734 1458 2786 ipsis
1479 2735 1602 2773 eadem
1622 2736 1751 2775 iterum
1778 2739 2020 2791 loquerentur,
2041 2754 2074 2782 et
2094 2760 2175 2799 ope-

1190 2797 1290 2835 ribus
1310 2796 1466 2835 studium
1483 2797 1725 2838 declarabant.
1742 2801 1837 2840 Vide
1855 2804 1987 2855 ubique
2000 2818 2175 2859 rogantes,

1192 2872 1254 2896 nec
1273 2858 1484 2910 simpliciter
1502 2859 1726 2912 recipientes,
1739 2863 1797 2901 vel
1815 2864 2011 2905 adulantes.
2027 2869 2111 2908 Ideo
2121 2871 2176 2908 di-

1191 2920 1314 2957 cebat:
1335 2921 1409 2969 Qui
1421 2920 1682 2972 colloquentes
1705 2937 1792 2961 cum
1807 2927 1876 2972 eis,
1890 2931 2177 2977 persuadebant

1191 2985 1245 3020 eis
1260 2997 1487 3034 permanere
1501 2986 1540 3020 in
1555 2987 1686 3036 gratia
1703 2987 1787 3023 Dei.
1807 2987 1879 3025 Cur
1890 3003 1957 3027 non
1977 3001 2077 3030 antea
2093 3008 2176 3032 con-

1193 3042 1547 3089 tradicehantPQuia
1566 3043 1707 3082 interim
1726 3046 1916 3086 monitores
1936 3051 2174 3100 quiescebant.

1194 3104 1324 3144 Viden’
1339 3105 1471 3155 ubique
1488 3105 1568 3143 illos
1586 3120 1630 3144 ex
1644 3107 1804 3159 passione
1816 3112 1951 3150 moveri
1961 3113 1977 3151 P
1987 3115 2019 3152 N
2021 3128 2060 3152 ec
2072 3117 2178 3155 modo

1219 3219 1232 3233 θ
1256 3210 1398 3252 [miz-:o
1419 3209 1537 3241 Montf.
1557 3221 1630 3242 cum
1647 3211 1808 3247 Commel.
1828 3222 1860 3247 et
1884 3216 1919 3247 Β.
1946 3221 2054 3257 ἥλλετο
2077 3220 2179 3258 Sfflsjl.

1177 3259 1293 3299 Smil„
1313 3259 1370 3291 sed
1389 3265 1484 3299 ἥλατο
1501 3262 1537 3293 Α.
1555 3262 1591 3294 C.
1612 3262 1668 3304 D]

1223 3322 1236 3336 ὓ
1263 3315 1408 3351 ἐπέδειξαν
1423 3311 1489 3343 alii.

1929 3427 1975 3461 19

1192 2064 1255 2102 bat
1271 2080 1279 2101 :
1299 2066 1404 2115 Quid
1415 2079 1482 2104 nos
1497 2068 1715 2115 intuemini,
1735 2073 1848 2121 quasi
1859 2074 2018 2122 propria
2034 2076 2180 2112 virtute
2195 2081 2263 2110 Act.
2281 2082 2310 2112 3.
2336 2091 2381 2111 12.
