2502 3810
12 3282 15 3283 γ
59 3252 157 3285 υ.ονος
183 3254 238 3274 ΞΊῒῑ
262 3254 322 3283 *ης
343 3253 407 3289 γης
426 3242 548 3277 OZXQW'

682 273 724 301 IN
764 270 876 300 ACTA
913 267 1250 298 APOSTOLORUM.

882 350 971 361 ουκ-Ν

68 356 164 408 ἀφεις
182 353 244 400 τὴν
265 353 359 396 τάξιν
377 354 435 390 τοῦ
457 353 752 402 ἀπολογουμένου,
769 351 830 397 τὴν
814 366 903 388 ντου
920 349 1082 386 οιοασκά-

66 417 126 451 λου
146 413 184 450 ἔ)
187 412 262 450 αὸε.
282 411 345 449 Διὸ
361 426 419 448 και
439 413 456 448 5
471 409 613 455 Φηστός
633 426 716 461 φησι
736 409 820 460 πρὸς
842 407 965 446 αὐτόν·
990 406 1082 444 Μαί-

643 471 657 482 Ν
678 470 692 483 Ν
706 469 714 482 Ι

65 489 118 524 νη.
135 467 275 519 Εἶτα,
269 471 323 508 ι’να
344 470 390 521 μὴ
419 471 498 521 δόξῃ
519 470 619 513 αὐτὸς
639 470 843 512 διδασκαλος
861 472 967 512 εἰναι,
988 467 1078 504 ἐπά-

64 549 102 584 γε
108 549 117 570 ι
136 549 243 576 τους
232 548 432 583 προφητας,
454 532 510 569 τὸν
531 530 687 568 Μωσέα·
707 532 752 568 Εἰ
770 529 943 575 παθητὸς,
964 543 1080 579 φησιν,

999 587 1081 636 μέλ-

491 591 506 603 ‚0

62 598 80 631 ὁ
93 593 263 646 Χριστὸς,
278 595 306 630 εἷ
320 595 456 645 πρῶτος
473 595 506 636 ἐς
527 590 747 632 ἀναστάσεως
762 592 890 640 νεκρῶν
908 591 979 639 φῶς

64 657 116 691 λει
135 652 383 703 καταγγέλλειν
404 655 453 703 τῷ
470 668 508 689 τε
521 653 596 702 λαῷ
611 650 672 688 καὶ
689 656 758 692 τοῖς
777 650 918 687 ἔθνεσιν.
939 647 981 685 Ὁ
1002 648 1080 692 Φῆ-

65 729 142 755 στος
164 712 298 763 μεγάλῃ
313 716 356 763 τῇ
377 715 473 763 φωνῇ
491 711 569 763 ἔφη.
588 710 692 749 Οὕτω
711 713 818 760 θυμοῦ
837 703 878 755 ἦν
899 707 958 746 καὶ
977 710 1081 758 ὀργῆς

64 778 84 820 ἡ
108 774 215 825 φωνή.

117 833 163 870 Τί
193 826 249 870 οῧν
272 836 289 870 5
309 834 468 878 Παῦλος,
497 833 550 870 Οὔ
573 832 639 885 γάρ
665 834 754 876 ἐστι,
776 829 892 881 φησὶν,
917 830 950 865 ἐν
973 826 1080 878 γωνίᾳ

66 894 307 946 πεπραγμένον
326 898 437 932 τοῦτο.
459 893 632 931 Ἐνταῦθα
648 892 727 944 περὶ
743 896 802 929 τοῦ
825 893 971 941 σταυροῦ
988 889 1081 939 λέγει

66 959 187 998 τοῦτο,
205 970 284 1006 περι
302 969 364 999 της
390 952 628 994 ἀναστάσεως·
657 968 716 989 και
745 950 798 988 οτι
822 953 1000 998 πάντα-χοῦ
1019 963 1081 991 της

54 1013 267 1062 ,οἰκουμένης
299 1013 415 1063 γέγονε
446 1012 485 1049 τὸ
520 1012 642 1062 οόγμα.
674 1009 873 1054 Πιστεύεις,
917 1009 1059 1057 βασι)
1024 1022 1058 1043 ευ
1071 1033 1080 1050 ,

65 1089 180 1123 φησιν,
202 1072 390 1124 Ἀγριππα;
413 1073 488 1108 Οὐκ
519 1075 591 1108 εἰπε
611 1099 620 1116 ,
652 1073 694 1120 τῇ
726 1068 929 1112 ἀναστάσει,
964 1066 1077 1111 81))ὰ,

65 1133 148 1173 Ἰοῖς
178 1132 381 1182 προφίταις.
407 1124 494 1167 Εἶτα
526 1128 861 1180 προκαταλαμὸάνει
895 1125 1080 1173 αὐτὸν,καί

63 1205 166 1240 φησιν
181 1205 188 1213 ·
210 1185 319 1234 Οἶδα,
333 1190 388 1242 ὅτι
403 1189 584 1231 πιστεύεις.
601 1189 696 1240 Πρὸς
713 1189 747 1226 ὃν
760 1188 819 1226 καὶ
839 1191 855 1225 5
876 1187 1078 1239 Ἀγρίππας·

63 1249 123 1287 Ἐν
140 1248 245 1300 ὀλίγῳ
268 1265 311 1299 με
332 1248 459 1292 πείθεις
475 1249 682 1301 Χριστιανὸν
702 1247 871 1300 γενέσθαι.
887 1249 964 1285 Οὐκ
982 1247 1077 1293 ἐνόη-

62 1325 118 1347 σεν
135 1313 152 1347 5
172 1310 309 1352 Παῦλος
333 1309 367 1347 τί
390 1311 494 1354 ἐστιν,
511 1311 573 1347 Ἔν
592 1309 714 1362 ὀλίγιμ)
730 1310 806 1347 ἀλλ’
828 1308 1000 1358 ἐνόμισεν,
1027 1307 1079 1344 ότι

62 1371 95 1415 ἐξ
122 1371 255 1422 ὀλίγου·
285 1371 336 1409 διο
365 1371 423 1408 καὶ
450 1371 533 1422 πρὸς
566 1387 667 1409 τουτο
698 1370 938 1422 ἀποκρίᾘεται
973 1368 1079 1412 οὕτως

62 1431 201 1476 ἰδιώτης
220 1435 275 1478 ἠν.
299 1431 368 1469 Καὶ
387 1433 448 1469 οὐκ
469 1433 643 1477 εἶπεν,οο
673 1431 865 1481 βούλομαι,
901 1431 989 1476 ἀλλ’,
1012 1430 1079 1467 Εὔ-

60 1507 192 1542 χομαι,
211 1493 248 1529 οὖ
265 1491 365 1541 μόνον
386 1491 441 1538 σὲ,
463 1490 553 1528 ἀλλὰ
570 1491 628 1528 καὶ
642 1491 775 1534 πάντας
786 1507 863 1534 τους
880 1490 1078 1534 ἀκούοντας.

59 1552 155 1603 υΟρα
176 1552 360 1595 κολακείας
383 1551 653 1601 ἀπηλλαγμένον
672 1551 729 1588 τὸν
750 1551 862 1601 λόγον.
891 1551 1054 1602 Εὕχομαι
1068 1580 1078 1595 ,

59 1613 144 1662 φησὶ
157 1642 166 1657 ,
189 1612 340 1664 σήμερον
360 1611 518 1662 γενέσθαι
536 1611 667 1653 πάντας
682 1610 871 1654 τοιούτους,
889 1613 1002 1653 ὁποῖος
1019 1610 1078 1648 καὶ

61 1671 127 1722 ἐγώ
149 1674 238 1722 εἶμι,
253 1673 423 1724 παρεκτὸς
438 1675 505 1708 τῶν
526 1672 660 1720 δεσμῶν
677 1671 817 1708 τούτων.
831 1670 940 1722 σΟρα·
965 1674 982 1708 5
997 1686 1079 1708 καυ-

59 1732 215 1783 χώμενος
237 1733 294 1770 ἐπὶ
313 1739 384 1776 τοῖς
400 1733 538 1782 δεσμοῖς
551 1761 560 1778 ,
581 1734 598 1768 5
617 1731 798 1783 προφέρων
828 1731 949 1774 αὐτοὺς
968 1731 1076 1769 καθά-

60 1809 124 1844 περ
145 1795 264 1831 ἅλυσιν
286 1797 435 1845 γρυσην,
458 1792 586 1834 τούτοις
611 1792 801 1842 ἀπεύγεται
829 1795 899 1829 νῦν.
929 1791 998 1829 Καὶ
1029 1791 1076 1842 μὴ

60 1854 262 1905 θαυμάσῃς·
289 1854 338 1892 ἔτι
357 1854 424 1927 γὰρ
443 1853 684 1904 ἀσθενέστερον
706 1852 890 1898 διέκειντο,
914 1868 971 1890 και
993 1868 1077 1904 συγ-

59 1913 305 1951 καταόατικώτ
309 1929 380 1964 ερος
399 1930 439 1960 ην
460 1917 477 1951 5
493 1913 591 1963 ’λόγος
615 1914 678 1949 αὐτ
680 1930 719 1950 (1.
741 1913 860 1959 Ἐπεὶ,
884 1912 937 1950 ὅτι
955 1913 999 1951 τα
1023 1914 1076 1949 δε-

59 1974 157 2024 σμα
153 1974 234 2011 θέλτ
239 1990 285 2011 ιον
303 1977 342 2025 ἦ
328 1980 441 2019 κεῖτο,
463 1975 563 2011 ἄκουε
578 1976 651 2016 πῶς
669 1973 720 2011 ἀει
739 1977 771 2012 ἐν
790 1979 862 2016 ταῖς
879 1975 1077 2016 ἐπιστολαῖς

57 2033 196 2071 πάντων
211 2034 395 2085 προτίθησι
411 2038 477 2072 τῶν
494 2035 620 2079 ἄλλων,
635 2033 745 2086 λέγων
758 2050 765 2057 ·
782 2036 919 2077 Παῦλος
940 2034 1076 2085 δέσμιος

58 2095 173 2139 Ἰησοῦ
192 2095 354 2145 Χριστοῦ·
376 2095 434 2132 καὶ
455 2095 572 2141 πάλιν,
592 2093 725 2132 Τούτου
741 2094 843 2146 χάριν
863 2094 925 2140 τὴν
955 2095 1074 2133 ἅλυσιν

58 2153 283 2205 περίκειμαι,
306 2153 384 2191 ἀλλ’
404 2157 421 2192 5
440 2153 539 2204 λόγος
564 2158 623 2192 τοῦ
651 2156 741 2192 Θεοῦ
765 2157 802 2192 οὐ
822 2155 973 2191 δέδεται·
994 2155 1073 2202 καὶ,

635 2213 731 2265 υΟρα
748 2229 755 2236 ·

719 2274 945 2326 προσέθηκεν,
965 2275 1074 2318 αὔξων

57 2212 158 2264 Ἄχρι
180 2215 315 2263 δεσμῶν
344 2217 390 2257 ὡς
417 2219 616 2265 κακοῦργος.
788 2214 886 2264 οὐχὶ,
914 2216 1074 2264 Δεσμῶν,

58 2273 172 2322 μόνον,
194 2274 283 2311 ἀλλὰ
300 2274 358 2312 καὶ
372 2303 380 2320 ‚
404 2274 468 2317 Ὡς
483 2279 672 2327 κακοῦργος
687 2303 695 2319 ,

56 2334 118 2380 τὴν
149 2334 216 2371 ἀπὸ
244 2338 311 2372 τῶν
344 2336 479 2384 δεσμῶν
508 2335 619 2378 δόξαν.
647 2336 763 2379 Διπλῆ
795 2334 829 2371 δὲ
849 2338 871 2380 ἡ
896 2335 1072 2388 τιμωρία,

55 2394 112 2431 καὶ
132 2394 183 2432 ὅτι
201 2395 354 2440 ἐδέδετο,
374 2395 432 2432 καὶ
460 2395 513 2433 ὅτι
539 2398 584 2438 ὡς
610 2399 811 2447 κακοῦργος.
838 2397 882 2433 Εἰ
915 2395 975 2445 μὲν
1007 2396 1074 2449 γὰρ

55 2454 161 2499 οὕτως
176 2455 308 2494 ἐδέδετο
336 2458 382 2498 ὡς
400 2457 454 2494 ἐπ’
476 2459 594 2507 ἀγαθῷ
607 2484 616 2501 ,
637 2456 737 2508 ἔφερέ
761 2472 837 2494 τινα
854 2456 893 2494 ἂν
911 2473 1074 2510 παραμυ-

55 2514 129 2553 θίαν
149 2516 188 2553 τὸ
203 2523 349 2567 πρᾶγμα
363 2531 370 2539 ·
390 2521 447 2553 νῦν
463 2516 496 2554 δὲ
517 2516 575 2554 καὶ
590 2519 636 2559 ὡς
655 2521 861 2568 κακοῦργος,
883 2517 941 2555 καὶ
957 2520 1003 2560 ὡς
1017 2519 1074 2556 ἐπὶ

54 2581 124 2617 τοῖς
140 2576 259 2618 δεινοῖς
285 2575 432 2618 1ἰἷιλούς·
455 2576 514 2613 καὶ
532 2576 625 2626 ὅμως
655 2577 786 2620 οὐδενὸς
808 2577 936 2615 τούτων
958 2577 1076 2630 ἐφρόν-

55 2639 136 2679 τιζε.
159 2637 324 2674 Τοιοῦτον
343 2635 438 2688 ψυχὴ
467 2641 682 2688 πτερωθεῖσα
712 2640 761 2689 τῷ
790 2638 937 2691 οὐρανίῳ
960 2638 1074 2689 ἔρωτι.

54 2697 98 2733 Εἰ
126 2695 192 2747 γὰρ
219 2699 248 2733 οἱ
267 2696 324 2733 τὸν
357 2696 498 2748 αἰσχρὸν
527 2700 644 2735 τοῦτον
666 2700 809 2749 ἐρῶντες
829 2698 959 2749 ἔρωτα,
977 2699 1073 2737 οὐδὲν

54 2760 215 2807 ἡγοῦνται
234 2757 333 2795 θοῦτε
356 2757 486 2801 ἔνδοξον
507 2756 585 2795 οὔτε
602 2758 729 2808 τίμιον,
757 2760 833 2796 ἀλλ’
855 2762 986 2806 ἐκεῖνα,
1009 2760 1073 2798 ὅσα

56 2815 96 2852 ἂν
113 2819 224 2859 αὐτοῖς
252 2817 336 2868 πρὸς
363 2817 426 2864 τὴν
453 2818 643 2867 ἐπιθυμίαν
663 2818 819 2869 συντείνῃ
835 2848 845 2865 ,
866 2824 977 2858 ταῦτα
999 2821 1073 2873 κρί-

55 2891 150 2912 νεται
179 2876 237 2913 καὶ
264 2877 379 2922 ἔνδοξα
399 2878 458 2914 καὶ
475 2877 614 2927 ἔντιμα,
637 2878 695 2915 καὶ
709 2884 809 2916 τοῦτο
827 2879 940 2918 πάντα
960 2883 1074 2925 αὐτοῖς

57 2938 148 2973 ἐστιν
169 2940 190 2982 ἡ
213 2938 387 2988 ερωμένη,
417 2939 536 2990 πολλῳ
564 2939 696 2988 μᾶλλον
735 2941 765 2978 οἱ
793 2940 903 2992 τούτῳ
933 2942 1072 2985 ἁ)όντες

56 3012 104 3032 τω
126 3012 245 3047 ερ(ι,)τι
268 2998 362 3034 οὐδὲν
381 3002 544 3048 ἡγουνται
557 3015 599 3036 τα
617 2999 787 3050 ἐπιτίμια.
807 3002 893 3040 Εἷδ
895 3002 963 3040 ὲοῦ
979 3007 1072 3041 νοοῦ-

1085 3034 1133 3060 394

2037 251 2128 309 443

1106 351 1127 380 B
1151 347 1490 399 111(111011Ρι·ορ110135
1507 344 2130 399 01111ογ5031.δίραςςίῦίῖἰςῄηᾳιιίῐ,

1153 409 1184 445 C
1186 409 1339 454 hristus,
1351 411 1384 445 si
1393 411 1537 459 primus
1548 423 1594 445 ex
1607 409 1884 445 resurrectione
1897 414 2131 443 mortuorum

1155 460 1276 497 lucem
1304 463 1608 498 annuntiaturus
1631 463 1681 497 sit
1706 459 1848 510 populo
1873 467 1910 495 et
1937 459 2126 509 gentibus.

1153 521 1291 557 Festus
1308 534 1450 571 magna
1465 533 1560 557 voce
1576 520 1689 557 dixit.
1706 519 1765 557 Sic
1784 519 1913 556 furoris
1932 527 1964 555 et
1983 517 2042 555 iroe
2061 531 2132 555 vox

1152 589 1225 617 erat
1230 611 1236 617 .

1290 268 1443 298 HOMIL.
1484 269 1557 298 Ltt.

1207 817 1243 853 4.
1267 814 1365 860 Quid
1383 828 1466 865 ergo
1488 815 1644 852 Paulus?
1662 818 1751 852 lVon
1769 825 1822 854 est
1843 821 1884 854 in
1907 820 2051 869 angulo
2067 833 2131 870 go-

1153 885 1254 913 stum
1274 877 1359 919 hoc,
1378 876 1438 912 ait.
1456 875 1522 911 Hic
1539 875 1584 912 de
1602 889 1704 912 cruce
1720 877 1877 926 loquitur
1895 887 1927 915 et
1946 879 1990 915 de
2011 893 2129 916 resur-

1153 935 1317 982 rectione,
1336 943 1369 970 et
1387 934 1484 983 quod
1497 933 1626 984 dogma
1641 934 1770 984 ubique
1784 945 1954 973 terrarum
1968 952 2132 988 pervase-

1153 995 1210 1032 rit.
1231 996 1382 1043 Credis,
1398 995 1530 1044 inquit,
1549 1009 1616 1031 rex
1632 995 1822 1046 Agrippa.
1838 998 1916 1033 Non
1939 997 2046 1046 dixit,
2060 1000 2127 1034 Re-

1153 1055 1387 1103 surrectioni,
1408 1055 1468 1092 sed
1482 1085 1491 1103 ,
1511 1057 1730 1106 Prophetis.
1751 1055 1887 1093 Deinde
1912 1069 2132 1109 praeoccupat

1152 1115 1270 1164 illum,
1289 1125 1321 1153 et
1342 1115 1450 1154 dicit:
1472 1117 1570 1163 Seio,
1592 1118 1696 1168 quod
1709 1118 1845 1154 credis.
1869 1117 1935 1154 Cui
1948 1117 2130 1170 Agrippa:

1152 1176 1201 1210 In
1221 1175 1370 1211 modico
1391 1176 1488 1211 mihi
1505 1176 1644 1212 suades
1650 1175 1746 1226 fieri
1763 1176 2037 1212 Christianum.
2053 1177 2131 1215 Non

1152 1234 1328 1271 intellexit
1338 1234 1484 1285 Paulus,
1504 1234 1591 1284 quid
1605 1234 1660 1282 sit,
1669 1238 1717 1272 In
1732 1237 1879 1273 modico
1890 1253 1904 1281 ,-
1917 1237 1978 1274 sed
1991 1239 2132 1288 putavit

1151 1296 1218 1334 hoc
1237 1297 1454 1348 significare,
1478 1297 1536 1335 Ex
1555 1297 1695 1335 modico
1717 1314 1724 1333 :
1745 1298 1824 1335 ideo
1847 1298 1897 1335 sie
1918 1300 2130 1351 respondet;

1150 1358 1198 1395 113
1218 1358 1326 1396 idiota
1346 1368 1433 1395 erat.
1453 1358 1500 1395 Et
1518 1372 1588 1396 non
1606 1358 1862 1407 dixit,Vellem
1877 1389 1889 1408 ,
1910 1360 1985 1410 scd,
2009 1364 2109 1413 Opta
2122 1384 2130 1393 ι

1149 1434 1241 1466 rem,
1257 1434 1334 1457 non
1353 1422 1477 1458 solum
1493 1430 1540 1469 te,
1559 1423 1628 1459 sed
1644 1425 1760 1459 etiam
1776 1436 1905 1461 omnes
1919 1424 2129 1461 audientes.

1151 1480 1244 1519 Vide
1263 1480 1477 1520 adulationis
1496 1492 1678 1535 expertem
1696 1498 1901 1521 sermonem.
1926 1486 2126 1535 Optarent,

1149 1543 1280 1594 inquit,
1300 1546 1414 1582 hodie
1432 1559 1562 1583 omnes
1570 1546 1667 1597 fieri
1686 1546 1797 1592 tales,
1817 1547 1944 1596 qualis
1961 1560 2028 1597 ego
2045 1560 2129 1583 sum

1150 1608 1315 1656 exceptis
1329 1607 1500 1643 vinculis
1515 1607 1585 1644 his.
1597 1606 1688 1645 Vide
1705 1622 1712 1642 :
1733 1607 1796 1657 qui
1812 1607 1984 1657 gloriatur
1998 1607 2033 1644 in
2049 1607 2128 1645 vin-

1150 1664 1241 1701 culis
1249 1665 1333 1715 ,qui
1353 1666 1485 1717 profert
1504 1666 1565 1703 illa
1587 1666 1678 1704 sicut
1706 1677 1862 1705 catenam
1889 1682 2044 1715 auream,
2066 1668 2127 1706 illa

1150 1738 1244 1762 nunc
1261 1725 1480 1777 deprecatur.
1492 1727 1538 1764 Et
1552 1741 1595 1764 ne
1610 1728 1748 1765 mireris
1763 1744 1770 1764 :
1783 1728 1900 1765 adhuc
1915 1728 2007 1766 enim
2023 1729 2128 1766 infir-

1149 1785 1276 1823 miores
1294 1796 1405 1830 erant,
1423 1796 1455 1824 et
1471 1787 1524 1824 illi
1540 1797 1788 1840 attemperatus
1807 1803 1920 1826 sermo
1940 1799 2025 1826 erat.
2037 1791 2128 1826 Nam

1100 1739 1124 1768 D

1149 1846 1244 1896 qnod
1274 1847 1416 1885 vincula
1445 1849 1565 1899 magni
1595 1850 1735 1899 faceret,
1770 1849 1853 1887 vide
1882 1850 2058 1900 quomodo
2090 1850 2125 1887 in

1149 1908 1320 1959 Epistolis
1333 1908 1396 1946 illa
1415 1923 1551 1961 sempei
1563 1919 1742 1961 piaeponat
1757 1910 1849 1959 aliis,
1869 1910 2008 1948 dicens.
2019 1913 2126 1948 Pau-

1150 1969 1210 2005 lus
1230 1971 1384 2006 vinctus
1407 1970 1501 2007 Jeszc
1520 1970 1691 2014 Clzristi;
1707 1979 1738 2007 et
1767 1985 1922 2019 rursum,
1944 1973 2035 2008 Ideo
2053 1974 2125 2008 cir-

1148 2032 1360 2080 cumposita
1371 2039 1426 2067 est
1438 2032 1532 2067 mzlzi
1545 2040 1696 2079 catena,
1710 2033 1777 2068 sed
1790 2046 1860 2069 ver
1862 2034 2034 2070 humDei
2049 2047 2126 2070 non

1149 2098 1204 2127 est
1217 2091 1423 2142 alligatum
1434 2107 1449 2135 ,·
1463 2101 1508 2137 et,
1529 2093 1656 2144 Usque
1671 2093 1724 2129 ad
1740 2094 1902 2130 vincula
1919 2097 2033 2145 quasi
2046 2109 2127 2131 ma-

1148 2152 1516 2203 lefactor‘.Vide,110n
1527 2152 1633 2189 modo
1644 2153 1786 2190 vincula
1797 2154 1916 2205 ponit,
1933 2155 1996 2192 sed
2008 2155 2126 2192 etiam.

1152 2213 1272 2261 Quasi
1298 2214 1531 2265 malefactor
1554 2213 1716 2261 addidit,
1742 2228 1874 2264 augens
1903 2215 2128 2254 vinculorum

1147 2272 1463 2324 gloriam.anlex
1473 2273 1704 2324 supplicium,
1719 2274 1956 2325 quodligatus
1973 2285 2075 2324 esset,
2097 2285 2130 2313 et

1148 2332 1245 2382 quod
1271 2341 1309 2369 ut
1332 2333 1548 2372 malefactor.
1569 2334 1663 2370 Nam
1686 2333 1716 2370 si
1738 2334 1789 2370 ita
1808 2334 1973 2385 alligatus
1994 2335 2130 2383 fuisset,

1147 2393 1248 2443 quasi
1268 2407 1333 2445 pro
1352 2395 1444 2431 bono
1462 2408 1575 2445 opere,
1596 2394 1752 2444 aliquam
1771 2395 2044 2433 consolationem
2066 2397 2130 2433 113-

1147 2453 1306 2503 buisset3
1337 2468 1432 2492 nunc
1455 2464 1573 2491 autem
1594 2464 1632 2491 ut
1653 2455 1872 2499 malefactor,
1905 2465 1937 2492 et
1961 2456 2060 2506 quasi
2093 2457 2129 2494 in

1149 2515 1369 2566 gravissimis
1381 2515 1618 2566 deprehensus
1635 2531 1642 2551 t
1658 2525 1690 2552 et
1706 2525 1821 2553 tamen
1833 2516 1925 2553 nihil
1936 2517 2011 2554 haec
2027 2531 2129 2554 cura-

1147 2576 1221 2612 bat.
1233 2576 1332 2613 Talis
1347 2585 1397 2613 est
1413 2576 1531 2613 anima
1545 2575 1671 2613 caelesti
1686 2590 1805 2612 amore
1819 2576 1982 2614 sublimis
1994 2578 2128 2614 effecta-

1146 2637 1238 2674 Nam
1256 2636 1284 2673 si
1300 2636 1339 2683 ii,
1362 2637 1423 2687 qui
1445 2638 1512 2674 hoc
1527 2637 1623 2688 turpi
1642 2650 1760 2674 amore
1778 2637 1939 2687 flagrant,
1954 2637 2046 2674 nihil
2061 2652 2127 2689 pu-

1146 2706 1222 2734 tant
1232 2698 1289 2735 vel
1304 2698 1497 2747 gloriosum
1510 2697 1565 2734 vel
1578 2697 1781 2748 pretiosum,
1793 2697 1854 2734 sed
1864 2712 1902 2735 03
1913 2698 2039 2746 solum,
2050 2712 2128 2748 quae

1147 2758 1437 2809 concupiscentiae
1459 2772 1529 2795 suae
1551 2757 1721 2795 inservire
1740 2767 1898 2808 possunt,
1920 2758 2069 2809 gloriosa
2092 2767 2126 2796 et

1145 2818 1294 2871 pretiosa
1311 2818 1491 2870 judicant,
1512 2827 1545 2855 et
1563 2817 1694 2855 amasia
1715 2818 1756 2854 fit
1778 2818 1826 2855 eis
1846 2819 1962 2855 omnia
1983 2834 1990 2854 ι
2011 2819 2125 2856 multo

2140 1916 2249 1954 Ephes
2267 1916 2295 1945 3.
2302 1926 2313 1945 1

2145 1974 2230 2001 Colo„
2226 1985 2259 2002 s.
2274 1977 2304 2010 4.

2140 2016 2169 2044 3.
2175 2021 2240 2044 etz.
2250 2016 2329 2044 Zim—

2140 2064 2212 2096 ²··9

1145 2879 1260 2930 magis
1273 2879 1314 2928 ii,
1333 2879 1392 2929 qui
1417 2879 1483 2916 hoc
1501 2893 1620 2916 amore
1635 2878 1728 2930 capti
1748 2888 1828 2916 sunt
1841 2909 1849 2922 ‚
1866 2879 1971 2916 nihili
1989 2880 2125 2917 faciunt
2172 2926 2178 2928 .

1145 2941 1309 2993 pretiosa.
1325 2940 1432 2985 Quod
1460 2940 1489 2977 si
1522 2940 1617 2977 (11013
1647 2954 1715 2976 non
1746 2939 2001 2990 intelligamus,
2034 2940 2126 2977 nihil

1146 3000 1299 3038 mirum·
1316 3000 1352 3038 in
1366 3001 1432 3037 1130
1445 3000 1578 3052 quippe
1591 2999 1977 3051 philosophiaimperiti
1991 3014 2124 3038 sumus.

58 3071 100 3105 με
104 3073 120 3093 ν
138 3056 180 3093 τὰ
207 3057 453 3107 λεγόμενα,οὖ
473 3060 686 3108 θαυμαστόν·
714 3061 849 3114 άπειροι
870 3063 937 3113 γάρ
967 3065 1071 3113 ἐσμεν
1096 3071 1122 3099 Λ
1145 3061 1184 3100 Si
1198 3060 1278 3111 quis
1297 3061 1389 3098 enim
1410 3061 1490 3111 igne
1509 3060 1641 3098 Clnisti
1661 3059 1834 3111 capiatur,
1855 3059 1936 3096 talis
1953 3059 2122 3108 efficitur,

57 3120 117 3162 τῆς
137 3118 336 3169 φιλοσοφίας
357 3119 495 3164 ταύτης
515 3122 559 3158 Εἰ
583 3121 648 3173 γάρ
668 3138 719 3166 τις
737 3124 810 3174 ἁλῳ
830 3140 879 3160 τω
900 3139 985 3175 πυρι
1012 3140 1070 3163 του

59 3178 207 3247 Χριστοῦ
221 3206 230 3222 ,
245 3182 395 3221 τοιοῦτος
410 3179 561 3230 γίνεται,
583 3184 650 3225 οἷος
672 3182 711 3220 ἂν
732 3199 874 3233 γενηται
892 3184 1070 3235 ἅνθρωπος

580 3241 683 3285 οὕτως
710 3244 840 3286 οὐδενος
861 3245 951 3294 αὐτῷ
971 3244 1067 3295 μέλει

101 3376 115 3397 *³
133 3375 222 3407 Unus
240 3378 341 3415 αλοὺς,
360 3379 426 3409 ἀλλ’
444 3380 551 3416 οᾷδενὸς
567 3382 688 3414 τούτων.

1144 3123 1260 3175 qualis
1276 3122 1381 3159 fueiit
1399 3122 1506 3159 homo
1521 3121 1646 3159 solus
1639 3129 1777 3158 11110113
1797 3120 1982 3158 habitans,-
2003 3120 2052 3158 510
2071 3122 2125 3158 ni-

1143 3185 1197 3222 hil
1217 3192 1330 3232 curat,
1344 3197 1411 3220 non
1429 3182 1592 3232 gloriam,
1613 3195 1681 3218 non
1698 3181 1945 3231 ignominiam3
1960 3180 2020 3218 sed
2036 3181 2126 3218 sicut

1142 3246 1183 3294 is,
1202 3245 1282 3296 quis
1309 3244 1402 3282 solus
1423 3243 1609 3292 habitaret,
1637 3243 1810 3280 neminem
1827 3252 1976 3292 curaret,
1997 3243 2047 3280 510
2065 3256 2126 3280 110-

1167 3388 1176 3398 ”
1193 3382 1257 3412 οᾶτε
1282 3383 1408 3420 ἔντιμον,
1424 3381 1516 3417 alhs),
1536 3377 1580 3408 s'c
1599 3386 1690 3407 unus.
