2502 3810
168 599 351 635 Ephes.1.3.

247 839 353 866 Gratiae

165 881 227 908 Deo
238 883 352 919 quando

167 923 292 959 ageudsc.

372 263 465 321 474
837 274 874 302 s.
911 273 1095 303 Jonms
1131 272 1368 301 cum'sosr.

370 356 541 392 bonorum
574 353 674 389 initia
703 353 776 388 Deo
802 352 968 400 offerant3
999 366 1110 401 neque
1141 351 1256 388 solum
1282 365 1346 402 pro

370 415 464 461 suis,
497 413 556 450 sed
586 412 691 449 ctiam
721 425 786 462 pro
818 412 942 449 alienis
970 421 1063 450 recte
1090 412 1190 449 factis
1217 411 1348 462 gratias

368 482 493 523 agant;
516 472 612 521 quod
631 471 785 509 animam
806 471 940 509 invidia
961 482 992 510 et
1011 473 1124 510 livore
1144 486 1294 510 vacuam
1315 481 1348 509 et

368 546 494 582 puram
505 531 637 579 reddit,
650 532 786 581 Deique
797 532 964 583 majorem
975 532 1257 570 benevolentiam
1268 545 1347 582 gra-

367 591 433 628 tias
449 591 633 641 agentibus
651 591 808 629 attrahit.
824 593 1065 639 Quamobrem
1081 592 1167 630 alibi
1181 592 1230 629 ait
1249 607 1257 627 ε
1274 593 1347 629 Be-

368 652 541 689 nedictus
568 654 676 690 Deus
709 661 746 689 et
773 654 895 689 Pater
921 654 1082 690 Domini
1105 655 1227 690 nostri
1253 653 1346 689 Jesu

368 713 526 757 Christi,
566 715 632 763 qui
665 713 857 749 benedixit
891 727 960 751 nos
987 716 1028 750 in
1061 716 1164 750 omni
1193 714 1348 750 benedi-

365 775 491 810 ctione
511 775 721 824 spirituali.
739 774 884 812 Gratias
917 784 1034 812 autem
1065 784 1171 825 agant
1196 783 1347 826 oportet,

364 845 434 870 non
455 833 586 870 divites
604 842 758 883 tantum,
785 833 846 871 sed
866 834 971 871 etiam
997 835 1138 886 inopes3
1158 848 1228 872 non
1249 834 1345 884 sani,

364 893 427 930 sed
449 901 482 930 et
501 893 639 943 aegroti3
662 907 731 931 non
751 893 776 930 ii
795 893 924 942 solum,
949 894 1010 944 qui
1032 908 1200 946 prospere
1221 903 1345 945 agunt,

364 953 425 991 sed
452 953 478 990 ii
507 968 658 1004 quoque,
678 954 809 1004 quibus
833 955 984 993 adversa
1005 955 1213 1006 contingunt
1240 971 1248 991 ε
1272 957 1346 993 Deo

364 1014 456 1051 enim
479 1014 610 1064 gratias
627 1028 730 1065 agere
749 1029 830 1052 cum
846 1015 998 1053 seeundo
1017 1029 1120 1052 cursu
1143 1030 1197 1054 res
1224 1017 1344 1053 ferun-

363 1083 435 1124 tur,
457 1074 547 1112 nihil
567 1074 718 1124 mirum,
735 1075 794 1113 sed
811 1090 892 1113 cum
915 1076 1015 1127 gravi
1042 1076 1187 1114 suborta
1206 1086 1345 1128 tempe—

363 1144 465 1184 state,
484 1135 615 1186 jactata
635 1136 737 1173 navis
757 1136 992 1188 periclitatur,
1011 1146 1095 1177 tunc
1116 1138 1296 1188 patientiae
1313 1147 1346 1175 et

362 1195 453 1244 grati
473 1195 583 1232 animi
601 1195 812 1247 significatio
828 1205 968 1248 accepta
992 1196 1188 1234 admodum
1207 1206 1271 1234 est.
1292 1197 1345 1234 Ea

361 1254 406 1292 de
429 1270 533 1293 causa
549 1257 618 1294 Job
645 1266 829 1295 coronatus
857 1266 921 1305 est,
940 1267 974 1295 et
994 1271 1031 1295 os
1061 1258 1247 1310 impudens
1267 1257 1343 1295 dia-

360 1314 436 1352 boli
449 1315 644 1363 obturavit,
665 1316 826 1367 clareque
844 1317 1012 1365 ostendit,
1029 1332 1064 1355 se
1080 1332 1160 1355 cum
1179 1331 1344 1369 prospere

361 1384 493 1425 ageret,
527 1390 597 1413 non
625 1377 857 1427 pecuniarum
882 1391 1001 1427 causa,
1033 1378 1095 1416 sed
1127 1378 1193 1416 Dei
1224 1391 1343 1415 amore

359 1444 499 1472 motum
520 1436 649 1486 gratias
667 1437 792 1488 egisse.
810 1437 906 1476 Vide
925 1447 1057 1487 autem,
1081 1453 1149 1488 qua
1170 1437 1215 1475 de
1238 1452 1342 1475 causa

359 1498 492 1535 Paulus
505 1499 635 1550 gratias
647 1508 728 1550 agat
749 1515 757 1536 z
776 1513 844 1537 uon
858 1499 902 1537 de
922 1500 1084 1552 imperio,
1107 1501 1151 1538 de
1173 1500 1340 1551 potentia,

357 1557 402 1594 de
421 1557 531 1608 gloria
543 1573 554 1607 3
574 1558 650 1595 haec
669 1559 762 1596 enim
783 1559 887 1596 nihili
906 1559 1067 1597 habenda
1084 1568 1188 1608 sunt3
1209 1559 1272 1596 sed
1297 1559 1342 1596 de

356 1618 412 1667 iis,
433 1634 511 1670 quae
533 1634 615 1658 vere
631 1621 722 1657 bona
739 1629 834 1671 sunt,
856 1621 900 1658 de
919 1621 1002 1669 fide,
1029 1621 1073 1658 de
1099 1621 1268 1671 loquendi
1296 1621 1341 1659 li-

355 1679 491 1716 bertate
508 1696 515 1716 :
535 1689 566 1717 et
589 1689 722 1730 quanto
748 1695 829 1718 cum
854 1681 981 1719 affectu
1002 1682 1133 1733 gratias
1151 1682 1225 1733 agit
1246 1698 1254 1718 ε
1271 1697 1340 1720 non

356 1738 450 1776 enim
479 1739 587 1786 dixit,
618 1742 712 1789 Deo,
743 1741 822 1788 sed,
854 1743 939 1779 Deo
971 1755 1076 1790 meo;
1111 1742 1206 1793 quod
1235 1743 1341 1781 etiam

354 1800 536 1852 prophetae
557 1802 703 1849 faciunt,
721 1801 758 1839 id
777 1801 872 1852 quod
893 1816 1079 1846 commune
1098 1812 1148 1840 est
1168 1803 1235 1842 sibi
1255 1804 1338 1841 vin-

354 1861 523 1900 dicantes.
559 1862 701 1912 Ecquid
735 1862 882 1908 mirum,
913 1862 943 1900 si
976 1863 1045 1900 hoc
1073 1863 1254 1915 prophetae
1283 1864 1340 1901 fa-

355 1922 475 1960 ciunt?
491 1923 570 1974 Ipse
587 1936 736 1972 namque
751 1924 847 1961 Deus
861 1936 942 1974 erga
954 1937 1073 1961 servos
1088 1938 1168 1961 suos
1183 1924 1342 1976 idipsum

354 1983 440 2035 agit,
472 1997 506 2020 se
539 1985 652 2021 Deum
683 1984 878 2034 Abraham,
903 1985 1002 2022 Isaac
1035 1993 1068 2022 et
1102 1985 1214 2023 Jacob
1247 1999 1341 2023 seor-

355 2044 422 2081 sim
446 2043 578 2084 dicens.
607 2045 707 2094 Quia
723 2045 832 2096 fides
858 2054 992 2083 vestra
1018 2048 1280 2083 annuntiatur
1299 2049 1341 2082 in
1361 2049 1385 2078 E

356 2112 434 2141 toto
448 2105 604 2141 mundo.
627 2104 725 2150 Quid
743 2106 853 2157 ergo?
867 2106 1078 2144 universane
1093 2115 1185 2143 terra
1201 2108 1340 2144 Roma-

354 2178 480 2202 norum
500 2165 608 2202 fidem
631 2165 796 2204 audivit?
816 2166 992 2204 Universa
1014 2167 1060 2204 ab
1082 2167 1168 2215 illo3
1186 2176 1219 2204 et
1247 2167 1340 2205 nihil

354 2239 422 2262 non
446 2226 639 2263 verisimile
662 2241 670 2261 ε
692 2240 762 2264 non
781 2226 876 2264 enim
893 2227 1043 2264 obscura
1063 2228 1148 2264 urbs
1167 2237 1255 2277 erat,
1278 2229 1338 2266 sed

356 2286 455 2335 quasi
476 2286 511 2322 in
531 2285 685 2336 quodam
702 2286 855 2324 culmine
874 2287 952 2335 sita,
966 2288 1059 2324 clara
1075 2287 1232 2338 undique
1249 2298 1335 2326 erat.

356 2348 413 2383 Tu
432 2359 515 2382 vero
541 2346 629 2382 mibi
659 2345 836 2397 perpende
863 2346 939 2384 vim
962 2346 1245 2398 praedicationis,
1269 2362 1339 2397 quo

356 2414 458 2457 pacto
476 2405 577 2442 brevi
598 2415 754 2457 tempore
773 2405 1048 2457 publicanorum
1072 2415 1105 2443 et
1123 2406 1339 2458 piscatorum

356 2479 461 2517 opera
487 2465 631 2503 urbium
660 2474 765 2517 caput
790 2466 972 2515 invaserit,
1001 2480 1041 2504 ac
1068 2467 1154 2518 Syri
1179 2467 1339 2505 homines

356 2527 599 2563 Romanorum
615 2525 774 2564 doctores
791 2536 1091 2579 praeceptoresque
1104 2527 1244 2566 suerint.
1260 2530 1340 2566 Duo

356 2587 466 2637 igitur
497 2587 583 2639 ipsis
602 2596 693 2625 recte
723 2588 812 2625 sacta
839 2588 1062 2636 testificatur,
1085 2597 1117 2625 et
1144 2587 1241 2638 quod
1260 2602 1339 2626 cre-

356 2646 524 2695 diderint,
544 2656 577 2685 et
594 2648 684 2698 quod
706 2662 787 2685 cum
809 2647 939 2685 fiducia
957 2648 1186 2698 crediderint,
1207 2658 1241 2686 et
1260 2649 1339 2699 qui-

355 2707 438 2746 dem
456 2717 550 2746 tanta
555 2738 566 2758 ,
590 2717 629 2745 ut
647 2708 697 2746 rei
716 2709 809 2746 fama
829 2723 891 2760 per
907 2717 1020 2746 totum
1039 2709 1175 2747 volaret
1200 2709 1335 2747 orbem.
1348 2741 1396 2766 4³7

1408 272 1596 302 ARCHIEP
1605 292 1614 302 .
1653 271 1986 304 (ΣΟΝΞΤΑΝΤΙΝΟΡ
1996 294 2004 304 .

1418 351 1638 402 ἀπάρχεσθαι
1664 355 1714 405 τῷ
1742 355 1840 404 Θεῷ,
1862 354 1921 390 καὶ
1945 354 2021 403 *μὴ
2046 353 2146 403 μόνον
2180 352 2266 404 ὑπὲρ
2289 357 2356 390 τῶν
2388 356 2435 392 οἰ-

1417 411 1531 458 κείων,
1552 412 1641 450 ἀλλὰ
1659 413 1719 450 καὶ
1739 411 1824 464 ὑπὲρ
1843 417 1911 450 τῶν
1928 414 2118 466 ἀλλοτρίων
2139 415 2356 465 εὐχαριστεῖν
2377 418 2436 450 καὲ

1416 471 1662 522 τορθωμοίτων,
1689 473 1706 510 ὃ
1733 473 1792 509 καὶ
1822 473 1943 523 φθόνου
1971 474 2030 510 καὶ
2063 473 2252 523 βασκανίας
2282 473 2437 525 καθαρὰν

1417 537 1509 569 ποιεῖ
1526 532 1589 578 τὴν
1604 532 1732 584 ψυχὴν,
1763 531 1823 570 καὶ
1848 533 1905 570 τὸν
1938 533 2028 571 Θεὸν
2055 535 2246 571 ἐπισπᾶται
2273 531 2437 583 μειζόνως

1417 591 1503 642 πρὸς
1519 593 1582 637 τὴν
1598 594 1666 629 τῶν
1687 592 1979 644 εὐχαριστούντων
1997 592 2141 631 εὔνοιαν.
2161 594 2224 631 Διὸ
2244 593 2303 630 καὶ
2322 594 2435 630 ἀλλα-

1417 655 1480 702 χοῧ
1498 667 1600 702 φησιν
1614 668 1621 675 ·
1642 653 1839 704 Εὐλογητὸς
1858 656 1875 691 ὃ
1893 653 1981 696 Θεὸς
2003 653 2062 690 καὶ
2081 654 2208 706 Πατὴρ
2226 658 2285 692 τοῦ
2306 653 2436 704 Κυρίου

1416 714 1517 760 ἡμῶν
1534 711 1648 758 Ἰησοῦ
1664 714 1816 765 Χριστοῦ
1827 743 1836 759 ,
1852 716 1869 750 ὃ
1892 713 2079 763 εὐλογήσας
2097 717 2190 763 ἡμᾶς
2207 717 2240 751 ἐν
2261 714 2356 765 πάσῃ
2374 715 2436 751 εὗ-

2042 774 2144 787 «ΙΝ-

1415 772 1517 825 λογία
1534 778 1767 825 πνευματικῇ.
1787 776 2019 826 Εὐχαριστεῖν
2039 785 2074 811 οε
2095 790 2144 811 οει
2158 775 2234 825 οὐχὶ
2252 777 2436 813 πλουτοῦν-

1414 847 1476 875 τας
1499 833 1613 882 μόνον,
1647 835 1736 871 ἀλλὰ
1765 835 1823 871 καὶ
1853 833 2078 883 πενομένους,
2107 835 2171 885 οὐχ
2196 834 2433 884 ὑγιαίνοντας,

1417 893 1506 931 ἀλλὰ
1522 893 1580 930 καὶ
1601 899 1798 941 νοσοῦντας,
1818 896 1879 932 οὐκ
1897 895 2149 946 εὖημεροῧντας
2161 923 2170 939 ,
2190 894 2280 932 ἀλλὰ
2299 894 2357 932 καὶ
2372 897 2436 932 τά-

1416 953 1536 991 ναντία
1555 955 1788 1005 ὑπομένοντας
1801 970 1809 978 ·
1835 955 1874 992 τὸ
1894 953 1955 1004 μὲν
1975 954 2041 1005 γὰρ
2066 954 2105 991 5³³³*
2121 953 2236 1005 οὐρίας
2256 958 2326 992 τῶν
2343 970 2436 1006 πρα-

1415 1013 1557 1064 γμάτων
1592 1014 1787 1066 φερομένων
1825 1017 2052 1066 εὐχαριστεῖν,
2088 1014 2284 1064 θαυμαστὸν
2317 1015 2412 1053 οὐδέν
2427 1030 2434 1037 ·

1415 1073 1495 1111 ὅταν
1518 1073 1552 1112 δὲ
1571 1074 1658 1112 πολὺ
1676 1075 1716 1112 τὸ
1746 1073 1931 1112 κλυδώνιον
1960 1069 2003 1126 ᾗ,
2028 1074 2087 1111 καὶ
2118 1073 2156 1111 τὸ
2181 1074 2311 1125 σκάφος
2337 1090 2435 1125 περι-

1414 1133 1586 1186 τρέπηται
1604 1135 1662 1171 καὶ
1677 1134 1852 1186 κινδυνεύῃ
1867 1163 1876 1181 ,
1892 1134 1969 1172 τότε
1989 1134 2080 1172 ἐστὶν
2100 1138 2121 1180 ἦ
2138 1134 2250 1180 πολλὴ
2267 1137 2330 1180 τ’ῆς
2343 1138 2433 1172 ὑπο-

1416 1196 1522 1244 μονῆς
1549 1195 1607 1232 καὶ
1635 1197 1698 1241 τῆς
1717 1195 1977 1246 εὖγνιι)μοσύ·.ιης
1997 1194 2167 1239 ἐπίδειξις.
2184 1195 2252 1232 Διὰ
2275 1195 2316 1241 δὴ
2334 1199 2434 1233 τοῦτο

1413 1254 1471 1292 καὶ
1488 1259 1505 1293 ὁ
1519 1254 1601 1292 Ἴὼὸ
1618 1259 1768 1294 ἐντεῦθεν
1788 1258 2014 1308 ἐστεφανοῦτο
2026 1284 2035 1301 ,
2065 1255 2124 1293 καὶ
2140 1256 2179 1294 τὸ
2206 1256 2435 1307 ἀναίσχυντον

1414 1317 1474 1353 τοῦ
1500 1316 1661 1354 διαὲόλου
1688 1316 1801 1366 στόμα
1831 1316 2013 1368 ἐνέφραττε
2027 1346 2039 1362 ,
2062 1316 2121 1354 καὶ
2141 1316 2269 1355 ἐδείκνυ
2292 1319 2433 1368 σαφῶς,

1412 1375 1464 1412 ὅτι
1482 1376 1557 1414 οὐδὲ
1575 1376 1677 1422 ἧνίκα
1694 1379 1871 1429 εὐημερῶν
1894 1371 1950 1422 ἦν,
1972 1375 2027 1412 διὰ
2047 1375 2090 1412 τὰ
2108 1376 2276 1427 χρήματα
2294 1376 2432 1427 εὐχάρι-

1413 1451 1491 1479 στος
1505 1432 1560 1483 ἦν,
1577 1437 1666 1475 ἀλλὰ
1693 1436 1749 1474 διὰ
1769 1436 1832 1482 τὴν
1850 1436 1981 1483 πολλὴν
1999 1436 2078 1487 περὶ
2093 1437 2149 1474 τὸν
2170 1436 2259 1474 Θεὸν
2280 1436 2432 1487 ἀγάπην.

1411 1496 1509 1549 αΟρα
1525 1497 1560 1535 δὲ
1577 1498 1635 1534 καὶ
1650 1497 1707 1535 ἐπὶ
1721 1497 1809 1534 τίσιν
1826 1498 2041 1549 εὐχαριστεῖ·
2062 1500 2122 1535 οὐκ
2139 1497 2196 1534 ἐπὶ
2214 1502 2284 1540 τοῖς
2303 1495 2432 1548 γηίνοις

1412 1557 1471 1594 καὶ
1490 1557 1760 1607 ἀπολλυμένοις,
1785 1551 1852 1594 οἷον
1876 1558 1932 1595 ἐπὶ
1962 1561 2052 1610 ἀρχῇ
2084 1558 2142 1596 καὶ
2169 1558 2352 1609 δυναστείᾳ
2372 1557 2432 1595 καὶ

1413 1616 1508 1668 δόξῃ·
1529 1620 1640 1654 ταῦτα
1667 1617 1734 1670 γὰρ
1755 1618 1888 1661 οὐδενὸς
1914 1618 1993 1662 ἄξια
2019 1619 2138 1669 λόγου·
2169 1619 2244 1656 ἀλλ’
2277 1618 2334 1656 ἐπὶ
2361 1623 2431 1661 τοῖς

1413 1677 1521 1721 ὅντως
1541 1680 1699 1730 ἀγαθοῖς,
1723 1681 1766 1729 τῇ
1785 1678 1900 1716 πίστει
1919 1678 1979 1716 καὶ
1998 1682 2040 1730 τῇ
2060 1678 2251 1732 παρρησία·
2274 1678 2332 1716 καὶ
2354 1681 2430 1728 μεθ’

1410 1737 1493 1785 ὅσης
1520 1740 1718 1792 εὐχαριστεῖ
1745 1739 1949 1781 διαθέσεως·
1972 1741 2009 1777 οὖ
2033 1739 2100 1790 γὰρ
2130 1733 2228 1786 εἶπε,
2256 1741 2306 1790 τῷ
2326 1741 2430 1791 Θεῷ,

1412 1798 1501 1835 ἀλλὰ
1512 1828 1522 1845 ,
1539 1800 1601 1850 Τῷ
1618 1801 1699 1850 Θεῷ
1725 1815 1788 1848 μου
1802 1815 1809 1822 ·
1833 1799 1850 1837 ὃ
1866 1799 1925 1837 καὶ
1947 1801 1977 1837 οἱ
2000 1802 2175 1851 προρῆται
2192 1803 2327 1837 ποιοῦσι
2341 1830 2351 1847 ,
2369 1799 2430 1836 ἱ’τὸ

1411 1859 1521 1896 κοινὸν
1552 1859 1830 1909 ἰδιοποιούμενοι.
1851 1859 1921 1897 Καὶ
1944 1859 1978 1897 τί
1998 1861 2207 1910 θαυμαστὸν,
2230 1862 2259 1897 εἷ
2282 1862 2312 1898 οἱ
2343 1876 2431 1912 προ-

1410 1921 1537 1970 φῆται,
1569 1920 1679 1962 Αὐτὸς
1711 1919 1777 1971 γὰρ
1808 1921 1889 1958 αὐτὸ
1922 1923 2072 1972 συνεχῶς
2101 1924 2119 1958 ὁ
2149 1921 2239 1964 Θεὸς
2271 1920 2430 1972 φαίνεται

1410 1981 1518 2016 ποιῶν
1538 1980 1595 2017 ἐπὶ
1620 1983 1689 2017 τῶν
1713 1979 1854 2025 δούλων,
1880 1980 1968 2019 Θεὸν
1992 1980 2172 2032 Ἀῦραὰμ,
2197 1981 2259 2018 καὶ
2283 1980 2427 2029 Ἰσαὰκ,

1409 2038 1468 2076 καὶ
1496 2039 1627 2077 Ἰακὼὸ
1649 2040 1845 2084 ἰδιαζόντως
1862 2041 1970 2092 λέγων
1993 2041 2124 2079 ἑαυτόν.
2151 2040 2237 2079 εΌτι
2264 2044 2285 2087 ἡ
2313 2041 2430 2084 πίστις

1409 2103 1505 2149 ὑμῶν
1522 2102 1796 2152 καταγγέλλεται
1811 2105 1844 2139 ἐν
1864 2101 1932 2153 ὅλῳ
1953 2104 2002 2152 τῷ
2018 2101 2151 2154 κόσμῳ.
2169 2101 2216 2140 Τί
2235 2096 2312 2149 οὖν,
2332 2109 2428 2141 πᾶσα

1408 2163 1429 2206 ἡ
1459 2163 1504 2211 «Fr,
1525 2161 1588 2207 τὴν
1609 2162 1726 2199 πίστιν
1753 2162 1880 2207 ἤκουσε
1915 2165 1983 2200 τῶν
2016 2162 2221 2213 Ῥωμαίων;
2252 2164 2358 2200 Πᾶσα
2393 2162 2428 2207 ἐξ

1409 2221 1559 2258 ἐκείνου·
1588 2222 1647 2259 καὶ
1673 2222 1766 2260 οὐδὲν
1787 2222 1945 2265 ἀπεικός·
1966 2225 2003 2260 οὐ
2024 2222 2092 2275 γὰρ
2121 2224 2255 2273 ἄσημος
2281 2227 2302 2269 ἡ
2329 2223 2428 2267 πόλις

1407 2275 1465 2326 ἦν,
1485 2283 1560 2318 ἀλλ’
1579 2282 1698 2332 ὥσπερ
1715 2282 1773 2319 ἐπί
1789 2298 1880 2325 τινος
1895 2286 2045 2333 κορυφῆς
2061 2283 2203 2333 κειμένη
2216 2313 2225 2329 ,
2243 2283 2300 2320 διὰ
2312 2283 2427 2321 πάντα

1408 2340 1600 2387 κατάδηλος
1619 2335 1672 2386 ἦν.
1689 2340 1739 2378 Σὺ
1759 2341 1795 2378 δέ
1815 2357 1873 2390 μοι
1890 2341 2012 2379 σκόπει
2034 2347 2093 2380 τοῦ
2121 2342 2340 2393 κηρύγματος
2362 2343 2425 2387 τὴν

1408 2399 1564 2449 δύναμιν,
1598 2403 1672 2443 πῶς
1705 2403 1739 2438 ἐν
1771 2401 1885 2453 χρόνῳ
1927 2403 2050 2452 βραχεῖ
2083 2402 2140 2439 διὰ
2173 2405 2329 2440 τελωνῶν
2367 2403 2426 2440 καὶ

1408 2460 1532 2497 ἁλιέων
1553 2463 1658 2507 αὐτῆς
1681 2465 1742 2508 τῆς
1768 2464 1836 2499 τῶν
1864 2462 1999 2500 πόλεων
2019 2462 2033 2481 '³
2046 2462 2236 2501 ἐπελάὲετο
2254 2465 2426 2515 κορυφῆς,

1408 2521 1466 2558 καὶ
1486 2521 1604 2574 ἄνδρες
1629 2522 1736 2573 Σύροι
1756 2523 1944 2573 Ῥωμαίων
1971 2524 2124 2574 ἐγένοντο
2142 2524 2344 2562 διδάσκαλοι
2366 2525 2426 2562 καὶ

1407 2583 1618 2632 καθηγηταί.
1637 2582 1708 2621 Δύο
1726 2583 1837 2621 τοίνυν
1866 2585 1980 2627 αὐτοῖς
2007 2590 2175 2636 μαρτυρεῖ
2192 2585 2426 2638 κατορθώμα-

1407 2658 1451 2679 τα
1466 2657 1473 2664 ·
1491 2642 1550 2679 καὶ
1565 2642 1617 2680 ὅτι
1634 2644 1826 2691 ἐπίστευον,
1855 2644 1915 2682 καὶ
1943 2644 1995 2682 ὅτι
2022 2644 2110 2694 μετὰ
2130 2645 2328 2696 παρρησίας
2347 2646 2424 2684 ἐπί-

1409 2719 1537 2749 στευον,
1559 2704 1617 2741 καὶ
1637 2704 1807 2752 τοσαύτης
1828 2708 1873 2748 ὡς
1891 2713 2006 2743 πᾶσαν
2037 2707 2100 2751 τὴν
2120 2709 2183 2756 γῆν
2213 2707 2423 2745 καταλαὸεῖν

356 2771 473 2808 Fides
490 2773 591 2808 enim
610 2779 760 2816 vestra,
784 2770 911 2820 inquit,
931 2773 1191 2808 annuntiatur
1204 2774 1245 2808 in
1260 2780 1338 2809 toto
1359 2778 1385 2806 A
1406 2763 1469 2809 τὴν
1497 2764 1582 2816 ὑπὲρ
1610 2766 1721 2802 αὐτῶν
1745 2765 1876 2816 φήμην·
1897 2765 1943 2803 Ἥ
1970 2765 2085 2808 πίστις
2102 2765 2168 2817 γὰρ
2189 2769 2298 2816 ὑμῶν,
2314 2767 2398 2817 φησὶ
2413 2797 2423 2814 2

355 2832 511 2867 mundo.
543 2830 674 2876 Fides,
705 2844 773 2868 non
813 2830 1105 2883 disceptationes,
1140 2845 1208 2869 non
1241 2846 1338 2882 quae-

355 2891 505 2939 stiones,
534 2904 601 2928 non
634 2886 851 2942 syllogismi:
876 2905 1092 2942 quamquam
1120 2892 1233 2930 multa
1262 2893 1337 2931 illic

354 2960 466 2999 erant,
479 2964 555 3000 quae
570 2950 765 2987 doctrinam
778 2951 1003 3003 impedirent.
1016 2951 1156 2990 Etenim
1173 2953 1336 3001 Romani,

353 3011 415 3061 qui
433 3025 547 3062 nuper
563 3011 755 3062 imperium
769 3011 864 3048 orbis
885 3011 1001 3063 adepti
1014 3021 1128 3060 erant,
1149 3013 1260 3050 altum
1282 3027 1336 3050 sa-

353 3073 510 3124 piebant,
524 3074 557 3111 iu
579 3074 717 3111 divitiis
730 3088 770 3111 ac
787 3073 1031 3125 voluptatibus
1047 3074 1158 3112 vitam
1174 3085 1312 3125 agentes
1326 3092 1334 3111 :

352 3133 636 3184 praedicationem
653 3148 737 3172 vero
755 3133 947 3171 afferebant
964 3134 1153 3185 piscatores
1168 3134 1282 3172 Judaei
1301 3144 1334 3172 et

353 3207 397 3230 ex
426 3193 560 3232 Judaeis
587 3194 669 3241 orti,
702 3208 779 3244 quae
807 3208 891 3245 gens
916 3194 1031 3233 invisa
1060 3203 1093 3232 et
1117 3195 1330 3233 exsecranda

396 3319 411 3333 ¹
436 3319 491 3359 [οὗ
512 3326 601 3360 μόνον
619 3321 670 3361 A]

394 3378 406 3392 ¹
431 3369 522 3400 Unus
539 3371 649 3401 Codex
666 3372 717 3412 [et
735 3372 788 3414 A.]
805 3377 837 3405 τὸ
853 3380 956 3412 κοινόν,
977 3380 1066 3404 recte
1083 3385 1089 3403 :
1105 3372 1158 3405 alii
1177 3378 1227 3407 τὸν
1246 3381 1348 3414 κοινόν,

1406 2825 1682 2875 καταγγέλλεται
1708 2828 1742 2863 ἐν
1765 2825 1834 2877 ὅλῳ
1858 2828 1907 2877 τῷ
1931 2825 2074 2878 κόσμῳ·
2092 2828 2114 2870 ἡ
2131 2825 2270 2873 πίστις,
2295 2829 2360 2878 οὐχ
2388 2829 2424 2864 αἱ

1404 2885 1615 2937 λογομαχίαι
1643 2885 1718 2922 οὐδὲ
1736 2887 1772 2923 αἱ
1791 2886 1994 2932 συζητήσεις
2024 2885 2099 2923 οὐδὲ
2119 2887 2148 2923 οἱ
2177 2886 2421 2938 συλλογισμοί·

2127 2948 2148 2956 κ.

1404 2945 1517 2982 καίτοι
1545 2945 1658 2983 πολλὰ
1677 2940 1718 2991 ἦν
1739 2947 1809 2983 ἐκεῖ
1830 2945 1872 2982 τὰ
1891 2946 2082 2996 κωλύματα
2105 2962 2167 2991 της
2185 2947 2420 2990 διδασκαλίας.

1403 3004 1475 3041 Καὶ
1493 3004 1560 3056 γὰρ
1582 3005 1661 3056 ἄρτι
1689 3007 1751 3049 τῆς
1778 3005 1981 3055 οἰκουμένης
2009 3005 2185 3056 δεξάμενοι
2212 3007 2276 3052 τὴν
2310 3006 2421 3059 ἀρχὴν

1404 3065 1494 3115 μέγα
1512 3064 1685 3116 ἐφρόνουν,
1701 3064 1759 3102 καὶ
1775 3065 1914 3117 πλούτῳ
1929 3065 1988 3103 καὶ
2003 3069 2112 3118 τρυφῇ
2136 3067 2294 3114 συνέζων,
2309 3067 2367 3104 καὶ
2383 3068 2422 3104 τὸ

1403 3130 1565 3181 κήρυγμα
1585 3131 1692 3172 ἁλιεῖς
1715 3131 1885 3181 ἐκόμιζον,
1899 3132 2061 3170 Ἰουδαῖοι
2090 3134 2149 3171 καὶ
2174 3133 2207 3176 ἐξ
2232 3133 2422 3177 Ἰουδαίων,

1403 3196 1516 3240 ἔθνους
1536 3197 1774 3247 μεμισημένου
1804 3198 1862 3234 καὶ
1881 3198 1977 3250 παρὰ
2003 3206 2089 3238 πᾶσι
2123 3201 2331 3251 βδελυκτοῧ,
2362 3200 2420 3237 καὶ

1417 3323 1514 3356 male.

1463 3377 1478 3400 ¹³
1504 3374 1608 3407 Iidem
1626 3376 1637 3417 [
1654 3387 1728 3407 cum
1745 3377 1798 3418 Α.]
1815 3380 1976 3410 ἐπελάθετο
1991 3380 2133 3420 κεφαλῆς,
2149 3384 2208 3410 καί.
