2466 3805
106 340 196 366 Joan.
224 336 270 366 16.

111 387 155 407 12.

103 929 193 956 Deae.
207 928 236 958 6.
254 926 285 967 4.

106 1897 183 1926 Cn).
206 1905 227 1923 1.

108 2209 180 2236 Luc.
203 2213 227 2235 1.
241 2207 274 2237 3.

754 233 791 262 S.

311 223 340 280 4

306 329 396 368 saepe
409 314 542 353 turbati
559 320 593 351 et
611 313 734 350 offensi
751 311 859 350 sunt?
875 311 957 349 Ideo
976 309 1115 346 dicebat
1130 323 1137 343 :
1156 307 1286 343 Multa

305 377 428 413 habeo
450 377 561 412 vobis
587 374 724 419 dicere,
753 373 820 409 sed
845 384 921 407 non
945 370 1103 419 potestis
1131 374 1287 416 portare
1307 373 1330 403 C

304 436 426 473 modO.
454 435 493 473 Si
521 434 576 471 illi
608 447 677 471 non
706 438 881 483 poterant,
913 428 975 478 qui
1003 435 1100 463 tanto
1129 433 1286 476 tempore

304 510 386 534 cum
397 497 474 548 ipso
488 504 583 533 erant
595 525 604 542 ,
616 493 677 544 qui
693 500 745 528 tot
760 501 971 527 arcanorum
986 494 1162 523 consortes
1174 494 1285 533 erant,

304 567 336 596 et
351 567 401 596 tot
413 556 573 595 viderant
588 551 779 590 miracula:
801 547 978 599 quomodo
995 545 1155 584 homines
1168 559 1285 583 recens

302 617 418 657 avulsi
445 617 490 653 ab
516 613 606 661 aris,
628 611 673 648 ab
692 609 812 658 idolis,
839 622 859 646 a
879 607 1077 655 sacrificiis,
1097 621 1117 644 a
1135 606 1284 654 felibus,

303 692 323 714 a
341 674 528 714 crocodilis
547 671 625 719 (hic
637 670 733 708 enim
746 677 820 707 erat
836 667 1027 720 gentilium
1042 668 1156 705 cultus
1169 670 1202 715 );
1222 666 1284 716 qui

301 750 322 772 a
340 733 473 771 caeteris
486 731 589 770 malis
609 739 694 768 tunc
707 729 866 782 primum
885 727 1033 765 abducti
1049 727 1204 775 fuerant,
1226 740 1285 763 su-

300 793 425 832 blimia
441 792 559 831 statim
574 791 783 843 dogmatum
807 789 917 828 verba
937 787 1176 839 accepissent?
1195 800 1284 837 quo-

299 853 405 891 modo
437 853 543 891 etiam
577 851 709 901 Judaei,
749 850 812 901 qui
840 848 1001 900 quotidie
1029 847 1213 885 discebant
1251 855 1284 884 ct

300 913 573 951 instituebantur
596 926 616 949 a
637 911 715 962 lege
743 926 751 946 :
780 910 891 947 Audi
925 908 1068 954 Israel,
1092 908 1283 944 Dominus

301 975 407 1012 Deus
424 981 525 1019 tuus,
544 973 735 1009 Dominus
763 983 860 1007 unus
883 975 951 1016 est,
977 975 1013 1004 et
1039 975 1179 1018 proeter
1197 979 1282 1003 eum

303 1047 380 1071 non
411 1041 466 1071 est
500 1032 601 1070 alius
613 1047 627 1076 ,·
646 1030 708 1081 qui
739 1030 856 1081 ipsum
889 1027 1055 1066 viderant
1079 1026 1175 1063 cruci
1203 1025 1281 1062 affi-

302 1107 410 1141 xum3
431 1094 501 1130 imo
521 1092 584 1142 qui
603 1090 853 1129 crucifixerant
871 1097 905 1126 et
922 1087 1151 1139 sepelierant,
1171 1099 1282 1136 neque

302 1154 420 1205 ipsum
445 1152 693 1191 resuscitatum
706 1150 884 1199 viderant,
909 1147 1091 1185 audientes
1118 1145 1282 1184 eumdem

302 1214 420 1265 ipsum
440 1228 512 1252 esse
525 1215 642 1251 Deum
663 1220 696 1249 et
711 1210 808 1249 Patri
828 1208 1019 1260 aequalem,
1041 1221 1110 1244 non
1138 1206 1281 1244 omnino

302 1274 509 1312 resiliissent
535 1287 576 1311 ac
601 1271 848 1310 recessissent?
866 1269 1021 1318 Ideoque
1051 1264 1223 1318 paulatim
1249 1274 1283 1302 et

302 1335 432 1371 sensim
462 1334 542 1368 illos
570 1333 616 1367 ad
641 1333 775 1380 majora
797 1330 950 1375 ducunt,
980 1337 1014 1365 et
1041 1339 1112 1363 sese
1129 1324 1283 1361 multum

301 1392 388 1444 ipsis
415 1397 658 1442 attemperant.
676 1387 850 1426 Uberiore
875 1399 960 1425 vero
991 1384 1145 1436 Spiritus
1170 1385 1282 1435 gratia

303 1453 480 1500 fruuntur,
497 1460 530 1488 et
546 1451 697 1502 majora,
714 1460 820 1499 quam
832 1446 995 1484 Christus
1007 1444 1106 1494 fecit,
1121 1444 1156 1481 in
1172 1444 1283 1495 ipsius

303 1512 444 1550 nomine
469 1510 623 1558 faciunt3
643 1518 683 1546 ut
708 1507 874 1557 utrinque
896 1506 990 1558 ipsos
1010 1504 1113 1541 humi
1130 1504 1283 1555 jacentes

304 1573 453 1625 erigant,
487 1581 521 1610 et
545 1580 584 1609 ut
609 1568 859 1608 resurrectioni
888 1566 996 1604 fidem
1018 1565 1181 1602 habeant.
1214 1564 1285 1601 Hic

302 1634 436 1685 quippe
459 1633 550 1670 liber
572 1631 610 1668 in
628 1629 753 1682 primis
772 1637 823 1666 est
841 1625 1107 1665 resurrectionis
1136 1623 1284 1661 demon-
1307 1636 1331 1666 E

303 1695 454 1743 stratio,
487 1706 555 1743 qua
585 1690 742 1739 eredita,
779 1697 902 1726 caetera
938 1685 1040 1723 facile
1075 1684 1281 1722 succedunt.

304 1757 564 1805 Argumentum
580 1764 663 1801 ergo
677 1759 710 1788 et
731 1762 859 1800 scopus
876 1747 986 1798 hujus
1011 1743 1117 1792 libri,
1133 1752 1171 1780 ut
1184 1758 1282 1780 sum-

304 1815 428 1853 matim
459 1814 596 1863 dicam,
634 1811 694 1848 hic
728 1809 952 1862 potissimum
988 1815 1052 1844 est.
1088 1803 1285 1841 Audiamus

304 1875 449 1913 demum
467 1875 541 1926 ipsa
561 1871 744 1924 prooemia.
773 1872 809 1908 1.
829 1871 1005 1907 Primum
1034 1865 1187 1917 quidem
1208 1878 1284 1902 ser-

305 1952 456 1978 monem
482 1938 570 1990 feci
597 1936 644 1973 de
671 1934 859 1979 omnibus,
892 1945 913 1968 ο
946 1928 1166 1980 leeoplzile,
1202 1941 1286 1978 quoe

306 2004 416 2053 coepit
447 2001 561 2039 Jesus
577 1999 714 2051 facere
741 2004 778 2033 et
799 1996 947 2032 docere.
965 1993 1038 2030 Cur
1051 1990 1106 2028 illi
1126 1989 1286 2040 Evange-

305 2063 395 2100 lium
419 2062 457 2099 in
483 2058 692 2098 memoriam
731 2055 900 2095 revocat?
939 2055 990 2091 Ut
1027 2049 1286 2089 accurationem

307 2137 409 2161 suam
437 2120 608 2160 ostendat.
641 2119 732 2156 Nam
763 2117 865 2154 initio
891 2115 990 2152 illius
1020 2111 1135 2165 operis
1169 2110 1283 2148 dixit:

311 2185 444 2221 Visum
457 2189 513 2219 est
532 2190 568 2219 et
594 2179 690 2218 mihi
717 2183 922 2227 assequuto
949 2175 1079 2211 omnia
1100 2187 1125 2210 a
1144 2175 1286 2223 princi-

305 2246 370 2295 pio
390 2242 607 2294 diligenter,
637 2253 682 2277 ex
709 2237 842 2274 ordine
872 2236 941 2273 tibi
967 2235 1144 2271 scribere.
1166 2233 1287 2281 Neque

306 2317 370 2342 suo
386 2310 568 2341 contentus
586 2296 804 2345 testimonio,
824 2303 941 2332 totum
961 2294 1065 2331 refert
1080 2292 1127 2330 ad
1147 2300 1285 2343 aposto-

305 2364 370 2413 los,
379 2362 500 2400 dicens
514 2376 521 2397 ε
538 2361 641 2399 Sicut
658 2357 900 2396 tradiderunt
914 2355 1106 2405 nobis,qui
1117 2354 1165 2389 ab
1176 2354 1286 2388 initio

305 2427 378 2476 ipsi
396 2423 593 2467 viderunt,
631 2428 667 2457 et
695 2419 863 2456 ministri
889 2416 1054 2467 fuerunt
1084 2416 1281 2451 sermonis.

305 2485 443 2523 Idcirco
470 2491 656 2535 postquam
688 2476 840 2517 sermoni
859 2475 966 2513 fidem
986 2474 1037 2511 ibi
1056 2473 1258 2511 conciliavit
1272 2503 1283 2523 ,

305 2546 365 2583 hic
397 2544 467 2582 alia
500 2540 766 2581 confirmatione
797 2550 887 2589 opus
928 2548 998 2573 non
1042 2533 1166 2582 habet,
1206 2547 1286 2571 cum

308 2604 531 2658 Theophilus
545 2603 621 2655 jam
639 2612 845 2653 persuasus,
863 2610 904 2634 ac
921 2609 984 2647 per
1010 2593 1101 2632 illud
1132 2608 1219 2645 opus
1243 2594 1286 2632 de

307 2675 471 2705 accurata
493 2664 544 2702 rei
570 2661 718 2703 veritate
745 2658 927 2696 institutus
944 2664 1044 2693 esset.
1066 2654 1208 2692 Etenim
1230 2654 1286 2691 cui

307 2728 430 2766 habita
457 2725 547 2763 fides
573 2731 625 2761 est
660 2718 824 2759 scribenti
857 2731 934 2767 quae
962 2714 1140 2765 audierat,
1174 2714 1285 2752 multo

308 2788 421 2839 magis
436 2784 630 2824 credendus
645 2791 695 2820 est
710 2811 721 2831 ,
740 2793 821 2817 cum
839 2792 878 2815 ea
893 2776 1016 2814 scribit
1027 2806 1037 2824 ‚
1057 2789 1126 2813 non
1144 2788 1221 2825 quae
1241 2775 1286 2811 ab

308 2849 388 2887 aliis
402 2846 549 2898 accepit,
573 2842 637 2882 sed
655 2855 732 2893 quae
750 2839 840 2878 vidit
859 2847 894 2875 et
921 2836 1072 2875 audivit.
1094 2835 1185 2873 Nam
1200 2835 1229 2872 si
1248 2849 1286 2871 ca

309 2923 390 2961 quae
416 2907 461 2945 de
484 2904 627 2943 Christo
645 2901 740 2939 dieta
767 2908 870 2946 sunt,
896 2896 1032 2946 inquit,
1058 2904 1198 2946 accepta
1218 2895 1285 2931 ha—

308 2968 439 3015 buisti,
461 2965 574 3004 multo
589 2961 702 3013 magis
724 2958 874 3011 accipies
893 2971 932 2995 ea
955 2970 1033 3006 quae
1053 2956 1096 2993 de
1121 2955 1288 3007 apostolis
1312 2966 1332 2995 B

309 3029 469 3066 dicturus
481 3039 570 3064 sum.
588 3022 685 3069 Quid
699 3019 835 3072 igitur?
850 3031 894 3055 an
908 3016 1055 3055 historia
1068 3024 1205 3053 tantum
1221 3014 1288 3052 hoc

1313 2266 1328 2290 4

1310 2303 1335 2330 Α

351 3174 364 3189 e
386 3162 500 3195 Morel.
519 3160 605 3194 solus
626 3162 691 3193 καθ’
709 3161 833 3194 ἑκάστην
854 3159 968 3198 καίπερ
985 3157 1110 3195 ἡμέραν,
1127 3149 1215 3183 Ibid.
1232 3165 1309 3192 μαν-

309 3222 460 3253 θάνοντες,
475 3214 521 3245 sic
541 3210 656 3244 Mox-el.
678 3217 711 3241 et
731 3219 812 3240 unus
827 3203 927 3246 Cod.;
947 3211 1046 3246 atque
1071 3204 1116 3234 ita
1135 3201 1211 3243 legit
1227 3202 1308 3233 Era-

307 3278 410 3299 smus.
427 3263 526 3297 Savil.
545 3271 577 3295 et
595 3261 676 3294 alius
692 3258 776 3293 eod.
795 3260 957 3294 ἀκούοντες.

351 3318 364 3337 ‘¹
388 3316 476 3349 Alius
490 3320 579 3352 ἄλλος
590 3340 597 3353 ,
614 3318 662 3347 καὶ
681 3318 709 3346 ἐν
725 3320 766 3354 τῷ
783 3318 899 3353 σταυρῷ
916 3310 1031 3343 ἰδόντες.

351 3375 362 3387 ⁰
386 3366 440 3398 Sic
467 3362 695 3398 Sax-ileorel.
721 3372 798 3395 vero
815 3361 996 3393 ἀπολάδουςι
1012 3365 1113 3396 ,unus
1127 3351 1210 3385 Cod.
1232 3359 1304 3386 ἀπο-

830 231 1006 263 ]ΟΑΝΝΙΕ
1043 228 1287 259 CHRYSOST.
1329 227 1530 255 ARCHIEP.
1569 226 1914 256 CONSTANTINOP.

1354 321 1410 347 τες
1431 305 1624 355 δογμάτων,
1653 306 1874 356 ἐθορυὸοῧντο
1895 307 1951 343 καὶ
1985 304 2288 351 ἐσκανδαλίζοντο,
2309 306 2375 343 Διὰ

1354 368 1454 402 τοῦτο
1482 365 1539 401 καὶ
1573 364 1686 415 ἔλεγε·
1715 366 1838 404 Πολλὰ
1869 366 1939 417 ἔχω
1960 367 2071 417 λέγειν
2098 369 2195 415 ὑμῖν,
2226 367 2302 403 ἀλλ’
2337 367 2373 403 οὐ

1355 424 1499 461 δύνασθε
1521 424 1704 474 βαστάζειν
1721 425 1812 476 ἄρτι.
1838 426 1883 464 Εἰ
1905 425 1941 462 δὲ
1961 428 2082 463 ἐκεῖνοι
2112 428 2171 463 οὐκ
2197 425 2374 467 ἐδύναντο,

1355 485 1384 521 οἱ
1416 484 1657 535 συγγενόμενοι
1686 484 1809 535 χρόνον
1847 489 2005 523 τοσοῦτον
2022 486 2134 537 αὐτῷ,
2166 485 2224 523 καὶ
2257 486 2375 523 τοσού-

1354 558 1420 581 των
1452 543 1724 590 κοινωνήσαντες
1747 544 1967 595 ἀπορρήτων,
1995 545 2054 582 καὶ
2071 550 2220 583 τοσαῦτα
2254 544 2377 582 θεασά-

1355 619 1452 654 μενοι
1483 603 1667 654 θαύματα,
1690 606 1765 647 πῶς
1787 604 1961 655 ἅνθρωποι
1995 605 2063 641 ἀπὸ
2083 607 2210 655 βωμῶν
2239 604 2298 642 καὶ
2327 607 2375 641 εἰ·-

1355 662 1471 700 δώλων
1500 661 1559 699 καὶ
1582 663 1729 708 θυσιῶν,
1749 660 1807 697 καὶ
1844 660 2025 713 αἰλούρων,
2062 661 2120 698 καὶ
2146 661 2373 714 κροκοδείλων

1353 726 1516 770 (τοιαῦτα
1537 722 1605 774 γὰρ
1636 716 1678 768 ἧν
1695 724 1763 759 τῶν
1778 720 1958 767 Ἑλλήνων
1973 722 2016 760 τὰ
2041 721 2293 772 σεὸάσματα),
2315 722 2374 759 καὶ

1353 786 1420 820 τῶν
1442 783 1555 820 ἄλλων
1578 784 1646 820 τῶν
1666 784 1782 819 κακῶν
1804 781 1882 819 τότε
1906 783 2042 834 πρῶτον
2070 782 2372 829 ἀποσπασθέντες,

1354 842 1474 893 ἀθρόον
1495 841 1572 886 τοὺς
1592 841 1743 893 ὑψηλοὺς
1757 843 1826 879 τῶν
1848 842 2030 893 δογμάτων
2053 841 2212 885 ἐδέξαντο
2229 841 2371 892 λόγους,

1351 906 1425 945 πῶς
1458 902 1493 941 δὲ
1526 902 1565 939 ἂν
1593 902 1652 940 καὶ
1683 901 1862 950 Ἰουδαῖοι,
1890 905 1920 940 οἳ
1940 904 2042 940 εκαθ’
2065 902 2216 949 ἑκάστην
2235 902 2370 954 ἡμέραν

1352 963 1598 1013 μανθάνοντες,
1615 963 1675 1001 καὶ
1698 962 1924 1013 ἐνηχούμενοι
1943 963 2009 1001 ὑπὸ
2021 967 2080 1001 τοῦ
2103 963 2208 1012 νόμου
2222 979 2229 986 ·
2250 962 2372 1000 Ἄκουε

1352 1023 1516 1076 Ἰσραὴλ,
1533 1023 1661 1074 Κύριος
1693 1027 1710 1061 ὁ
1738 1022 1828 1065 Θεός
1859 1038 1941 1070 σου,
1963 1021 2092 1073 Κύριος
2113 1016 2161 1065 εἷς
2182 1025 2288 1070 ἐστιν,
2314 1023 2373 1059 καὶ

1350 1084 1441 1130 πλὴν
1462 1086 1564 1122 αὐτοῦ
1584 1085 1644 1122 οὐκ
1658 1082 1749 1121 ἔστιν
1771 1082 1786 1102 ¹¹
1798 1082 1918 1126 ἄλλος·
1935 1082 1992 1120 ἐπὶ
2009 1081 2106 1125 ξύλου
2122 1085 2270 1136 σταυροῦ
2284 1082 2371 1120 ἰδόν-

1351 1160 1406 1186 τες
1423 1143 1693 1196 προσηλωμένον
1711 1142 1812 1181 αὒτόν
1829 1158 1836 1165 ·
1858 1144 1988 1191 μᾶλλον
2006 1141 2041 1180 δὲ
2066 1142 2125 1180 καὶ
2141 1142 2370 1193 σταυρώσαν-

1351 1218 1405 1245 τες
1429 1204 1487 1239 καὶ
1521 1201 1712 1253 θάψαντες,
1732 1201 1791 1239 καὶ
1816 1201 1892 1240 οὐδὲ
1921 1201 2119 1240 ἀναστάντα
2147 1203 2369 1254 θεασάμενοι·

1352 1261 1550 1309 ἀκούοντες,
1571 1262 1624 1299 ὅτι
1639 1261 1728 1306 Θεός
1751 1264 1843 1300 ἐστιν
1878 1262 1978 1305 αὐτὸς
1997 1257 2112 1307 οὗτος,
2135 1263 2194 1301 καὶ
2220 1267 2269 1314 τῷ
2289 1265 2370 1301 Πα-

1351 1323 1407 1374 τρὶ
1425 1323 1497 1367 ἴσος
1509 1353 1518 1370 ,
1540 1325 1602 1360 οὔκ
1622 1322 1661 1360 ἂν
1683 1323 1835 1373 μάλιστα
1850 1323 1990 1361 πάντων
2012 1323 2244 1369 ἀπεπήδησάν
2258 1338 2295 1360 τε
2312 1324 2371 1361 καὶ

1353 1383 1620 1434 ἀπερράγησαν,
1639 1383 1707 1421 Διά
1724 1399 1777 1421 τοι
1793 1388 1892 1421 τοῦτο
1909 1382 2025 1435 ἠρέμα
2050 1383 2109 1420 καὶ
2132 1382 2222 1420 κατὰ
2249 1383 2370 1434 μικρὸν

1352 1444 1474 1487 αὐτοὺς
1492 1444 1787 1496 προσὸιὲάζουσι,
1802 1444 1861 1482 καὶ
1880 1446 1992 1495 πολλῇ
2024 1443 2085 1493 μὲν
2112 1443 2301 1495 κέχρηνται
2327 1446 2370 1494 τῇ

1352 1509 1414 1551 τ’ἦς
1459 1505 1751 1557 συγκαταὸάσεως
1797 1504 1994 1557 οἰκονομία,
2031 1504 2296 1558 διαψιλεστέρας
2335 1504 2371 1542 δὲ

1355 1565 1566 1627 ἀπολαύουσι
1580 1569 1661 1612 Θτῆς
1676 1571 1735 1604 τοῦ
1754 1565 1959 1616 Πνεύματος
1972 1564 2134 1617 χάριτος,
2152 1565 2211 1603 καὶ
2233 1565 2372 1616 μείζονα

1356 1629 1402 1662 ὡν
1424 1625 1525 1669 αὐτὸς
1550 1625 1737 1672 πεποίηκεν
1762 1626 1965 1677 ἐργάζονται
2000 1627 2050 1676 τῷ
2084 1627 2185 1663 αὐτοῦ
2206 1624 2370 1674 ὀνόματι,

1355 1685 1410 1723 ἵνα
1430 1686 1639 1738 ἑκατέρωθεν
1662 1685 1782 1729 αὐτοὺς
1801 1686 1916 1737 χαμαὶ
1931 1685 2108 1735 κειμένους
2128 1685 2371 1731 ἀναστήσωσι,

1356 1747 1414 1784 καὶ
1430 1747 1486 1784 τὸν
1506 1747 1585 1796 περὶ
1600 1749 1663 1792 τῆς
1679 1746 1900 1789 ἀναστάσεως
1914 1745 2159 1784 πιστώσωνται
2173 1746 2286 1797 λόγον.
2302 1746 2372 1784 Καὶ

1355 1806 1421 1857 γὰρ
1440 1810 1540 1845 τοῦτο
1560 1807 1713 1857 μάλιστά
1740 1810 1813 1847 ἐστι
1833 1807 1926 1845 τουτὶ
1954 1807 1993 1844 τὸ
2024 1806 2169 1857 βιὸλίον,
2201 1806 2372 1850 ἀπόδειξις

1356 1867 1589 1910 ἀναστάσεως.
1617 1867 1750 1906 Τούτου
1781 1867 1815 1905 δὲ
1849 1867 2103 1913 πιστευθέντος,
2135 1868 2202 1919 ὁδῷ
2238 1867 2297 1904 καὶ
2329 1868 2373 1905 τὰ

1355 1927 1445 1964 ἄλλα
1464 1927 1681 1978 προύὸαινεν.
1703 1927 1748 1965 ‘H
1780 1927 1841 1978 μὲν
1861 1922 1917 1964 οὖν
1938 1928 2096 1971 ὑπόθεσις
2122 1928 2180 1966 καὶ
2206 1930 2222 1965 ὅ
2242 1932 2300 1965 τοῦ
2324 1930 2373 1978 βι-

1356 1987 1451 2025 ὅλίου
1474 1988 1602 2031 σκοπὸς
1621 1988 1710 2031 ἅπας
1722 2018 1731 2035 ,
1747 1991 1793 2031 ὡς
1812 1989 1851 2025 ἄν
1871 2005 1922 2030 τις
1934 1986 1945 2008 ¹
1958 1990 2172 2041 παχυμερῶς
2191 1987 2371 2027 συλλαὸὼν

1357 2048 1464 2095 εἴποι,
1477 2043 1572 2091 οὗτος
1590 2048 1744 2099 μάλιστά
1763 2051 1867 2086 ἐστιν.
1887 2048 2101 2099 Ἀκούσωμεν
2121 2049 2156 2086 δὲ
2174 2049 2293 2087 λοιπὸν
2315 2050 2371 2086 αὐ-

1355 2111 1421 2146 τῶν
1444 2112 1511 2146 τῶν
1532 2109 1737 2159 προοιμίων.
1761 2109 1830 2146 Τὸν
1854 2108 1915 2158 μὲν
1933 2112 2069 2159 πρῶτον
2089 2109 2188 2161 λόγον
2210 2110 2375 2156 ἐποιησά-

1358 2185 1425 2219 μην
1439 2170 1519 2220 περὶ
1543 2170 1694 2215 πάντων,
1711 2162 1739 2205 ὦ
1758 2169 1925 2220 Θεόφιλε,
1955 2163 2001 2205 ὧν
2034 2169 2162 2220 ἤρξατο
2191 2172 2208 2206 ὁ
2240 2169 2374 2215 Ἰησοῦς

1356 2236 1464 2267 ποιεῖν
1486 2245 1522 2266 τε
1537 2229 1594 2266 καὶ
1613 2229 1798 2266 διδάσκειν.
1815 2228 1918 2272 Τίνος
1932 2229 2043 2266 ἕνεκεν
2059 2230 2158 2267 αὐτὸν
2176 2230 2373 2279 ἀναμιμνή-

1357 2305 1432 2328 σκει
1445 2293 1502 2327 τοῦ
1517 2289 1730 2340 Εὐαγγελίου
1743 2305 1752 2336 3
1764 2289 1874 2327 ἰΏστε
1894 2289 1957 2334 τὴν
1974 2289 2104 2327 οἰκείαν
2121 2289 2299 2341 ἀκρίὸειαν
2321 2292 2373 2328 ἐν-

1357 2349 1541 2394 δείξασθαι.
1562 2349 1631 2387 Καὶ
1645 2349 1710 2401 γὰρ
1730 2350 1920 2400 ἀρχόμενος
1935 2352 1996 2395 τῆς
2018 2350 2260 2400 πραγματείας
2280 2351 2372 2387 ἐκεί-

1356 2427 1415 2457 νης
1427 2441 1436 2458 ,
1446 2409 1561 2462 φησίν·
1571 2409 1694 2453 Ἔδοξε
1708 2410 1816 2460 κάμοὶ
1830 2409 2154 2460 παρηκολουθηκότι
2168 2410 2295 2447 ἄνωθεν
2307 2417 2373 2447 πᾶ-

1357 2486 1410 2507 σιν
1436 2469 1600 2522 ἀκριῧῶς,
1619 2469 1764 2514 καθεξῆς
1790 2470 1997 2522 σοιγράψαι.
2015 2470 2085 2507 Καὶ
2105 2469 2182 2507 οὔτε
2199 2472 2241 2520 τῇ
2262 2471 2374 2522 οἰκεία

1357 2532 1512 2581 ἀρκεῖται
1544 2529 1718 2580 μαρτυρία
1747 2524 1861 2579 μόνον,
1883 2529 1972 2567 ἀλλὰ
1992 2530 2050 2566 καὶ
2075 2529 2194 2580 ἀνάγει
2219 2529 2276 2566 ἐπὶ
2296 2529 2373 2571 τοὺς

1356 2589 1567 2632 ἀποστόλους
1586 2589 1625 2626 τὸ
1644 2595 1725 2635 πᾶν,
1745 2589 1867 2639 λέγων·
1884 2588 2008 2632 Καθὼς
2028 2589 2222 2641 παρέδοσαν
2241 2593 2326 2639 ἡμῖν
2344 2593 2374 2626 οἱ

1356 2652 1519 2702 ἀπαρχῆς
1539 2649 1707 2687 αὐτόπται
1722 2650 1780 2686 καὶ
1798 2649 1967 2700 ὑπηρέται
1983 2649 2159 2699 γενόμενοι
2183 2653 2242 2686 τοῦ
2259 2650 2372 2699 λόγου.

1357 2710 1419 2748 Διὸ
1434 2709 1492 2747 τὸν
1519 2709 1619 2759 λόγον
1651 2708 1845 2752 ἀξιόπιστον
1876 2711 1946 2746 ἐκεῖ
1974 2708 2141 2754 ποιήσας,
2162 2709 2236 2745 οὐδὲ
2267 2710 2375 2746 δεῖται

1357 2773 1501 2809 ἐνταῦθα
1517 2769 1657 2821 ὃὲτέρας
1685 2769 1922 2819 βεὸαιώσεως,
1943 2768 2034 2812 ἅπαξ
2058 2771 2159 2807 αὐτοῦ
2176 2770 2375 2806 πιστευθέν-

1358 2846 1430 2876 τος,
1450 2829 1508 2868 καὶ
1529 2830 1571 2866 δι’
1597 2829 1725 2867 ἐκείνου
1756 2829 1794 2866 τὸ
1825 2829 1964 2880 ἀκριέὲς
1984 2829 2083 2866 αὐτὸν
2119 2831 2181 2874 τῆς
2216 2817 2376 2875 ἀληθείας

1358 2890 1575 2942 κατηχήσας.
1596 2889 1640 2927 ‘O
1662 2890 1728 2942 γὰρ
1751 2890 1839 2941 ἅπερ
1861 2889 2006 2934 ἤκουσεν
2026 2889 2220 2932 ἀξιόπιστος
2240 2890 2377 2939 γενόμε-

1359 2967 1412 2995 νος
1431 2950 1584 3003 γράψαι,
1615 2950 1672 2987 καὶ
1692 2950 1906 2994 πιστευθεὶς,
1928 2950 2047 3000 πολλῷ
2069 2950 2200 2998 μᾶλλον
2224 2953 2241 2987 ὁ
2270 2954 2377 2987 ταῦτα

1361 3012 1492 3053 συνθεὶς
1519 3011 1539 3048 ἃ
1568 3011 1615 3060 μὴ
1645 3013 1727 3061 παρ’
1750 3010 1873 3061 ἑτέρων
1907 3009 2133 3062 παρείληφεν,
2166 3011 2239 3048 ἀλλ’
2266 3011 2287 3047 ἃ
2309 3005 2376 3047 εἶδε

1377 3150 1522 3181 λαὺσουσι.

1417 3199 1429 3221 f
1454 3196 1541 3228 Alius
1559 3203 1740 3240 παχυτέρως.
1761 3196 1889 3238 [Supra
1906 3192 2073 3238 legebatur
2091 3197 2195 3228 τούτου
2211 3198 2376 3227 πιστευθέν-

1373 3263 1432 3285 τος.
1448 3247 1548 3279 Sa‘vil.
1567 3255 1599 3279 et
1614 3248 1651 3278 C.
1671 3252 1775 3281 τούτου
1792 3254 1849 3292 γὰρ
1866 3262 1896 3282 π.
1918 3247 1957 3278 D.
1978 3250 2081 3281 τούτου
2099 3246 2156 3286 δέ.]

1414 3310 1426 3323 ³
1451 3298 1512 3330 Alii
1529 3301 1608 3332 οὐδὲν
1625 3302 1715 3333 δεῖται
1740 3303 1843 3344 ἑτέρας
1865 3303 2067 3336 συστάσεως...
2088 3301 2226 3335 &Mosam
2243 3303 2375 3337 ἀναμνή-

1374 3367 1433 3389 σας.
1450 3355 1546 3393 brie.
