2466 3805
298 249 385 294 128

287 359 485 385 caveamus.
503 345 713 384 Liberemur
726 359 745 382 a
762 345 887 393 laqueo
915 353 1044 381 satanae
1056 358 1068 393 3
1087 344 1273 381 timeamus

287 406 517 444 Dominicum
536 414 775 458 praeceptum3
801 404 836 440 in
855 403 1026 455 optimam
1046 402 1273 440 consuetudi-

286 481 367 505 nem
387 481 449 504 nos
465 466 681 504 deducamus
701 480 708 500 :
727 473 766 501 ut
793 464 988 516 progressi,
1012 473 1045 502 et
1064 464 1132 503 hoc
1151 474 1184 502 et
1203 465 1272 503 alia

285 537 459 580 praecepta
478 527 663 578 implentes
678 556 687 574 ,
707 525 878 577 promissa
897 525 1129 577 diligentibus
1153 526 1272 578 ipsum

285 600 539 636 consequamur
561 586 674 634 bona,
692 585 803 636 gratia
832 594 865 623 et
891 585 1107 637 benignitate
1125 586 1272 625 Domini

283 646 393 683 nostri
409 647 493 684 Jesu
512 645 669 693 Christi,
688 645 834 696 quicum
851 646 951 683 Patri
967 656 1001 684 et
1022 646 1174 698 Spiritui
1190 661 1270 686 san-

283 714 338 743 cto
358 705 487 757 gloria,
508 705 717 758 imperium,
735 706 849 744 honor
863 735 874 756 ,
892 720 986 745 nunc
1004 716 1038 745 et
1063 721 1218 760 semper,
1237 717 1271 746 et

283 766 318 803 in
338 766 462 804 saecula
485 766 706 805 saeculorum.
730 769 851 805 Amen.

330 1205 344 1220 «Ἰ
362 1195 422 1229 Alii
438 1197 558 1234 ἑαυτοὺς
574 1202 824 1237 καταστήσωμεν,
835 1198 891 1228 ἵνα.

722 263 761 294 S.
799 263 986 293 JOANNIS
1021 261 1265 292 CHRYSOST.
1305 261 1510 291 ARCHIEP.
1549 261 1910 293 CONSTANTINOP-

1345 359 1446 391 σατο,
1462 344 1520 383 τὸν
1539 344 1652 396 φόνον.
1672 346 1788 384 Πάλιν
1809 350 1828 384 ὃ
1846 347 1979 394 Ἰησοῦς
2008 346 2064 384 διὰ
2090 346 2148 383 τὸν
2179 344 2278 397 ὅρκον
2307 343 2364 381 ἐπὶ

1342 406 1412 442 τῶν
1436 404 1671 443 Γαὲαωνιτῶν
1688 400 1743 443 οἷα
1762 406 1927 445 πέπονθεν
1953 407 2070 458 ἔγνως.
2096 403 2276 451 Σατανικὴ
2297 403 2364 455 γὰρ

1342 463 1447 507 ὅντως
1466 464 1540 502 ἐστὶ
1559 465 1664 516 παγὶς
1681 466 1720 503 τὸ
1739 466 1898 517 ὀμνύναι.
1918 467 2170 519 Διαῤῥήξωμεν
2192 464 2303 504 τοίνυν
2320 463 2364 502 τὰ

1343 524 1478 576 σχοινία
1490 555 1500 572 ,
1518 525 1576 563 καὶ
1595 528 1628 563 ἐν
1645 526 1785 578 εὐκολίᾳ
1806 527 2072 577 καταστήσομεν
2088 526 2229 569 ἑαυτοὺς
2247 525 2364 571 πάσης

1342 586 1511 637 φυλακῆς.
1528 586 1802 638 Ἀπαλλαγῶμεν
1822 589 1885 632 τῆς
1912 591 2099 634 σατανικῆς
2123 587 2284 638 παγίδος·
2305 601 2363 637 φο-

1343 646 1505 696 ὅηθῶμεν
1531 646 1593 693 τὴν
1619 647 1760 694 ἐντολὴν
1780 647 1842 695 τὴν
1864 648 2072 694 δεσποτικήν
2087 664 2094 671 ·
2117 650 2163 691 εἷς
2182 648 2363 694 συνήθειαν

1343 706 1487 758 ἀρίστην
1504 712 1517 728 ³
1531 707 1672 751 ἑαυτοὺς
1690 708 1900 758 ἐμὸάλωμεν
1916 723 1924 731 ·
1944 706 1999 745 ἵνα
2015 709 2082 760 ὁδῷ
2101 708 2363 760 προὸαίνοντες,

1342 767 1401 805 καὶ
1426 767 1554 814 ταύτην
1587 768 1647 806 καὶ
1677 768 1739 812 τὰς
1758 768 1883 812 λοιπὰς
1905 767 2044 812 ἐντολὰς
2063 766 2364 819 κατορθώσαντες,

1342 831 1411 866 τῶν
1431 828 1700 880 ἐπηγγελμένων
1720 829 1939 881 ἕπιτύχωμεν
1964 830 2101 881 ἀγαθῶν
2124 834 2195 871 τοῖς
2217 829 2365 879 ἀγαπῶ-

1344 904 1396 926 σιν
1414 889 1530 937 αὖτὸν,
1545 890 1666 943 χάριτι
1684 890 1742 928 καὶ
1762 890 2004 943 φιλανθρωπίᾳ
2027 894 2086 929 τοῦ
2108 888 2236 940 Κυρίου
2262 891 2362 938 ἡμῶν

1344 950 1459 996 Ἰησοῦ
1486 952 1640 1002 Χριστοῦ
1651 981 1661 999 ,
1697 953 1771 1002 μεθ’
1803 945 1841 989 οὗ
1873 954 1924 1003 τῷ
1945 950 2063 1002 Πατρὶ
2097 950 2171 1001 ἅμα
2194 952 2244 1001 τῷ
2276 949 2364 1000 ἁγίῳ

1344 1010 1526 1061 Πνεύματι
1548 1011 1629 1055 δόξα
1643 1042 1652 1059 ,
1681 1012 1827 1065 κράτος,
1847 1011 1952 1062 τιμὴ,
1971 1015 2028 1049 νῦν
2047 1011 2107 1049 καὶ
2127 1010 2202 1058 ἀεὶ,
2230 1009 2289 1047 καὶ
2318 1011 2365 1054 εἷς

1344 1071 1423 1114 τοὺς
1439 1074 1565 1116 αἰῶνας
1582 1076 1650 1111 τῶν
1668 1072 1813 1111 αἰώνων.
1831 1073 1952 1123 Ἀμην.

606 1438 817 1478 HOMILIA
844 1437 950 1478 XIV.

285 1563 375 1602 Cn.
398 1563 446 1600 V.
466 1576 502 1599 v.
520 1562 585 1599 52..
616 1561 781 1614 Surgens
801 1569 932 1599 autem
953 1561 1114 1612 quidam
1128 1563 1169 1598 in
1181 1574 1271 1598 con-

337 1625 428 1662 cilio
439 1625 676 1670 Pharisaeus,
694 1625 847 1660 nomine
865 1622 1075 1670 Gamaliel,
1099 1623 1192 1674 legis
1206 1623 1272 1660 do-

339 1693 434 1731 ctor,
452 1684 692 1722 honorabilis
704 1686 890 1721 universoe
901 1684 1022 1736 plebi,
1031 1685 1150 1735 jussit
1151 1684 1272 1737 foras

339 1747 393 1785 ad
405 1749 516 1785 breve
534 1747 707 1784 homines
718 1745 822 1798 fieri.

338 1879 376 1914 1.
410 1875 477 1913 Hic
506 1874 682 1914 Gamaliel
713 1874 816 1912 Pauli
841 1873 964 1912 doctor
991 1882 1093 1912 erat:
1115 1873 1270 1912 admira-

284 1937 447 1987 tioneque
463 1936 614 1988 dignum
632 1944 705 1983 est,
725 1935 905 1985 quomodo
917 1964 927 1984 ,
942 1934 1078 1987 judicio
1097 1936 1219 1973 valens
1236 1944 1270 1973 et

283 1998 319 2036 in
339 1998 416 2050 lege
436 1997 572 2050 peritus
587 2027 596 2045 ,
624 1995 786 2034 nondum
811 1996 969 2034 crederet
990 2011 998 2032 ε
1018 2010 1130 2047 neque
1155 1997 1270 2049 potuit

282 2059 427 2097 omnino
454 2057 661 2096 incredulus
692 2071 852 2107 manere,
872 2067 911 2095 ut
931 2058 1049 2110 palam
1066 2067 1117 2096 est
1138 2072 1182 2096 ex
1195 2058 1271 2110 ejus

282 2119 419 2169 verbis,
436 2133 514 2169 quae
529 2117 744 2156 consulendo
758 2118 871 2156 affert.
885 2120 915 2156 J
914 2121 1009 2156 ussit
1023 2118 1130 2167 enim,
1144 2118 1271 2169 inquit,

277 2181 392 2232 foras
411 2182 465 2217 ad
487 2183 596 2218 breve
622 2181 797 2217 homines
806 2180 913 2232 fieri.
930 2179 1025 2219 Vide
1047 2179 1273 2231 prudentiam

284 2240 542 2289 concionantis,
564 2249 597 2278 et
617 2240 796 2290 quomodo
825 2240 943 2278 statim
970 2240 1051 2277 illos
1076 2241 1114 2278 in
1138 2250 1274 2279 metum

284 2300 461 2352 conjiciat.
485 2302 537 2338 Ne
564 2313 649 2339 vero
675 2300 712 2337 in
739 2300 977 2352 suspicionem
1002 2301 1158 2350 veniret,
1177 2301 1273 2352 quod

283 2361 407 2399 eadem
428 2375 505 2411 quae
527 2360 580 2398 illi
598 2360 760 2408 sentiret,
779 2374 837 2397 eos
859 2361 920 2411 qui
940 2361 974 2398 in
999 2362 1149 2399 concilio
1175 2361 1273 2399 sede-

283 2421 384 2471 bant,
415 2435 455 2459 ac
472 2421 501 2458 si
520 2435 591 2458 suae
619 2420 796 2473 opinionis
824 2429 939 2459 essent
969 2421 1163 2472 alloquitur
1172 2437 1183 2471 ;
1211 2436 1274 2460 nec

284 2483 397 2520 multa
420 2483 534 2520 utitur
559 2482 796 2532 vehementia,
817 2482 877 2519 sed
892 2482 995 2532 quasi
1013 2496 1094 2520 cum
1112 2482 1199 2521 viris
1212 2483 1270 2520 fu-
1308 2490 1313 2499 ¹

285 2557 363 2581 rore
383 2543 506 2591 ebriis,
524 2542 573 2580 ita
592 2542 679 2580 dicit
700 2558 707 2578 :
727 2543 789 2580 55.
817 2543 898 2580 Viri
919 2543 1123 2589 Israelitoe,
1148 2552 1274 2581 atten-

284 2604 364 2641 dice
385 2606 499 2641 vobis
526 2617 640 2655 super
667 2604 886 2641 hominibus
916 2606 999 2641 istis
1022 2604 1117 2656 quid
1147 2608 1274 2642 acturi

283 2667 380 2703 sctis.
400 2666 452 2702 Ne
480 2673 624 2712 temere,
654 2663 782 2714 inquit,
807 2677 920 2714 neque
943 2664 1070 2702 leviter
1098 2665 1271 2703 feramini.

283 2727 349 2764 56.
382 2726 491 2764 Ante
520 2728 623 2763 enim
656 2727 725 2763 hos
758 2726 839 2763 dies
873 2729 1039 2763 surrexit
1069 2727 1102 2763 T
1100 2727 1247 2764 lzeudas
1256 2756 1268 2773 ,

283 2790 415 2827 dicens
431 2803 471 2826 se
486 2802 566 2826 esse
585 2788 757 2839 aliquem
779 2802 790 2822 .·
809 2789 871 2824 cui
885 2789 1079 2825 consensit
1094 2801 1272 2826 numerus

283 2853 460 2888 virorum
493 2851 647 2887 circiter
671 2849 1038 2900 quadringentorum
1054 2864 1064 2884 :
1084 2851 1151 2900 qui
1175 2850 1272 2887 occi-

284 2925 348 2949 sus
377 2919 451 2955 est;
471 2919 508 2948 et
536 2923 666 2946 omnes
692 2911 761 2960 qui
793 2909 1003 2945 credebant
1027 2911 1073 2956 ei,
1094 2909 1273 2960 dissipati

284 2979 372 3009 sunt
396 2979 431 3009 et
451 2971 600 3008 redacti
626 2970 679 3007 ad
707 2968 883 3006 nihilum.
903 2968 1090 3020 Exemplis
1118 2969 1199 3007 illos
1225 2969 1273 3008 ad

1727 1441 1905 1479 OMIAIA
1940 1438 1992 1478 26¹.

1342 1561 1507 1606 Ἀναστὰς
1536 1562 1571 1601 δέ
1597 1578 1648 1606 τις
1667 1563 1702 1600 ἕν
1716 1564 1766 1615 τῷ
1793 1561 1958 1615 συνεδρίῳ
1986 1563 2200 1614 Φαρισαῖος,
2220 1563 2364 1612 ὀνόματι

1393 1622 1598 1673 Γαμαλιὴλ,
1615 1623 1928 1674 νομοδιδάσκαλος,
1947 1622 2060 1674 τίμιος
2079 1623 2183 1660 παντὶ
2203 1624 2253 1675 τῷ
2270 1625 2364 1674 λαῷ,

1394 1683 1572 1723 ἐκέλευσεν
1587 1683 1651 1728 ἔξω
1673 1684 1785 1736 βραχὺ
1802 1684 1879 1727 τοὺς
1895 1683 2095 1736 ἀνθρώπους
2109 1683 2282 1735 γενέσθαι.

1394 1868 1505 1918 Οῧτος
1521 1875 1740 1926 ὃΓαμαλιὴλ
1754 1875 1893 1914 Παύλου
1908 1875 2112 1919 διδάσκαλος
2125 1869 2179 1922 ἦν.
2201 1876 2270 1915 Καὶ
2287 1879 2366 1914 θαυ-

1341 1934 1452 1986 μάσαι
1471 1935 1575 1984 ἄξιον,
1593 1939 1667 1979 πῶς
1686 1936 1745 1974 καὶ
1763 1937 1824 1980 τὰς
1843 1936 1934 1975 κατὰ
1955 1942 2030 1975 νοῦν
2046 1937 2176 1990 κρίσεις
2193 1937 2283 1988 ἔχων
2305 1936 2364 1974 καὶ

1343 1996 1543 2047 νομομαθὴς
1565 1996 1625 2043 ὢν,
1642 1997 1776 2036 οὐδέπω
1793 1997 2003 2036 ἐπίστευσεν.
2022 1998 2100 2036 Οὐκ
2119 1997 2191 2035 ἔστι
2206 1997 2242 2035 δὲ
2262 1998 2364 2035 αὐτὸν

1345 2063 1459 2107 μεῖναι
1493 2057 1541 2108 μὴ
1571 2058 1806 2097 πιστεύσαντα
1837 2059 1879 2096 δι’
1899 2057 1992 2097 ὅλου.
2010 2058 2080 2096 Καὶ
2109 2059 2211 2104 δῆλον
2232 2059 2271 2095 ἐκ
2298 2060 2365 2095 τῶν

1345 2117 1508 2168 ῥημάτων
1532 2120 1654 2164 αὐτοῦ,
1684 2119 1728 2157 δι’
1746 2113 1793 2156 ὧν
1819 2119 2056 2170 συμὸουλεύει.
2077 2118 2261 2157 Ἐκέλευσε
2281 2119 2366 2173 γὰρ,

1344 2178 1466 2231 φησιν,
1482 2179 1546 2223 ἔξω
1567 2179 1679 2232 βραχὺ
1698 2180 1776 2224 τοὺς
1796 2180 1995 2233 ἀνθρώπους
2016 2182 2172 2226 ποιῆσαι.
2188 2179 2282 2232 υΟρα
2302 2180 2366 2226 τὴν

1344 2239 1478 2278 σύνεσιν
1508 2243 1569 2286 τῆς
1603 2241 1834 2294 δημηγορίας,
1852 2241 1910 2279 καὶ
1938 2245 2013 2284 πῶς
2032 2241 2154 2284 αὐτοὺς
2173 2241 2295 2284 εὐθέως
2320 2243 2369 2285 εἰς

1345 2300 1450 2352 φόὲον
1466 2300 1668 2339 ὓέσέὸαλεν.
1686 2301 1797 2340 εΏστε
1817 2302 1851 2339 δὲ
1869 2301 1917 2353 μὴ
1938 2305 2195 2348 ὑποπτευθῆναι
2209 2302 2308 2340 αὐτὸν
2322 2305 2369 2345 ὡς

1345 2361 1390 2400 τὰ
1414 2362 1551 2400 ἐκείνων
1572 2368 1778 2414 φρονοῦντα,
1798 2366 1843 2405 ὥς
1871 2364 1956 2415 πρὸς
1988 2361 2234 2413 ὁμογνώμονας
2254 2363 2367 2401 διαλέ-

1346 2438 1462 2474 γεται,
1485 2422 1544 2460 καὶ
1576 2423 1612 2459 οὐ
1638 2424 1750 2474 πολλῇ
1773 2426 1816 2475 τῇ
1847 2423 2053 2476 σφοδρότητι
2078 2423 2268 2476 κέχρηται,
2289 2425 2366 2461 ἀλλ’

1346 2487 1392 2527 ὡς
1425 2484 1491 2522 ὑπὸ
1517 2488 1576 2522 τοῦ
1601 2487 1707 2533 θυμοῦ
1741 2484 1933 2535 μεθύουσιν,
1968 2484 2057 2522 οὕτω
2083 2484 2207 2536 φησίν·
2230 2485 2368 2537 Ἄνδρες

1346 2543 1583 2596 Ἰσραηλῖται,
1611 2544 1802 2597 προσέχετε
1829 2547 1961 2587 ἑαυτοῖς
1987 2544 2043 2583 ε’πὶ
2073 2552 2142 2589 τοῖς
2175 2545 2368 2597 ἀνθρώποις

1344 2605 1474 2649 τούτοις
1489 2605 1522 2643 τί
1544 2604 1686 2656 μέλλετε
1706 2605 1884 2656 πράσσειν.
1910 2605 1970 2652 Μὴ
1991 2607 2127 2651 ἁπλῶς,
2148 2606 2252 2659 φησὶ,
2278 2606 2366 2658 μηδὲ

1343 2668 1390 2709 ὡς
1409 2666 1509 2718 ἔτυχε
1537 2666 1690 2718 φέρεσθε.
1712 2666 1790 2718 Πρὸ
1810 2666 1876 2717 γὰρ
1895 2665 2024 2704 τούτων
2044 2669 2112 2703 τῶν
2128 2670 2266 2719 ἡμερῶν
2283 2668 2366 2705 ἀνέ-

1345 2743 1410 2773 στη
1427 2729 1562 2770 Θευδᾶς
1574 2727 1682 2778 λέγων
1693 2757 1702 2774 ,
1723 2721 1896 2764 εἶναίτινα
1910 2727 2043 2774 ἑαυτὸν,
2059 2721 2086 2779 ᾧ
2102 2730 2363 2779 προσεκολλῆθη

1345 2787 1487 2840 ἀριθμὸς
1519 2788 1650 2840 ἀνδρῶν
1683 2789 1729 2829 ὡς
1757 2787 2006 2838 τετρακοσίων·
2043 2787 2077 2830 ὃς
2104 2787 2253 2839 ἀνηρέθη
2267 2817 2276 2834 ‚
2306 2789 2365 2825 καὶ

1344 2848 1469 2892 πάντες
1484 2848 1556 2886 ὅσοι
1574 2847 1748 2886 ἐπείθοντο
1764 2849 1874 2899 αὐτῷ,
1892 2847 2096 2894 διελύθησαν
2108 2848 2167 2885 καὶ
2186 2853 2199 2868 ⁰
2211 2849 2366 2900 ἐγένοντο

1345 2911 1392 2953 εἷς
1407 2909 1514 2948 οὐδέν.
1535 2908 1619 2946 Ἀπὸ
1629 2907 1922 2959 παραδειγμάτων
1939 2907 2059 2951 αὐτοὺς
2076 2908 2295 2960 αοφρονίζει,
2307 2910 2366 2947 καὶ

1344 2970 1401 3008 τὸν
1418 2969 1577 3013 πλείονας
1593 2968 1839 3015 ἀποστήσαντα
1857 2968 1995 3020 ὕστερον
2009 2968 2125 3015 τίθησι
2144 2971 2367 3021 παραμυθού-

283 3045 405 3069 sanam
421 3040 575 3069 mentem
589 3029 690 3068 ducit
700 3045 712 3080 3
733 3038 766 3067 et
787 3028 912 3077 illum⁷
932 3029 994 3079 qui
1015 3029 1133 3080 plures
1164 3029 1271 3067 sedu-
1283 3060 1328 3085 m
1347 3046 1445 3082 μενος
1465 3031 1598 3074 αὐτούς.
1621 3030 1698 3083 Πρὸ
1723 3029 1784 3080 μὲν
1804 3024 1861 3068 οἶν
1881 3035 1941 3068 τοῦ
1968 3029 2011 3067 τὰ
2024 3030 2297 3082 παραδείγματα
2317 3033 2367 3069 εἷ-

285 3101 404 3140 xerat,
434 3091 578 3129 demum
611 3091 713 3128 affert
733 3089 778 3127 ad
799 3089 945 3127 illorum
979 3089 1267 3129 consolationem.
1294 3097 1319 3126 Α
1344 3097 1443 3137 πεῖν,
1462 3091 1574 3143 λέγει,
1603 3090 1804 3142 Προσέχετε
1835 3093 1967 3134 ἑαυτοῖς
1983 3105 1990 3113 ·
2022 3091 2140 3138 ἐπειδὴ
2162 3091 2197 3130 δὲ
2223 3090 2366 3137 ἔδειξεν,

287 3154 483 3203 Antequam
510 3166 595 3191 vero
620 3151 783 3203 exempla
807 3150 975 3202 proferat,
995 3149 1082 3187 dicit
1104 3151 1171 3187 :A
1175 3160 1271 3189 tten-

287 3214 366 3251 dite
394 3216 504 3251 vobis
526 3229 536 3249 :
557 3213 601 3251 iis
618 3226 703 3251 vero
731 3211 863 3262 allatis,
891 3211 1100 3249 sententiam
1117 3213 1270 3264 profert,

286 3272 405 3311 dicens
427 3289 434 3310 :
455 3275 509 3312 Et
545 3288 646 3311 nunc
690 3276 822 3325 itaque
858 3274 943 3310 dico
977 3274 1101 3320 vobis,
1136 3274 1269 3312 Disce-

333 3404 348 3427 Β
365 3407 499 3444 affluas,
519 3409 566 3437 καὶ
582 3408 656 3438 ὥστε
672 3411 718 3446 μὴ
735 3407 968 3444 oxori-restium,
987 3404 1034 3435 sic
1052 3414 1143 3436 unus.

1345 3150 1570 3204 ἀποφαίνεται
1587 3150 1697 3201 λέγων
1709 3166 1716 3173 ·
1732 3150 1802 3189 Καὶ
1823 3150 1866 3188 τὰ
1887 3155 1943 3188 νῦν
1971 3150 2061 3202 λέγω
2079 3155 2170 3202 ὑμῖν,
2190 3151 2366 3198 ἀπόστητε

1345 3213 1413 3251 ἀπὸ
1431 3216 1499 3250 τῶν
1519 3211 1707 3264 ἀνθρώπων
1726 3212 1867 3249 τούτων.
1882 3210 1982 3248 Μετὰ
1997 3216 2115 3250 τοῦτον
2138 3212 2263 3259 ἀνέστη
2278 3212 2366 3251 Ἰού-

1344 3275 1402 3317 δας
1417 3277 1434 3312 ὂ
1450 3275 1634 3316 Γαλιλαῖος
1654 3273 1688 3310 ἐν
1705 3277 1779 3315 ταῖς
1799 3271 1947 3323 ἡμέραις
1968 3274 2030 3318 τῆς
2057 3274 2262 3326 ἀπογραφῆς
2275 3301 2284 3319 ,
2306 3273 2364 3311 καὶ

1405 3414 1415 3427 ⁶
1434 3403 1568 3447 [ἐγένετο
1582 3403 1639 3444 Ῑ).]
