2502 3810
676 291 720 320 IN
757 290 897 320 EPIST-

49 370 204 424 ραυνούς·
235 370 294 408 καὶ
321 364 388 409 οἶόν
408 373 481 409 ἐστι
499 371 538 408 τὸ
558 372 660 422 σῶμα
681 374 740 409 τοῦ
761 370 943 421 μεθύοντος
962 364 1062 409 πελι-

46 430 120 468 δνὸν
142 432 200 468 καὶ
216 430 385 482 διαρρέον,
407 431 547 478 τοιαύτη
570 431 629 468 καὶ
648 434 668 477 ἠ
691 430 821 468 ἐκείνου
838 431 951 483 ψυχή·
973 433 1062 480 μᾶλ-

44 493 102 528 λον
122 490 157 529 δὲ
173 490 249 529 οὐδὲ
268 490 307 528 τὸ
332 494 435 541 σῶμα
452 492 535 530 αὐτὸ
559 496 620 538 τῆς
638 491 736 530 νόσου
757 491 885 538 ταύτης
902 492 1060 538 ἀπήλλα-

44 566 125 588 κται
139 579 148 596 ,
172 550 261 588 ἀλλὰ
280 551 340 588 καὶ
360 553 491 601 μᾶλλον
518 552 722 600 ἁλίσκεται,
748 553 837 591 οἴνου
857 551 1062 603 χαλεπώτε-

46 625 103 663 ρον
127 613 189 656 τῆς
220 611 394 663 φροντίδος
423 611 480 650 καὶ
501 617 560 650 τοῦ
586 616 692 662 θυμοῦ
711 612 771 650 καὶ
790 614 852 657 τῆς
871 611 1062 663 ἀγρυπνίας

44 671 290 717 κατεσθιούσης
331 672 435 720 αὐτὸ,
476 673 536 711 καὶ
572 673 662 711 κατὰ
699 672 822 724 μικρὸν
854 672 1062 719 δαπανώσης

43 732 151 770 ἅπαν.
177 732 246 770 Καὶ
263 736 280 770 ὁ
301 731 361 783 μὲν
386 734 581 786 οἰνοφλυγία
596 733 846 785 κατεχόμενος,
866 737 880 753 ³¹
893 732 956 770 κᾶν
974 733 1063 770 κατὰ

42 792 105 839 τὴν
132 792 238 830 νύκτα
265 792 407 830 δύναται
442 793 582 845 νήφειν·
611 796 628 831 ὁ
654 793 689 830 δὲ
715 791 900 835 διαπαντὸς
932 792 1062 842 μεθύει,

46 853 106 891 καὶ
125 856 159 891 ἐν
177 853 293 907 ἡμέρᾳ
312 853 371 891 καὶ
386 855 419 891 ἐν
440 854 559 898 νυκτὶ,
576 853 635 891 καὶ
650 851 845 905 ἐγρηγορὼς
863 851 923 890 καὶ
942 853 1063 890 καθεύ-

47 915 128 961 δων,
147 914 323 964 δεσμώτου
343 914 470 957 παντὸς
486 914 544 952 καὶ
558 917 625 952 τῶν
645 913 690 951 τὰ
709 913 865 963 μέταλλα
882 913 1064 963 ἐργαζομέ-

45 990 126 1023 νων,
147 975 204 1012 καὶ
226 975 257 1012 εἴ
280 991 331 1018 τις
350 974 451 1026 ἑτέρα
470 973 597 1021 ταύτης
615 973 688 1012 ἐστὶ
706 972 936 1025 χαλεπωτέρα
954 988 1063 1023 τιμω-

48 1034 121 1085 ρία,
143 1034 283 1084 μείζονα
303 1033 414 1077 διδοὺς
433 1034 542 1080 δίκην.

99 1095 211 1131 Τοῦτο
226 1089 296 1140 οὖν,
308 1088 384 1131 εἶπέ
399 1109 476 1143 μοι,
494 1092 564 1139 ζωὴ
577 1120 586 1137 ,
601 1094 678 1130 ἀλλ’
697 1095 733 1130 οὐ
751 1091 913 1138 θάνατος,
930 1093 1062 1142 μᾶλλον

46 1153 83 1191 δὲ
103 1153 161 1190 καὶ
181 1152 326 1191 θανάτου
342 1153 470 1196 παντὸς
489 1152 734 1205 ἐλεεινότερον,
751 1151 795 1190 Ὁ
816 1152 878 1202 μὲν
906 1153 971 1204 γὰρ
1002 1152 1063 1190 θά·

45 1229 144 1258 νατος
163 1213 332 1252 ἀναπαύει
350 1213 390 1252 τὸ
408 1215 532 1264 σῶμα,
552 1213 612 1250 καὶ
640 1213 788 1263 γέλωτος
818 1212 878 1250 καὶ
899 1214 1063 1264 ἀσχημο-

46 1275 150 1321 σύνης
183 1273 242 1311 καὶ
273 1273 535 1326 ἁμαρτημάτων
570 1274 786 1312 ἀπαλλάττει
799 1289 806 1297 ·
828 1268 930 1312 αὗται
963 1273 998 1312 δὲ
1028 1275 1063 1312 αἱ

49 1334 151 1385 μέθαι
171 1337 218 1378 εἷς
246 1335 361 1372 πάντα
389 1340 501 1373 ταῦτα
527 1335 759 1386 ἕμὸάλλουσι,
787 1334 850 1378 τὰς
872 1335 978 1379 ἀκοὰς
1005 1338 1066 1386 ἐμ-

49 1395 284 1447 φράττουσαι,
303 1394 381 1438 τοὺς
406 1395 602 1447 ὀφθαλμοὺς
617 1395 886 1446 πηροῦσαι,τὴν
914 1395 1064 1434 διάνοιαν

49 1458 83 1494 ἓν
110 1457 228 1507 πολλῷ
242 1459 292 1508 τῷ
311 1455 424 1508 σκότῳ
439 1455 663 1507 κατέχουσαι.
691 1455 783 1493 Οὔτε
806 1455 873 1507 γὰρ
901 1458 1065 1503 ἀκοῦσαι,

48 1517 127 1556 οὔτε
159 1519 267 1554 εἰπεῖν
305 1515 418 1568 ἕτερόν
464 1532 498 1553 τι
537 1517 699 1571 ἀνέχεται
718 1546 728 1563 ,
768 1517 845 1554 ἀλλ’
882 1515 903 1562 ἢ
947 1517 1067 1561 τόκους

50 1577 109 1615 καὶ
135 1577 253 1620 τόκους
285 1576 411 1623 τόκων,
440 1575 500 1614 καὶ
532 1576 744 1628 ἀναίσχυντα
762 1576 888 1627 κέρδη,
922 1578 982 1615 καὶ
1005 1594 1068 1616 κα-

50 1636 197 1682 πηλείας
215 1637 472 1687 μεμισημένας,
493 1636 551 1675 καὶ
570 1637 814 1689 πραγματείας
831 1637 1069 1691 ἀνελευθέρους

51 1698 110 1735 καὶ
132 1699 394 1748 δουλοπρεπεῖς,
415 1698 570 1749 καθάπερ
591 1696 682 1743 κύων
708 1697 793 1750 πρὸς
815 1697 970 1742 ἅπαντας
986 1701 1069 1736 ὑλα-

50 1760 154 1805 κτῶν,
170 1757 302 1800 πάντας
316 1760 439 1808 μισῶν,
460 1757 592 1800 πάντας
617 1756 936 1809 ἀποστρεφόμενος,
961 1761 1068 1797 πολε-

51 1822 126 1868 μῶν
149 1819 294 1866 ἅπασιν,
315 1820 476 1869 οὐδεμιᾶς
501 1817 732 1868 ὑποκειμένης
759 1818 893 1864 αἰτίας,
911 1819 1069 1866 πενήτων

49 1880 393 1930 κατεξανιστάμενος,
404 1885 474 1923 τοῖς
488 1882 674 1918 πλουτοῦσι
692 1879 904 1930 βασκαίνων,
919 1881 1004 1934 πρὸς
1014 1882 1070 1919 οὐ-

51 1941 131 1980 δένα
158 1940 267 1987 ἡδέως
286 1940 387 1992 ἔχων.
405 1940 478 1978 Κᾶν
495 1947 642 1991 γυναῖκα
661 1940 745 1992 ἔχῃ,
766 1940 830 1978 κᾶν
847 1941 991 1989 παιδία,
1006 1941 1069 1979 κᾶν

52 2002 187 2055 φίλους,
209 2002 248 2039 ἂν
272 2002 320 2052 μὴ
355 2002 521 2040 πάντοθεν
553 2001 610 2053 ἐξῇ
637 2001 828 2053 κερδαίνειν
857 2003 971 2054 αὐτῷ,
1001 2006 1068 2041 τῶν

52 2063 151 2114 φύσει
170 2063 345 2112 πολεμίων
365 2064 459 2114 αὐτῷ
479 2056 571 2100 οἷτοι
587 2061 851 2113 πολεμιώτεροι.
874 2062 920 2100 Τί
941 2064 1070 2111 ταύτης

52 2124 162 2162 τοίνυν
180 2128 241 2170 τῆς
262 2123 386 2174 μανίας
401 2123 523 2176 γένοιτ’
543 2123 581 2160 ἂν
596 2123 777 2175 χεῖρονςτί
795 2122 830 2162 δὲ
847 2123 1067 2176 ἀθλιώτερον,

50 2184 132 2222 ὅταν
154 2185 253 2228 αὐτὸς
271 2187 383 2236 ἑαυτῷ
405 2188 586 2236 πανταχοῦ
615 2184 803 2228 σκοπέλους
822 2186 1067 2237 κατασκευάζῃ

52 2245 111 2283 καὶ
131 2246 280 2297 ὑφάλους
306 2245 364 2283 καὶ
390 2245 563 2297 κρημνοὺς
580 2244 639 2283 καὶ
667 2244 847 2297 φάραγγας
876 2245 935 2282 καὶ
963 2246 1069 2298 μυρία

53 2306 211 2359 βάραθρα
224 2336 233 2353 ,
252 2309 354 2356 σῶμα
373 2306 461 2358 ἔχων
478 2304 525 2352 ἓν,
547 2305 605 2344 καὶ
636 2305 761 2357 γαστρὶ
789 2306 956 2344 δουλεύων
984 2314 1067 2359 μιᾷ,

10 2368 15 2373 ’
52 2367 126 2406 Κᾶν
159 2366 220 2416 μὲν
253 2369 300 2410 εἷς
327 2366 508 2408 πολιτικάς
526 2382 578 2410 τις
599 2366 737 2417 ἓμῧάλῃ
764 2381 802 2403 σε
834 2367 1068 2419 λειτουργίας,

51 2426 290 2480 δραπετεύεις,
308 2427 347 2466 τὸ
370 2426 566 2480 δαπανηρὸν
588 2426 766 2469 δεδοικώς·
787 2429 922 2480 σεαυτῷ
943 2427 978 2465 δὲ
999 2444 1069 2478 μυ-

54 2489 110 2539 ρία
125 2488 392 2533 κατασκευάζεις
405 2491 526 2526 πασῶν
553 2487 691 2525 ἐκείνων
712 2488 797 2539 ἔργα
816 2487 1066 2541 χαλεπώτερα,

49 2548 110 2585 καὶ
129 2548 206 2599 οὐχὶ
233 2546 515 2599 δαπανηροτέρας
545 2548 659 2598 μόνον,
679 2547 767 2585 ἀλλὰ
800 2547 859 2585 καὶ
889 2550 1067 2600 σφαλερω-

52 2608 151 2660 τέρας
175 2608 386 2660 λειτουργίας
407 2611 457 2660 τῷ
490 2614 670 2659 μαμμωνᾷ
696 2607 918 2658 τελούμενος,
947 2608 1006 2645 καὶ
1031 2611 1067 2647 οὗ

50 2669 218 2721 χρήματα
241 2668 341 2719 μόνον
368 2671 418 2720 τῷ
437 2671 577 2720 πονηρῷ
593 2667 702 2719 τούτῳ
721 2667 897 2719 τυράννῳ,
913 2668 987 2706 οὐδὲ
1002 2669 1067 2708 πό-

50 2745 107 2768 νον
125 2729 282 2779 σώματος
302 2728 359 2766 καὶ
380 2728 528 2779 βάσανον
548 2730 660 2779 ψυχῆς
678 2727 737 2765 καὶ
751 2727 961 2778 ἀλγηδόνας,
981 2730 1069 2768 ἀλλὰ

51 2790 111 2828 καὶ
125 2790 207 2828 αὐτὸ
226 2788 390 2840 εἰσφέρων
407 2788 446 2826 τὸ
465 2790 584 2839 σῶμα,
601 2787 656 2825 ἵνα
674 2788 708 2825 τί
723 2803 776 2825 σοι
793 2788 933 2839 γένηται
951 2790 1068 2837 πλέον,

53 2850 148 2888 ἄθλιε
166 2850 224 2888 καὶ
244 2850 445 2900 ταλαίπωρε
457 2878 466 2896 ,
484 2852 522 2887 ἐκ
537 2851 599 2894 τῆς
614 2848 832 2902 βαρὸαρικῆς
847 2848 975 2896 ταύτης
992 2850 1069 2887 δου-

50 2910 155 2954 λείας.
182 2912 262 2961 Οὐχ
283 2913 363 2962 ὁρᾷς
392 2907 470 2952 τοὺς
505 2912 581 2947 καθ’
609 2909 758 2956 ἑκάστην
787 2908 921 2960 ἡμέραν
949 2910 1005 2948 ἐπὶ
1025 2910 1069 2948 τὰ

54 2971 221 3022 μνήματα
241 2969 466 3022 φερομένους,
483 2973 557 3014 πῶς
586 2969 711 3022 γυμνοὶ
741 2969 801 3007 καὶ
829 2969 969 3007 πάντων
990 2969 1070 3023 ἔρη-

55 3046 114 3082 μοι
130 3031 215 3082 πρὸς
234 3025 310 3074 τοὺς
333 3030 458 3082 τάφους
482 3030 630 3074 ἐκείνους
651 3030 866 3081 ἀπάγονται,
888 3029 982 3068 οὐδὲν
1001 3033 1069 3068 τῶν

53 3093 182 3132 οἴκοθεν
202 3094 321 3131 >affatio
347 3096 549 3144 δυνάμενοι,
571 3092 661 3141 ἀλλὰ
681 3094 739 3133 καὶ
757 3094 844 3132 αὐτὰ
864 3094 885 3132 ἃ
905 3094 1072 3145 περιὸάλ-

55 3158 173 3194 λονται
190 3158 239 3207 τῷ
260 3157 415 3204 σκώληκι
435 3157 613 3209 φέροντες,
633 3158 786 3202 Τούτους
820 3161 895 3197 καθ’
922 3159 1071 3206 ἑκάστην

56 3221 73 3242 ¹²
85 3222 207 3260 σκόπει
226 3222 286 3269 τὴν
307 3223 453 3274 ἡμέραν,
473 3224 531 3262 καὶ
550 3224 644 3277 τάχα
662 3225 820 3278 λωφήσει
843 3225 881 3264 τὸ
897 3226 1028 3271 πάθος,
1044 3228 1074 3263 εἷ

58 3289 107 3340 μὴ
125 3292 280 3328 κάκεῖθεν
301 3289 438 3339 μέλλεις
454 3290 522 3329 ἀπὸ
543 3294 604 3338 τῆς
633 3291 857 3335 πολυτελείας
883 3293 952 3331 τῶν
979 3294 1074 3331 ἐντα-

103 3415 115 3428 ==
138 3403 200 3448 [Α.
219 3413 250 3437 et
266 3404 405 3438 Saxilius
423 3411 474 3440 κᾶν
490 3408 599 3449 μετά]

939 289 997 318 AD
1033 290 1141 320 ROM.

2016 273 2108 321 633

1134 385 1240 421 quam
1258 371 1384 411 vinum
1406 371 1511 409 illum
1530 371 1718 409 absumant
1740 385 1846 422 curce,
1869 371 1939 420 ira,
1961 370 2111 422 vigiliae,

1133 441 1166 469 et
1184 432 1358 484 paulatim
1372 432 1476 470 illum
1494 432 1674 471 arrodant.
1690 433 1790 471 Certe
1806 433 1867 484 qui
1887 447 1907 470 a
1920 431 2114 471 vinolentia

1131 493 1321 541 detinetur,
1350 502 1465 546 potest
1485 502 1601 531 tamen
1628 503 1734 532 noctu
1755 494 1872 532 sobrie
1900 507 2002 545 agere
2023 508 2030 529 :
2053 492 2113 529 hic

1131 568 1215 593 vero
1233 563 1400 607 perpetuo
1415 555 1533 593 ebrius
1553 565 1618 605 cst,
1637 564 1670 593 et
1690 554 1748 594 die
1764 565 1797 594 et
1822 565 1920 593 nocte
1928 585 1940 602 ,
1962 565 1995 592 et
2014 553 2112 604 vigi—

1131 614 1208 652 lans
1226 624 1259 653 et
1277 615 1468 664 dormiens,
1482 617 1632 668 majores
1649 617 1736 654 dans
1752 630 1885 668 poenas,
1905 630 2011 667 quam
2030 615 2112 654 vin-

1071 707 1119 733 574
1134 674 1193 724 cti,
1213 675 1287 712 etii
1306 675 1367 725 qui
1388 674 1424 712 in
1446 676 1596 714 metallis
1611 677 1788 725 laborant,
1805 685 1838 715 et
1858 677 1886 714 si
1906 676 1971 728 qui
1985 675 2112 727 majori

1084 745 1109 774 A
1133 734 1304 774 cruciatui
1321 734 1547 786 deputantur,

1183 291 1320 321 HOMIL
1329 311 1338 320 .
1377 291 1473 322 X111.

1188 1093 1250 1131 11.
1281 1092 1447 1143 Hoccine,
1465 1107 1598 1144 quaes0,
1614 1094 1689 1133 vita
1720 1096 1800 1133 est?
1822 1109 1936 1134 annon
1955 1111 2062 1147 mors,
2084 1108 2118 1136 et

1134 1155 1261 1205 quavis
1286 1164 1398 1193 morte
1427 1155 1695 1194 miserabilius?
1715 1158 1814 1195 Mors
1840 1157 1935 1195 enim
1964 1159 2118 1208 quietem

1135 1217 1274 1269 corpori
1293 1217 1416 1266 affert,
1434 1227 1468 1255 et
1489 1232 1509 1255 a
1528 1219 1616 1268 risu,
1636 1218 1873 1270 turpitudine,
1895 1221 2048 1271 peccatis
2066 1222 2116 1259 li-

1133 1277 1236 1316 berat
1255 1293 1262 1314 :
1284 1278 1340 1315 hae
1362 1288 1480 1316 autem
1506 1279 1689 1317 ebrietates
1709 1280 1744 1317 in
1760 1281 1836 1317 haec
1865 1281 1982 1319 omnia
2005 1284 2118 1335 conji—

1136 1338 1248 1388 ciunt,
1267 1353 1369 1377 aures
1386 1339 1606 1391 obturantes,
1629 1341 1749 1379 oculos
1766 1351 1994 1390 excaecantes,
2017 1358 2118 1381 men-

1134 1411 1206 1440 tem
1239 1403 1276 1440 in
1316 1403 1468 1455 caligine
1495 1404 1608 1442 multa
1644 1405 1849 1443 detinentes.
1876 1407 1999 1456 Neque
2025 1408 2119 1445 enim

1136 1463 1261 1501 audire
1278 1463 1336 1502 vel
1364 1464 1463 1514 loqui
1483 1465 1582 1502 aliud
1612 1474 1726 1518 potest
1747 1480 1855 1516 quam
1874 1467 2006 1505 foenora
2026 1477 2121 1506 etex

1136 1525 1330 1562 foenoribus
1348 1525 1494 1575 foenora,
1515 1526 1613 1564 lucra
1628 1528 1764 1579 turpia,
1785 1528 1925 1567 odiosos
1951 1539 2119 1580 (Incestus,

1135 1584 1328 1623 illiberales
1356 1595 1391 1623 et
1423 1587 1566 1625 serviles
1594 1588 1847 1638 negotiationes
1870 1605 1878 1625 ε
1903 1591 2006 1640 quasi
2024 1591 2121 1629 canis

1137 1646 1305 1685 adversus
1317 1660 1435 1684 omnes
1448 1647 1595 1697 latrans,
1611 1662 1730 1686 omnes
1743 1649 1825 1687 odio
1841 1651 1988 1698 babens,
2001 1666 2120 1690 omnes

1137 1721 1317 1755 aversans,
1336 1721 1456 1744 omnes
1474 1707 1688 1759 impugnans
1714 1709 1813 1746 nulla
1831 1709 1875 1747 de
1892 1725 2013 1760 causa,
2033 1726 2120 1750 con-

1137 1777 1189 1805 tra
1216 1782 1387 1820 pauperes
1415 1768 1615 1820 insurgens,
1637 1769 1812 1808 divitibus
1843 1771 2019 1821 invidens,
2039 1787 2120 1811 cum

1139 1829 1277 1866 nemine
1306 1828 1447 1880 placide
1473 1843 1590 1880 agens.
1612 1830 1650 1868 Si
1682 1845 1843 1880 uxorem,
1868 1832 1898 1870 si
1927 1833 2069 1882 liberos,
2091 1835 2121 1872 si

1139 1889 1271 1927 amicos
1289 1889 1432 1939 habeat,
1448 1889 1516 1927 nisi
1532 1890 1602 1927 sibi
1621 1891 1755 1941 ubique
1772 1892 1904 1930 lucrari
1920 1893 2039 1941 liceat,
2056 1895 2121 1932 hos

1140 1950 1211 1988 sibi
1229 1951 1343 2002 magis
1371 1950 1489 1988 hostes
1521 1951 1636 2002 ducit,
1662 1967 1769 2003 quam
1795 1967 1868 2001 eos,
1900 1955 1963 2005 qui
1995 1965 2121 1993 natura

1140 2011 1256 2050 hostes
1270 2021 1363 2050 sunt.
1374 2011 1450 2049 Hac
1461 2025 1544 2063 ergo
1558 2012 1695 2050 insania
1712 2014 1800 2064 quid
1816 2014 1969 2053 deterius
1987 2017 2122 2054 fuerit?

1140 2072 1227 2122 quid
1246 2073 1498 2123 miserabilius,
1519 2088 1599 2111 cum
1616 2074 1689 2125 ipse
1707 2075 1775 2112 sibi
1795 2075 1929 2126 ubique
1943 2078 2120 2129 scopulos,

1138 2146 1224 2172 saxa
1243 2133 1403 2184 latentia,
1423 2133 1637 2186 praecipitia,
1665 2135 1832 2187 milleque
1856 2138 2023 2177 barathra
2056 2155 2123 2191 pa—

1137 2203 1205 2244 ret,
1226 2208 1339 2231 unum
1360 2208 1486 2246 corpus
1502 2194 1638 2235 habans
1659 2209 1700 2233 ac
1721 2198 1837 2235 ventri
1857 2198 1919 2236 uni
1941 2201 2121 2238 serviens?

1138 2255 1178 2294 Si
1194 2255 1273 2305 quis
1293 2269 1377 2294 vero
1398 2264 1431 2293 te
1447 2255 1492 2292 ad
1516 2255 1662 2307 publica
1682 2257 1877 2296 ministeria
1896 2259 2047 2310 injiciat,
2072 2262 2123 2298 ef-

1138 2316 1264 2368 fugies,
1286 2330 1478 2368 expensam
1502 2316 1650 2365 timens;
1669 2317 1736 2355 tibi
1754 2333 1838 2357 vero
1858 2320 1957 2358 mille
1974 2322 2122 2360 attrahis

1138 2390 1244 2428 opera
1263 2376 1429 2414 omnihus
1448 2376 1520 2414 illis
1541 2377 1717 2427 graviora,
1740 2387 1772 2415 et
1796 2393 1865 2417 non
1885 2382 2122 2421 sumtuosiora

1095 2477 1097 2479 ¹
1139 2435 1262 2486 modo,
1285 2435 1346 2473 sed
1366 2435 1473 2473 etiam
1492 2435 1746 2486 periculosiora
1776 2438 1886 2487 subis,
1907 2441 2119 2479 Mammonae

1139 2495 1310 2545 initiatus,
1328 2510 1391 2533 nec
1425 2496 1593 2548 pecunias
1623 2496 1729 2535 modo
1758 2497 1922 2550 improbo
1947 2500 2032 2538 huic
2060 2512 2122 2554 ty-

1138 2570 1264 2607 ranno,
1287 2570 1402 2606 neque
1418 2556 1525 2594 modo
1540 2555 1699 2594 laborem
1719 2559 1891 2608 corporis,
1914 2561 2024 2598 animi
2044 2576 2120 2599 cru-

1139 2617 1272 2655 ciatum
1287 2617 1508 2666 doloresque,
1526 2617 1587 2654 sed
1606 2617 1710 2654 etiam
1727 2618 1845 2669 ipsum
1861 2633 1990 2671 corpus
2004 2623 2120 2671 affers,

1138 2688 1178 2716 ut
1195 2678 1282 2730 quid
1300 2678 1366 2716 tibi
1386 2678 1556 2729 amplius,
1577 2678 1685 2715 miser
1710 2687 1742 2716 et
1762 2679 1901 2730 infelix,
1933 2684 2121 2732 proveniat

1138 2755 1182 2779 ex
1194 2741 1262 2778 hac
1285 2739 1436 2777 barbara
1451 2739 1628 2777 servitute.
1648 2740 1728 2777 Non
1743 2740 1858 2788 vides,
1876 2755 1934 2779 eos
1951 2743 2010 2792 qui
2031 2758 2119 2794 quo-

1139 2800 1226 2839 tidie
1270 2799 1317 2837 ad
1348 2799 1509 2850 sepulcra
1551 2797 1780 2848 deferuntur,
1821 2802 2000 2851 quomodo
2030 2804 2119 2842 nudi

1139 2861 1314 2909 rebusque
1331 2858 1495 2896 omnibus
1515 2857 1675 2895 destituti
1686 2856 1740 2895 ‘ad
1764 2861 1925 2911 sepulcra
1940 2862 2121 2902 abducan-

1139 2931 1210 2970 tur,
1235 2919 1327 2957 nihil
1347 2933 1393 2956 ex
1406 2917 1607 2956 domesticis
1635 2918 1740 2956 rebus
1764 2933 1883 2958 secum
1903 2923 2040 2962 auferre
2058 2939 2121 2963 va-

1138 2983 1261 3030 lentes,
1276 2980 1337 3019 sed
1353 2989 1385 3018 et
1395 2994 1446 3028 ea,
1459 2979 1588 3030 quibus
1607 2979 1837 3030 amiciuntur,
1850 2983 1962 3021 vermi
1974 2985 2122 3024 afferen-

1141 3043 1220 3081 tes?
1238 3043 1311 3080 Hos
1323 3040 1481 3092 quotidie
1497 3040 1745 3092 contemplare,
1759 3050 1791 3079 et
1801 3042 1947 3081 fortasse
1966 3045 2121 3095 quiescet

1141 3104 1299 3152 morbus,
1319 3101 1388 3140 nisi
1407 3116 1452 3139 ex
1479 3100 1654 3138 sumtibus
1675 3100 1720 3138 ad
1750 3102 1923 3141 funeralia
1943 3105 2122 3158 deputatis

1086 1335 1110 1365 B

1090 2073 1113 2104 C

1142 3168 1254 3219 magis
1270 3165 1422 3204 insanire
1431 3164 1708 3217 deprehendaris
1718 3172 1733 3201 ἐ
1751 3166 1870 3216 gravis
1883 3168 2016 3221 quippe
2031 3184 2124 3208 mor·

1141 3231 1209 3268 bus
1225 3236 1290 3277 est,
1309 3225 1483 3277 aegritudo
1498 3224 1633 3276 ingens.
1652 3224 1735 3263 ideo
1752 3226 1789 3263 in
1803 3226 1952 3279 singulis
1970 3244 2124 3270 conven—

1142 3290 1240 3328 tibus
1264 3288 1330 3325 hac
1352 3285 1395 3323 de
1421 3299 1458 3323 re
1485 3284 1589 3323 vobis
1614 3284 1834 3336 disserimus,
1857 3302 1897 3326 ac
1926 3290 2124 3341 frequenter

1170 3408 1186 3432 b
1210 3405 1272 3450 [A‚
1291 3411 1322 3436 et
1339 3414 1444 3447 marg.
1463 3401 1562 3436 Savil.
1583 3405 1779 3448 περισκόπει]

1890 3460 1913 3494 ὲκ

1917 3460 1938 3496 ΛΝ
