2466 3805
628 263 668 291 IN
706 262 818 291 ACTA
854 258 1197 290 APOSTOLORUM.

83 349 226 400 Κύπρου
243 346 302 384 καὶ
320 343 529 396 Ἀντιοχείας
541 374 550 391 ,
570 343 689 394 μηδενὶ
704 345 886 386 λαλοῦντες
911 341 968 379 τὸν
984 340 1098 391 λόγον,

83 411 113 446 εἷ
130 407 177 459 μὴ
197 401 298 458 μόνον
317 405 509 449 Ἰουδαίοις.
522 404 630 456 Ὁρᾷς
644 434 653 451 ,
674 403 726 442 ὅτι
741 405 966 454 οἰκονομικῶς
984 401 1099 439 πάντα

82 469 200 520 γέγονε
216 467 260 505 τὰ
285 467 365 518 περὶ
382 465 572 520 Κορνήλιον
581 482 590 512 3
609 468 722 503 Τοῦτο
752 465 787 503 δὲ
811 464 869 502 καὶ
899 466 946 506 εἷς
974 463 1100 500 ἀπολο-

83 529 159 580 γίαν
188 532 247 566 τοῦ
265 530 416 581 Χριστοῦ
433 557 442 573 ,
457 527 516 564 καὶ
545 529 590 570 εἷς
610 526 821 577 κατηγορίαν
840 528 907 563 τῶν
923 524 1098 562 Ἰουδαίων

84 589 189 627 ἐστίν.
206 588 317 627 ΕϋΟτε
333 593 412 639 γοῦν
430 588 605 640 Στέφανος
625 586 774 638 ἀνῃρέθη
787 617 795 633 ,
817 586 874 624 ὅτε
894 587 1034 629 Παῦλος
1051 586 1100 628 δὶς

84 650 328 696 ἐκινδύνευσεν,
357 649 413 687 ὅτε
451 652 482 687 οἱ
515 648 701 687 ἀπόστολοι
735 646 1010 697 ἐμαστίχθησαν,
1044 645 1100 683 ὅτε

83 710 251 752 πολλάκις
272 709 464 755 ἠλάθησαν,
484 707 561 745 τότε
578 707 621 744 τὰ
653 707 732 752 ἔθνη
753 705 876 757 ἐδέχθη
889 736 898 752 ,
920 705 999 743 τότε
1022 706 1099 742 Σα-

87 776 262 820 μαρεῐται.
277 769 326 807 ’“Ὸ
342 769 400 807 καὶ
420 770 559 811 Παῦλος
580 770 644 820 βοᾷ
664 767 788 817 λέγων·
807 766 910 815 Ἵ“μῖν
932 760 973 811 ἦν
992 768 1099 814 ἀναγ-

85 837 180 868 καῖον
201 833 337 882 πρῶτον
352 832 545 876 λαληθῆναι
573 828 630 865 τὸν
646 828 745 878 λόγον
766 831 825 864 τοῦ
849 828 940 864 Θεοῦ
956 841 963 848 ·
980 826 1098 871 ἐπειδὴ

85 890 120 929 δὲ
137 891 152 910 ‘¹
164 894 357 929 ἀπωθεῖσθε
378 891 493 937 αὐτὸν,
509 890 567 927 καὶ
585 891 646 926 οὐκ
664 887 774 932 ἀξίους
789 885 923 938 κρίνετε
939 885 1078 928 ἑαυτοὺς
1089 916 1099 933 ,

86 951 156 990 ἰδοῦ
187 952 404 1004 στρεφόμεθα
440 953 487 993 εἷς
525 949 569 986 τὰ
597 948 687 994 ἔθνη.
721 947 934 1000 Περιῇεισαν
954 940 1010 983 οῦν
1041 945 1100 983 καὶ

85 1012 196 1050 ἔθνεσι
228 1012 474 1062 διαλεγόμενοι.
491 1003 608 1047 τΗσαν
635 1008 672 1046 δέ
695 1023 782 1049 τινες
800 1007 833 1050 ἐξ
854 1007 965 1042 αὐτῶν
981 1005 1101 1056 ἄνδρες

87 1074 236 1126 Κύπριοι
258 1073 316 1110 καὶ
347 1074 554 1123 Κυρηναῖοι,
578 1069 698 1111 οἵτινες
730 1067 882 1109 ἐλθόντες
906 1067 952 1108 εἷς
975 1065 1102 1103 Ἀντιό-

85 1151 197 1186 χειαν,
217 1134 359 1171 ἐλάλουν
379 1131 462 1181 πρὸς
479 1130 556 1173 τοὺς
576 1127 818 1175 Ἑλληνιστὰς,
839 1125 1101 1178 εὐαγγελιζόμε-

86 1211 137 1232 νοι
170 1195 226 1232 τὸν
257 1193 383 1244 Κύριον
404 1192 553 1236 Ἰησοῦν.
580 1190 650 1228 Καὶ
680 1184 722 1236 ἦν
758 1188 836 1241 χεὶρ
872 1187 1002 1239 Κυρίου
1026 1187 1101 1237 μετ’

86 1256 214 1299 αὐτῶν,
236 1252 342 1294 πολύς
364 1267 402 1289 τε
422 1251 566 1303 ἀριθμὸς
585 1249 775 1293 πιστεύσας
808 1247 1017 1300 ἐπέστρεψεν
1045 1246 1102 1283 ἐπὶ

86 1315 143 1352 τὸν
163 1313 288 1365 Κύριον
305 1315 453 1359 Ἰησοῦν.
476 1310 796 1363 ΘιΌραῇΈλλησιν
812 1309 1102 1360 εὐαγγελίζονται.

1239 255 1400 284 HOMIL.
1438 254 1550 285 XXV.

2064 252 2147 293 217

1170 351 1288 389 usque
1299 337 1351 374 ad
1364 336 1575 374 Phoenicen
1593 342 1629 371 et
1645 334 1816 384 Cyprum
1826 339 1863 368 et
1878 329 2149 375 Antiochiam,

1171 401 1316 436 nemini
1348 399 1545 450 loquentes
1576 397 1751 439 verbum,
1774 395 1849 430 nisi
1866 392 1958 429 solis
1989 391 2020 428 J
2019 391 2151 427 udoeis.

1170 459 1297 510 Vides,
1335 458 1516 510 quomodo
1563 455 1683 494 omnia
1711 454 1804 492 circa
1850 451 2054 490 Cornelium
2090 463 2152 501 per

1170 520 1469 574 dispensationem
1494 519 1586 556 faeta
1616 516 1716 554 sint?
1735 515 1812 552 Hoc
1833 522 1950 551 autem
1968 521 2001 549 et
2025 510 2070 549 ad
2090 510 2152 548 de-

1170 582 1363 619 fensionem
1391 580 1525 619 Christi
1547 588 1579 616 et
1599 578 1645 616 ad
1665 575 1923 615 accusationem
1943 573 2153 613 Judaeorum

1171 643 1313 679 confert.
1337 643 1458 692 Itaque
1495 654 1577 678 cum
1603 638 1804 689 Stephanus
1830 635 1965 674 occisus
1983 643 2053 683 est,
2071 646 2153 670 cnm

1172 703 1304 740 Paulus
1322 702 1378 739 bis
1396 711 1446 739 est
1461 700 1694 752 periclitatuS,
1717 712 1798 735 cum
1815 695 1965 748 apostoli
1985 693 2154 745 flagellati

1137 779 1142 784 ·
1171 772 1252 800 sunt
1270 793 1279 811 ,
1297 777 1378 800 cum
1404 762 1533 812 saepius
1551 760 1654 811 ejecti
1674 789 1685 805 ,
1704 768 1789 795 tunc
1823 766 1941 807 gentes
1954 786 1965 805 ,
1985 765 2070 793 tunc
2089 755 2154 792 Sa-

1171 823 1335 860 maritani
1354 821 1483 873 recepti
1504 829 1609 857 sunt:
1633 818 1728 869 quod
1749 828 1782 855 et
1798 818 1931 855 Paulus
1952 817 2080 854 clamat
2095 815 2154 852 di-

1172 895 1275 919 cens:
1301 884 1415 919 Vobis
1437 882 1635 932 oportebat
1661 881 1827 929 primum
1862 878 1967 927 loqui
1993 879 2156 913 verbum
2169 890 2239 917 Aa.
2263 883 2308 911 13.

1172 943 1249 979 Dei
1270 957 1281 977 :
1300 942 1368 979 sed
1380 943 1565 992 quoniam
1581 939 1767 989 repellitis
1789 937 1901 984 illud,
1924 945 1960 973 et
1977 937 2155 986 indignos
2169 934 2183 968 4

1173 1015 1246 1039 ‘vos
1272 1002 1461 1053 judicatis
1475 1029 1487 1045 ,
1511 1013 1596 1036 ecce
1630 1000 1891 1035 convertimur
1923 997 1976 1032 ad
2008 1004 2152 1047 gentes.

1173 1061 1397 1099 Circuierunt
1415 1060 1525 1111 igitur
1542 1089 1549 1105 ‚
1579 1067 1611 1095 et
1631 1066 1749 1109 gentes
1769 1056 2056 1106 alloquebantur.
2088 1057 2153 1093 ΞΟ.

1172 1123 1301 1159 Erant
1317 1130 1444 1159 autem
1457 1122 1616 1173 quidam
1635 1133 1765 1156 eorum
1779 1121 1859 1155 viri
1876 1119 2014 1168 Cyprii
2027 1125 2063 1154 et
2079 1117 2110 1154 C
2106 1131 2159 1164 y-

1171 1186 1302 1230 renoei,
1331 1186 1397 1235 qui
1412 1197 1498 1220 cum
1516 1184 1713 1219 venissent
1734 1180 2004 1225 Antiochiam,
2027 1179 2156 1229 loque-

1173 1247 1317 1282 bantur
1352 1245 1405 1282 ad
1427 1244 1604 1290 Graecos,
1625 1243 1905 1279 annuntiantes
1945 1241 2160 1276 Dominum

1171 1307 1320 1344 Jesum.
1344 1306 1406 1342 221.
1429 1306 1482 1342 Et
1501 1312 1582 1342 erat
1608 1316 1746 1340 manus
1777 1303 1938 1339 Domini
1954 1315 2040 1337 cum
2073 1303 2126 1337 eis
2149 1316 2158 1335 .-

86 1376 190 1418 Εἰκὸς
216 1375 282 1427 γὰρ
303 1373 425 1417 αὐτούς
444 1389 481 1411 τε
505 1374 625 1412 λοιπὸν
661 1371 787 1410 εἰδέναι
816 1370 1013 1418 ἑλληνιστὶ,
1045 1369 1104 1407 καὶ
1114 1396 1159 1420 201
1175 1367 1394 1418 multusque
1417 1379 1596 1403 numerus
1626 1365 1862 1401 credentium
1880 1375 2084 1399 conversus
2107 1370 2162 1398 est

87 1439 120 1474 ἐν
153 1435 344 1487 Ἀντιοχείᾳ
370 1434 542 1477 τοιούτους
565 1427 652 1471 εἶναι
677 1432 838 1475 πολλούς.
859 1431 929 1470 Καὶ
953 1426 994 1478 ἦν
1026 1430 1104 1483 χεὶρ
1127 1434 1152 1462 Α
1174 1428 1229 1465 ad
1242 1428 1455 1465 Dominum
1474 1427 1623 1464 Jesum.
1656 1424 1764 1472 Vide,
1785 1423 1921 1461 Graecis
1938 1421 2164 1472 evangelium

87 1498 233 1550 Κυρίου,
251 1496 356 1548 φησὶ,
377 1498 451 1546 μετ’
483 1497 610 1534 αὐτῶν·
628 1495 806 1539 τουτέστι,
833 1498 963 1543 σημεῖα
988 1491 1106 1545 εἰργά-

85 1560 191 1602 ζοντο.
208 1558 315 1610 εΟρᾷς
329 1557 385 1594 διὰ
403 1556 437 1593 τί
455 1557 514 1594 καὶ
529 1562 584 1595 νῦν
605 1559 627 1602 ἡ
647 1558 715 1593 τῶν
730 1553 883 1605 σημείων
897 1552 1031 1605 ἀνάγκη
1051 1551 1108 1603 γε’-

86 1634 195 1668 γονεν,
215 1617 271 1655 ἵνα
295 1617 547 1664 πιστεύσωσιν,
565 1616 743 1663 Ἠκούσθη
773 1615 807 1654 δὲ
833 1617 851 1652 ὃ
869 1615 969 1665 λόγος
989 1616 1035 1657 εἷς
1062 1613 1107 1652 τὰ

87 1671 161 1715 ὦτα
183 1679 244 1722 τῆς
270 1676 484 1721 Ἔκκλησίας
507 1679 570 1721 τῆς
599 1675 703 1721 οὔσης
725 1677 758 1712 ἐν
780 1673 1037 1725 Ἱεροσολύμοις
1062 1673 1106 1711 τὰ

89 1738 168 1789 περὶ
188 1740 312 1781 αὐτῶν,
333 1737 391 1774 καὶ
414 1736 657 1780 ἐξαπέστειλαν
676 1734 859 1786 Βαρνάὸαν
887 1736 1028 1773 διελθεῖν
1043 1734 1108 1778 ἕως

90 1798 309 1849 Ἀντιοχείας.
333 1797 380 1835 Τί
412 1796 540 1842 δήποτε
567 1795 730 1842 τοιαύτης
758 1795 890 1838 πόλεως
919 1796 1109 1847 δεχομένης

89 1860 145 1898 τὸν
175 1859 289 1910 λόγον,
315 1861 376 1896 οὐκ
406 1851 509 1903 ἦλθον
539 1856 655 1903 αὐτοὶ,
676 1855 765 1893 ἀλλὰ
799 1855 986 1908 Βαρνάὲαν
1017 1855 1108 1906 πέμ-

89 1936 215 1968 πουσι,
243 1920 311 1957 Διὰ
330 1918 408 1962 τοῦς
432 1917 630 1961 Ἰουδαίους.
662 1917 764 1963 Πλὴν
791 1919 828 1954 οὐ
857 1917 978 1968 μικρὸν
1000 1917 1040 1964 δή
1074 1933 1108 1955 τι

89 1984 319 2031 οἰκονομεῖται
340 1980 399 2038 καὶ
426 1979 515 2017 οὕτω
532 1979 570 2016 τὸ
589 1979 646 2017 τὸν
668 1979 807 2016 Παῦλον
833 1981 979 2016 ἐνταῦθα
999 1994 1110 2032 παρα-

89 2043 268 2094 γενέσθαι·
288 2041 364 2080 οὐδὲ
385 2042 503 2084 ἁπλῶς
517 2070 526 2086 ,
547 2040 636 2078 ἀλλὰ
658 2040 716 2077 καὶ
737 2040 868 2091 σφόδρα
884 2042 1110 2089 οἰκονομικῶς

92 2105 192 2142 αὖτὀν
213 2102 508 2154 ἀποστρέφονται,
525 2101 581 2139 ἵνα
606 2101 654 2150 μὴ
677 2102 912 2152 κατακλεισθῇ
941 2102 976 2138 ἐν
1005 2100 1109 2152 Ἱερο-

91 2164 253 2215 σολύμοις
270 2168 291 2210 ἦ
309 2163 404 2215 φωνὴ
424 2167 484 2200 τοῦ
509 2162 742 2214 κηρύγματος,
761 2166 782 2208 ἡ
805 2160 954 2208 σάλπιγξ
973 2164 1040 2198 τῶν
1054 2162 1110 2199 οὖ-

91 2228 214 2276 ρανῶν.
236 2220 332 2267 Εἶδες
348 2228 422 2267 πῶς
441 2228 621 2275 πανταχοῦ
645 2228 722 2265 ταῖς
751 2221 889 2264 κακίαις
920 2222 1033 2259 αὖτῶν
1061 2222 1110 2264 εἷς

89 2283 175 2331 δέον,
204 2284 263 2321 καὶ
291 2282 410 2335 ὥσπερ
430 2281 590 2319 ἐὲούλετο
619 2282 637 2299 *
655 2282 852 2331 [ἄνωθεν],
880 2281 1108 2333 ἀπεχρήσατο

87 2348 105 2382 ὁ
123 2345 290 2395 Χριστὸς,
306 2343 365 2380 καὶ
385 2346 434 2394 τῷ
455 2342 549 2391 μίσει
576 2345 624 2393 τῷ
640 2342 724 2393 πρὸς
744 2342 802 2380 τὸν
826 2343 966 2379 Παῦλον
987 2344 1033 2385 εἷς
1055 2345 1106 2380 οἷ-

1020 2403 1089 2417 'ets

86 2405 238 2456 κοδομὴν
263 2407 325 2450 τῆς
351 2404 420 2442 ἀπὸ
439 2407 506 2441 τῶν
541 2405 645 2441 ἐθνῶν
674 2403 906 2449 ἸΞκκλησίας,
937 2402 988 2441 Ἀ)
1057 2419 1108 2441 ιοε

87 2466 146 2504 καὶ
164 2470 282 2504 τοῦτον
314 2465 372 2503 τὸν
404 2464 515 2514 ἅγιον,
539 2464 597 2502 τὸν
618 2464 804 2516 Βαρνάὸαν
824 2463 936 2515 λέγω,
967 2467 1042 2507 πῶς
1067 2466 1105 2503 οὐ

86 2528 126 2566 τὸ
150 2530 252 2565 αὐτοῦ
272 2520 371 2573 εἶδεν,
391 2527 466 2563 ἀλλ’
486 2525 634 2579 ἔδραμεν
663 2527 710 2569 εἷς
724 2525 877 2577 Ταρσόν.
897 2524 965 2568 ζῸς
992 2541 1106 2577 παρα-

88 2588 286 2640 γενόμενος,
300 2587 359 2624 καὶ
378 2586 459 2624 ἰδὼν
475 2586 537 2633 τὴν
554 2587 656 2639 χάριν
678 2591 737 2624 τοῦ
759 2588 869 2633 Θεοῦ,
895 2586 1004 2638 ἐχάρη
1017 2616 1027 2634 ,
1046 2586 1106 2624 καὶ

87 2649 277 2701 παρεκάλει
292 2648 425 2690 πάντας
452 2650 494 2696 τῇ
514 2647 675 2700 προθέσει
702 2649 764 2692 τῆς
782 2645 926 2698 καρδίας
949 2646 1106 2700 προσμέ-

87 2724 154 2746 νειν
166 2712 215 2760 τῷ
231 2708 374 2761 Κυρίῳ,
389 2708 442 2745 ὅτι
458 2702 500 2754 ἦν
520 2707 608 2759 ἀνὴρ
625 2707 751 2759 ἀγαθὸς
767 2707 827 2744 καὶ
842 2706 979 2760 πλήρης
995 2707 1105 2745 Πνεύ-

88 2785 194 2819 ματος
216 2769 313 2820 ἁγίου
336 2770 395 2806 καὶ
413 2768 577 2811 πίστεως.
597 2768 667 2806 Καὶ
693 2767 885 2820 προσετέθη
905 2768 1007 2819 ὄχλος
1025 2770 1104 2806 ἱκα-

1177 1488 1400 1526 annuntiant.
1424 1486 1632 1526 Verisimile
1667 1494 1718 1523 est
1740 1485 1834 1522 enim
1852 1484 1933 1522 illos
1954 1484 2079 1522 Graece
2097 1482 2164 1519 sci-

1175 1551 1270 1590 visse
1285 1581 1296 1600 ,
1329 1560 1362 1588 et
1410 1549 1609 1588 Antiochiae
1655 1549 1786 1586 multos
1816 1548 1904 1585 tales
1948 1546 2070 1583 fuisse.
2111 1547 2164 1583 Et

1174 1621 1259 1650 erat
1277 1642 1288 1659 ,
1316 1611 1445 1662 inquit,
1462 1624 1599 1648 manus
1615 1611 1776 1647 Domini
1792 1623 1878 1646 cum
1898 1608 1979 1645 illis
1995 1623 2006 1656 3
2025 1606 2063 1643 id
2082 1615 2132 1643 est
2151 1636 2161 1654 ,

1175 1672 1275 1724 signa
1290 1672 1476 1710 faciebant.
1497 1670 1641 1718 Viden’,
1663 1684 1726 1708 cur
1746 1669 1851 1706 etiam
1873 1682 1967 1706 nunc
1982 1668 2166 1719 signorum

1175 1733 1362 1771 necessitas
1375 1732 1493 1780 fuerit,
1510 1741 1549 1769 ut
1568 1731 1748 1769 crederent
1769 1731 1786 1767 P
1810 1732 1872 1768 22.
1894 1731 2079 1767 Pervenit
2097 1742 2165 1765 au-

1178 1802 1252 1831 tem
1273 1807 1397 1831 sermo
1416 1794 1470 1830 ad
1482 1806 1594 1830 aures
1615 1792 1817 1837 Ecclesiae,
1843 1804 1929 1842 quoe
1944 1798 2027 1827 erat
2054 1790 2164 1826 Jero-

1177 1854 1355 1902 solymis,
1381 1868 1494 1905 super
1514 1856 1597 1890 istis
1619 1868 1629 1888 .·
1663 1861 1700 1889 et
1725 1854 1911 1889 miserunt
1937 1852 2166 1888 Barnabam

1178 1928 1297 1967 usque
1309 1915 1363 1951 ad
1370 1914 1640 1952 Antiochiam.
1668 1913 1740 1950 Cur
1755 1920 1850 1949 tanta
1862 1911 2004 1949 cixitate
2016 1910 2166 1948 verbum

1179 1974 1368 2026 recipiente
1393 1988 1462 2012 non
1481 1982 1653 2013 venerunt
1672 1972 1754 2023 ipsi,
1777 1971 1839 2009 sed
1857 1971 2061 2009 Barnaham
2091 1970 2165 2007 mi—

1178 2037 1332 2073 serunt?
1365 2037 1515 2088 Propter
1533 2034 1690 2074 Judaeos.
1716 2035 1855 2073 Verum
1878 2047 1948 2070 non
1965 2047 2077 2084 parva
2112 2046 2166 2070 res

1130 2106 1154 2134 Β
1178 2097 1237 2135 hic
1255 2098 1403 2148 geritur,
1424 2097 1513 2134 dum
1535 2096 1587 2134 sic
1608 2095 1742 2132 Paulus
1763 2095 1853 2132 istuc
1871 2094 2007 2132 accedit
2027 2110 2035 2130 :
2056 2108 2167 2144 neque

1177 2158 1252 2195 sine
1289 2173 1393 2196 causa
1410 2188 1421 2207 ,
1454 2157 1515 2194 sed
1547 2170 1627 2193 enm
1646 2169 1776 2206 magna
1808 2155 2032 2207 providentia
2063 2155 2167 2192 illum

1177 2228 1398 2267 aversantur,
1424 2232 1466 2255 ne
1488 2231 1562 2255 vox
1587 2215 1851 2268 praedicationis
1875 2216 2030 2266 tubaque
2058 2215 2166 2253 caelo-

1177 2294 1258 2317 rum
1282 2280 1514 2331 Jerosolymae
1535 2277 1792 2315 includeretur.
1813 2277 1960 2327 Viden’,
1986 2277 2165 2327 quomodo

1176 2340 1308 2391 ubique
1333 2340 1471 2378 malitia
1495 2353 1617 2376 eorum
1635 2369 1647 2388 ,
1676 2348 1714 2376 ut
1741 2353 1830 2390 opus
1855 2347 1942 2388 erat,
1973 2347 2007 2375 et
2026 2347 2064 2375 ut
2092 2339 2167 2390 ipse

1174 2402 1329 2452 volebat,
1352 2401 1517 2439 Christus
1537 2409 1715 2449 uteretur,
1730 2409 1835 2450 atque
1859 2399 1941 2437 odio
1961 2399 1997 2437 in
2013 2400 2166 2438 Paulum

1174 2463 1222 2501 ad
1235 2463 1510 2501 aedificationem
1526 2461 1695 2499 Ecclesiae
1716 2475 1760 2498 ex
1780 2461 1975 2512 gentibus?
1992 2461 2064 2500 Sed
2079 2461 2164 2500 vide

1174 2524 1270 2563 hunc
1289 2537 1429 2575 quoque
1447 2531 1620 2569 sanctum,
1643 2522 1846 2559 Barnabam
1859 2521 1939 2559 dico
1955 2552 1966 2571 ,
1986 2522 2164 2572 quomodo

1175 2600 1244 2623 non
1264 2599 1326 2623 sua
1354 2582 1534 2635 respiciat,
1553 2581 1615 2619 sed
1646 2591 1766 2619 currat
1800 2583 1972 2620 Tarsum.
1997 2583 2061 2620 25.
2088 2584 2164 2633 Qui

1175 2660 1262 2684 cum
1275 2648 1448 2683 venisset
1463 2673 1476 2694 ,
1504 2652 1539 2680 et
1569 2643 1731 2680 vidisset
1748 2646 1918 2694 gratiam
1933 2644 2032 2690 Dei,
2051 2646 2162 2694 gavi-

1174 2722 1238 2746 sus
1253 2716 1321 2754 est,
1336 2716 1373 2744 et
1386 2708 1497 2744 horta
1504 2708 1616 2742 batur
1630 2718 1760 2742 omnes
1776 2707 1817 2741 in
1832 2707 2026 2756 proposito
2037 2707 2163 2744 cordis

1171 2782 1399 2820 permanere
1416 2770 1458 2804 in
1470 2767 1644 2804 Domino
1664 2780 1674 2800 .·
1693 2765 1755 2802 94.
1785 2767 1879 2816 quia
1892 2773 1976 2802 erat
1996 2768 2062 2803 vir
2090 2768 2161 2803 bo-

86 2831 140 2873 νὸς
157 2834 206 2882 τῷ
234 2829 364 2882 Κυρίῳ.
386 2828 532 2875 Ἔξῆλθε
565 2828 601 2866 δὲ
626 2832 673 2872 εἷς
698 2829 838 2882 Ταρσὸν
871 2832 888 2866 ὁ
920 2829 1104 2880 Βαρνάὸας
1126 2843 1149 2873 C
1175 2843 1246 2867 nus
1262 2837 1298 2866 et
1314 2829 1452 2880 plenus
1471 2827 1615 2878 Spiritu
1628 2834 1764 2864 sancto
1780 2833 1817 2862 et
1825 2826 1924 2878 fide.
1940 2827 1994 2864 Et
2004 2829 2160 2878 apposi-

86 2893 300 2937 ἀναζητῆσαι
316 2892 469 2938 Παῦλον,
486 2891 546 2928 καί
560 2890 666 2943 εὑρὼν
683 2890 810 2941 ἤγαγεν
832 2890 932 2928 αὐτὸν
959 2893 1005 2934 εἷς
1027 2890 1100 2929 Ἀν-

85 2950 250 3001 τιόχειαν.
266 2951 363 2989 Πολὺ
382 2951 536 3004 χρηστὸς
549 2946 591 2998 ἦν
611 2955 628 2989 ὁ
646 2950 802 3004 ἀνὴρκαὶ
823 2951 954 3003 ἀφελὴς
967 2951 1027 2989 καὶ
1040 2956 1100 2990 τοῦ

87 3011 224 3048 Παύλου
241 3011 400 3057 συνήθης.
411 3013 474 3050 Διὸ
488 3013 546 3050 καὶ
560 3007 662 3059 ἦλθεν
679 3017 694 3032 ³
705 3012 762 3050 ἐπὶ
780 3012 837 3050 τὸν
861 3011 1027 3060 ἀθλητὴν,
1043 3012 1100 3050 ἐπὶ

85 3072 142 3108 τὸν
164 3071 368 3122 στρατηγὸν,
385 3073 442 3111 ἐπὶ
469 3073 526 3110 τὸν
551 3073 762 3125 μονομάχον,
792 3073 850 3111 ἐπὶ
881 3073 939 3111 τὸν
965 3072 1098 3111 λέοντα.

86 3132 161 3169 Οὐκ
180 3130 250 3182 ἔχω
274 3131 308 3168 τί
326 3131 425 3170 εἴπω.
446 3131 543 3171 (Ὀσα
560 3133 628 3185 γὰρ
649 3133 688 3171 ἂν
717 3133 824 3180 εἴπω,
843 3133 1011 3171 ἐλάττονα
1037 3135 1101 3179 τῆς

131 3247 143 3260 t
160 3236 252 3267 Unus
267 3240 317 3269 ὅτε
333 3241 390 3282 γὰρ
406 3241 557 3284 Στέφανος.

132 3287 175 3328 d[
192 3293 354 3321 ἀπωθεῖσθε
375 3291 592 3329 restituimus,
613 3289 806 3333 juvantibus
819 3292 857 3322 A.
879 3292 918 3323 B.
939 3291 978 3323 C.
994 3291 1035 3322 D.
1054 3298 1087 3323 et

90 3348 193 3380 marg.
214 3337 314 3369 Savil.
332 3338 421 3370 Editi
438 3341 612 3383 ἀπωθεῐτε.]

133 3396 143 3408 ²
161 3391 254 3428 Haec,
269 3395 338 3432 ὅρα·
356 3388 482 3428 fita-mm
498 3396 746 3435 εὐαγγελίζονται,
762 3392 882 3425 desunt
897 3393 930 3425 in
943 3405 1019 3427 uno-

135 3442 150 3459 *
168 3441 325 3484 [Ignorat
346 3452 445 3483 quam
470 3442 661 3476 inclusimus
683 3455 797 3477 vocem
822 3450 932 3480 ἄνωθεν
953 3447 1010 3487 1).,
1027 3457 1088 3479 nec

1174 2899 1214 2928 ta
1233 2898 1287 2928 est
1308 2890 1433 2927 multa
1450 2890 1562 2926 turba
1583 2889 1766 2925 Domino.
1785 2887 1850 2924 95.
1872 2888 2078 2939 Profectus
2103 2897 2159 2926 est

1171 2960 1300 2989 autem
1310 2952 1517 2988 Barnabas
1535 2950 1708 2994 Tarsum,
1730 2957 1771 2985 ut
1784 2957 1965 2999 quoereret
1979 2949 2156 2987 Saulum:

1171 3026 1282 3065 quem
1314 3026 1401 3050 cum
1421 3013 1650 3057 invenisset,
1684 3011 1866 3061 perduxit
1885 3009 2155 3049 Antiochiam.

1171 3073 1339 3125 Optimus
1376 3073 1432 3111 vir
1451 3080 1525 3110 erat
1552 3080 1585 3109 et
1604 3071 1757 3122 simplex
1770 3099 1780 3119 ,
1800 3079 1905 3121 atque
1923 3070 2034 3109 Paulo
2055 3072 2158 3110 fami-

1171 3133 1282 3171 liaris.
1303 3133 1386 3171 Ideo
1402 3134 1498 3172 venit
1512 3131 1560 3170 ad
1575 3131 1755 3179 athletam,
1776 3130 1822 3168 ad
1844 3130 1984 3178 ducem,
2014 3131 2059 3170 ad
2083 3139 2160 3171 mo—

1153 3242 1314 3282 expressit
1334 3251 1407 3272 eam
1427 3247 1520 3272 vetus
1540 3239 1720 3281 Interpres.
1739 3239 1777 3269 A.
1800 3237 1867 3270 Β...
1881 3242 1919 3276 εἰς
1942 3240 2006 3272 δέον
2025 3245 2074 3274 καὶ
2086 3243 2161 3285 ὑπὲρ

1153 3301 1206 3330 τῆς
1222 3297 1375 3331 ἐκκλησίας
1392 3298 1536 3335 κέχρηται
1553 3295 1567 3325 ὁ
1583 3301 1640 3331 xp.
1656 3300 1698 3333 τῷ
1719 3295 1811 3332 μίσει.
1828 3290 1867 3321 C.
1891 3294 1930 3328 εἰς
1945 3293 2009 3325 δέον
2025 3296 2072 3326 καὶ
2087 3294 2162 3337 ὑπὲρ

1155 3353 1207 3381 τῆς
1225 3347 1398 3382 δεσποτείας
1418 3348 1452 3382 ἦν
1468 3350 1577 3377 ταῦτα.
1596 3350 1638 3385 τῷ
1657 3342 1762 3384 μίσει.]

1200 3406 1213 3420 ³
1229 3394 1371 3438 [Verba,
1386 3401 1434 3430 ἐπὶ
1445 3400 1494 3429 τὸν
1511 3398 1655 3434 ἀθλητήν,
1670 3392 1790 3436 quibus
1806 3400 1922 3426 carent
1936 3393 2045 3436 Editi‚
2061 3407 2163 3439 agno.

1154 3456 1251 3482 scunt
1266 3446 1377 3481 Codd.
1395 3456 1525 3486 omnes,
1542 3452 1574 3478 et
1589 3443 1667 3488 legit
1685 3452 1776 3478 vetus
1791 3445 1989 3487 Interpres.]
