2466 3805
120 334 180 360 tur,
198 329 248 356 sed
265 327 305 355 di-

120 371 223 405 guitaS.

113 2387 224 2415 Ezech.
245 2385 296 2424 34.

320 223 377 268 56

317 318 519 370 susceperit.
534 319 636 357 Nunc
650 326 767 355 autem
779 317 875 356 velut
893 325 1052 353 externos
1068 314 1294 364 magistratus

317 379 409 417 illud
437 381 651 417 affectamus.
681 380 772 416 Nam
796 387 834 414 ut
859 376 969 426 gloria
988 385 1021 412 et
1039 375 1172 411 honore
1199 371 1294 423 apud

317 441 476 478 homines
499 440 715 485 afficiamur,
735 436 831 488 apud
858 438 974 473 Deum
998 434 1166 486 perimus,
1187 431 1296 477 Quod

316 500 459 537 honoris
480 498 642 536 lucrum?
658 511 765 547 quam
784 496 876 533 clare
898 495 1070 546 probatur
1086 493 1178 530 nihil
1193 493 1294 530 esse.⁰

317 559 467 605 Quando
480 557 714 595 sacerdotium
725 554 957 606 concupiscis,
976 567 1020 591 ex
1039 553 1188 590 adverso
1205 566 1296 604 pone

316 620 531 670 gehennam,
551 615 730 668 perpende
748 615 899 652 rationes
920 615 993 652 illic
1012 613 1211 652 reddendas
1227 629 1235 650 :
1251 628 1295 651 ex
1318 619 1341 649 C

314 679 465 716 adverso
481 691 569 728 pone
584 676 696 714 vitam
715 690 734 713 a
749 676 843 713 curis
865 675 1029 725 liberam,
1049 689 1140 727 pone
1157 674 1295 726 suppli-

314 736 359 773 cii
378 749 589 772 mensuram.
607 734 786 780 Quoniam
803 734 831 772 si
846 734 1017 786 privatim
1043 747 1176 785 pecces,
1203 733 1297 771 nihil

312 796 382 833 tale
412 809 579 847 passurus
603 809 639 833 es
665 811 673 831 τ
696 795 726 832 si
750 809 834 832 vero
863 794 1023 832 sacerdos
1049 795 1115 843 sis,
1146 794 1293 846 periisti.

315 855 457 907 Cogita,
481 864 611 905 quanta
632 869 776 907 passus,
797 864 926 905 quauta
952 855 1176 906 philosophia
1207 868 1292 891 usus

313 916 359 953 sit
391 917 554 967 Moyses,
578 924 707 965 quanta
737 915 941 953 exhibuerit
976 915 1081 964 bona,
1113 924 1147 952 et
1177 924 1293 952 tamen

315 976 410 1027 quod
437 991 548 1013 unum
580 986 762 1028 peccatum
791 976 994 1017 admiserit,
1017 976 1141 1014 acerbe
1166 977 1294 1028 plexus

315 1048 383 1087 est,
400 1052 440 1076 ac
459 1038 584 1075 merito
603 1053 611 1073 τ
633 1038 799 1088 quoniam
823 1037 859 1074 id
882 1052 962 1074 cum
983 1037 1133 1074 aliorum
1155 1038 1293 1088 jactura

314 1100 446 1137 factum
474 1108 536 1136 est.
564 1100 689 1148 Itaque
717 1098 894 1150 graviores
927 1112 1047 1149 poenas
1078 1098 1190 1145 dedit,
1223 1111 1293 1135 non

314 1159 410 1209 quod
425 1159 542 1211 palam
557 1159 689 1196 factum
705 1159 749 1196 sit
762 1189 772 1207 ,
788 1157 849 1196 scd
869 1157 966 1208 quod
994 1157 1183 1195 sacerdotis
1210 1172 1293 1209 pec-

313 1229 430 1257 catum
454 1229 555 1258 esset.
580 1220 660 1256 Non
679 1219 772 1257 enim
790 1219 869 1270 pari
884 1218 990 1256 modo
1017 1217 1204 1269 plectimur
1228 1232 1294 1269 pro

313 1280 505 1317 manifestis
532 1288 566 1316 et
589 1293 654 1330 pro
681 1279 840 1316 occultis.
864 1280 1052 1316 Peccatum
1079 1278 1173 1315 enim
1199 1278 1293 1316 idem

312 1348 383 1389 est,
403 1353 505 1391 poena
527 1353 596 1376 non
619 1338 760 1387 eadem3
780 1339 851 1375 imo
870 1352 913 1376 ue
936 1347 1121 1390 peccatum
1149 1338 1294 1388 quidem

313 1408 365 1437 est
385 1399 503 1436 idem:
522 1413 634 1449 neque
653 1399 747 1436 enim
771 1398 865 1436 idem
891 1408 957 1443 est,
979 1399 1114 1436 occulte
1132 1414 1291 1451 peccare,

312 1468 345 1496 et
356 1460 475 1511 palam
490 1459 526 1496 id
540 1460 683 1497 audere.
698 1459 876 1511 Episcopo
892 1468 1010 1497 autem
1023 1459 1185 1497 nonlicet
1201 1460 1292 1498 clam

311 1535 465 1573 peccare.
483 1521 689 1573 Optandum
706 1521 801 1559 enim
825 1521 879 1558 illi
896 1531 985 1559 esset
1001 1535 1069 1558 non
1089 1531 1292 1573 peccantem

311 1595 331 1619 a
347 1582 654 1620 criminationibus
682 1582 826 1620 liberari
834 1598 843 1631 3
866 1591 1004 1620 tantum
1021 1583 1119 1620 abest
1145 1593 1183 1620 ut
1205 1598 1292 1635 pec-

311 1656 392 1680 cans
422 1643 459 1681 id
487 1644 610 1696 possit.
634 1644 674 1683 Si
695 1643 868 1681 irascatur
881 1674 890 1691 ,
909 1644 937 1681 si
954 1642 1085 1691 rideat,
1106 1644 1135 1681 si
1154 1645 1213 1681 vel
1231 1659 1292 1696 per

311 1717 473 1742 somnum
508 1705 661 1755 quietem
682 1714 840 1757 expetat,
862 1705 966 1743 multi
991 1705 1161 1743 conviciis
1181 1706 1292 1743 inces-

309 1775 405 1815 sunt,
427 1766 530 1803 multi
546 1767 776 1804 offenduntur
789 1797 798 1814 ,
818 1767 922 1804 multi
939 1767 1032 1818 leges
1045 1767 1291 1818 praescribunt,

310 1826 414 1863 multi
436 1826 571 1878 priscos
590 1835 752 1878 repetunt
772 1826 958 1875 memoria,
983 1836 1016 1864 et
1034 1828 1197 1878 przesenti
1224 1828 1287 1865 im-

308 1896 497 1938 properant
521 1903 529 1922 :
551 1887 688 1937 hocque
715 1887 865 1935 faciunt,
885 1901 954 1924 non
982 1887 1078 1938 quod
1102 1887 1182 1925 illos
1207 1888 1288 1926 lau-

308 1947 411 1996 dare,
431 1947 491 1984 sed
511 1947 607 1997 quod
625 1947 722 1984 hunc
737 1947 898 1985 mordere
917 1947 1049 1997 velint,
1067 1948 1289 2001 coepiscopos

308 2017 342 2046 et
365 2009 588 2061 presbyteros
612 2017 855 2045 memorantes.
876 2009 1002 2056 Dulce,
1023 2008 1136 2058 aiunt,
1151 2009 1290 2049 bellum

308 2069 514 2121 inexpertis.
530 2069 605 2106 Hoc
624 2078 657 2106 et
669 2083 764 2106 nunc
783 2068 900 2106 dicere
914 2084 980 2121 par
995 2079 1068 2119 εει,
1090 2070 1162 2107 imo
1185 2070 1290 2108 etiam

308 2130 462 2168 dicimus
492 2139 678 2180 antequam
708 2129 745 2166 in
769 2139 945 2167 certamen
977 2130 1178 2179 veniamu53
1211 2146 1291 2169 cum

310 2200 427 2228 autem
439 2205 478 2228 eo
489 2191 667 2238 venimus,
683 2204 753 2228 non
767 2205 788 2227 a
801 2190 910 2240 vulgo
931 2191 1188 2241 cognoscimur.
1210 2192 1292 2230 7Non

311 2261 362 2290 est
379 2252 473 2289 enim
487 2252 562 2303 jam
588 2251 689 2288 nobis
710 2251 846 2288 bellum
876 2260 995 2288 contra
1022 2265 1079 2288 eos
1093 2281 1102 2295 ,
1126 2251 1187 2301 qui
1205 2267 1291 2303 pau-

311 2327 409 2366 peres
428 2313 654 2365 opprimunt‚
676 2326 786 2362 neque
801 2325 942 2363 gregem
961 2311 1184 2350 defendimus
1194 2328 1205 2362 3
1230 2313 1291 2351 sed

312 2383 350 2412 ut
366 2383 522 2426 pastores
535 2373 589 2410 illi
603 2374 648 2410 ab
666 2372 849 2410 Ezechiele
867 2371 1073 2419 memorati,
1095 2382 1291 2411 mactamus

312 2444 345 2472 et
359 2434 582 2473 devoramus.
604 2432 694 2479 Quis
720 2441 878 2470 nostrum
900 2441 1033 2469 tantam
1052 2446 1174 2470 euram
1187 2433 1291 2470 exhi-

311 2497 371 2534 bet
389 2496 481 2533 circa
491 2508 612 2545 greges
633 2493 785 2538 Christi,
799 2502 967 2544 quantam
980 2493 1090 2533 Jacob
1109 2494 1199 2531 circa
1214 2508 1292 2545 gre-

312 2571 372 2609 ges
402 2556 565 2593 Labani?
596 2555 675 2605 quis
707 2554 904 2592 describere
930 2555 1040 2606 possit
1079 2564 1292 2593 nocturnum

312 2618 421 2670 gelu?
441 2618 494 2655 Ne
510 2616 601 2653 mihi
615 2616 749 2653 dixeris
762 2616 952 2668 pervigilia
968 2625 1171 2667 tantamque
1190 2617 1292 2654 exhi-

311 2680 423 2717 bitam
435 2691 570 2716 curam.
587 2678 719 2714 Totum
732 2676 841 2727 igitur
855 2676 1069 2714 contrarium
1084 2686 1145 2714 est.
1160 2678 1292 2716 Consu-

313 2740 361 2777 les
375 2749 408 2777 et
426 2737 581 2790 praefecti
602 2751 671 2774 non
693 2745 790 2774 tanto
808 2737 975 2773 fruuntur
994 2737 1139 2785 honore,
1160 2748 1292 2788 quanto

314 2801 343 2838 is
361 2800 423 2851 qui
442 2808 567 2851 praeest
587 2797 766 2836 Ecclesiae.
784 2797 824 2836 Si
846 2797 881 2834 in
904 2797 1038 2848 regiam
1057 2797 1289 2849 ingrediatur,

313 2861 391 2912 quis
417 2861 555 2913 primus
578 2859 657 2897 est?
677 2858 707 2896 si
725 2857 820 2909 apud
852 2867 1028 2895 matronas
1042 2888 1051 2903 ,
1069 2859 1098 2895 si
1117 2860 1153 2896 in
1172 2874 1295 2912 proce-

312 2937 392 2960 rum
425 2922 538 2969 aedes,
562 2934 664 2958 nemo
692 2920 744 2957 illi
771 2919 1006 2971 anteponitur.
1030 2920 1158 2957 Omnia
1183 2922 1296 2973 perie-

315 2992 396 3020 runt
411 2992 443 3021 et
461 2991 626 3034 corrupta
639 2990 732 3019 sunt.
745 2980 830 3019 Haec
844 2980 936 3030 dico,
947 2995 1017 3019 non
1031 2990 1070 3018 ut
1083 2996 1148 3020 vos
1162 2983 1298 3034 pudore

766 240 805 269 S.

362 3121 379 3145 b
403 3121 483 3160 Quae
499 3125 678 3161 sequuntur
702 3119 816 3150 vitiata
840 3116 928 3160 apud
951 3117 1066 3153 Morel.
1081 3129 1119 3150 ex
1145 3118 1268 3151 Savilio
1286 3127 1320 3151 et

317 3184 356 3204 ex
371 3171 603 3212 Manuscriptis
617 3170 769 3202 restituta
787 3177 875 3204 sunt.
894 3171 935 3202 In
951 3169 1206 3212 Morehquippe
1223 3182 1319 3203 voces

318 3222 468 3266 quaedam
487 3221 743 3263 substituuntur,
753 3233 825 3264 quae
841 3223 958 3253 seriem
973 3220 1126 3260 turbant,
1138 3221 1207 3253 aliae
1221 3223 1321 3254 omis-

318 3286 360 3307 sae
388 3284 486 3305 voces
513 3273 640 3305 hiatum
668 3273 799 3306 efficere
828 3272 993 3307 videntur.
1020 3272 1178 3316 [Cod.D.
1197 3278 1271 3308 ὥστε
1288 3279 1319 3308 οὐ

319 3337 430 3371 rapu...
459 3331 646 3371 ἁμάρτημα,
673 3332 813 3367 μειζόνως
844 3330 1033 3370 ἐτιμωρεῖτο.
1063 3326 1116 3356 Ita
1141 3324 1318 3368 Commel.]

363 3390 375 3402 c
400 3379 494 3418 Haec,
512 3383 558 3411 καὶ
583 3384 677 3411 ταῦτα
702 3384 830 3419 ποιοῦσι,
849 3375 964 3410 desum
983 3379 1013 3410 in
1029 3376 1129 3410 Savil.
1153 3385 1185 3409 et
1202 3379 1233 3410 in
1251 3390 1317 3410 uno

842 237 1025 269 Jomms
1060 235 1299 265 cuflrsosr.
1341 235 1544 264 ARCHIEP.
1583 235 1940 267 coxsumusor.

1366 313 1485 365 ὥσπερ
1502 314 1564 356 τὰς
1583 314 1705 358 ἔξωθεν
1725 316 1835 368 ἀρχὰς
1846 346 1855 364 ,
1872 317 1962 355 οὕτω
1979 317 2038 355 καὶ
2052 317 2181 364 ταύτην
2197 317 2380 369 διώκομεν.

1365 370 1442 409 Ἵνα
1471 373 1538 425 γὰρ
1569 374 1799 425 δοξασθῶμεν,
1823 377 1880 414 ἵνα
1905 381 2106 428 τιμηθῶμεν
2124 378 2220 429 παρὰ
2246 377 2382 428 ἀνθρώ-

1366 449 1464 480 ποις,
1480 435 1703 484 ἀπολλύμεθα
1718 436 1814 488 παρὰ
1831 441 1880 488 τῷ
1897 440 1989 491 Θεῷ.
2007 438 2054 475 Τί
2072 439 2110 476 τὸ
2125 439 2244 491 κε’ρόος
2257 442 2318 484 τ’ἦς
2331 454 2381 475 τι·

1369 498 1456 543 μῆςς
1471 498 1544 537 ’.τῶς
1564 496 1772 545 ε’λήλεγκται
1791 497 1886 535 οὐδὲν
1902 492 2009 544 οἶσα;
2025 498 2138 536 ”Οταν
2165 499 2382 549 ἐπιθυμήσης

1367 555 1554 607 ἱερωσύνης
1577 586 1587 603 ,
1608 556 1811 603 αντίστησον
1835 559 1897 604 την
1913 558 2071 607 γέενναν,
2093 560 2297 606 ἀντίστησον
2320 560 2382 602 τὰς

1368 615 1505 659 εὐθύνας
1524 617 1584 659 τὰς
1612 619 1699 663 ἐκεῖ,
1720 617 1921 665 ἁντίστησον
1953 619 2010 656 τὸν
2045 620 2250 672 ἀπράγμονα
2290 620 2381 671 βίον,

1368 676 1572 722 αντίστησον
1584 681 1646 723 τῖς
1664 678 1839 722 κολάσεως
1855 679 1894 716 τὸ
1910 678 2050 732 μέτρον·
2070 680 2122 717 ὅτι
2141 680 2204 718 κᾶν
2223 681 2384 731 ἁμάρτῃς

1367 736 1458 774 κατὰ
1477 738 1613 781 σαυτὸν,
1636 740 1729 775 οὐδὲν
1749 739 1851 790 πείσῃ
1871 745 2042 777 τοιοῦτον·
2072 740 2111 777 ἂν
2130 739 2165 778 δὲ
2184 739 2292 792 ἱερεὺς
2316 740 2382 788 ὢν,

1368 798 1561 840 ἀπόλωλας.
1585 799 1785 846 ’1Ξννοήσον,
1811 800 1875 837 ὅσα
1902 800 2100 851 ὑπέμεινεν,
2127 801 2191 839 ὅσα
2222 801 2383 852 ἐφιλοσό-

1367 874 1472 910 φησεν
1507 863 1524 898 ὃ
1566 862 1742 908 Μωϋοῆς,
1768 861 1832 899 ὅσα
1863 862 2058 905 ἓπεῖείξατο
2082 862 2214 914 ἀγαθά·
2241 862 2299 900 καὶ
2327 860 2383 899 ἵνα

1371 920 1406 956 ἓν
1441 921 1580 971 ἁμάρτῃ
1605 921 1798 972 ἁμάρτημα
1831 922 1946 971 μόνον,
1964 920 2144 966 ἐκολάζετο
2163 926 2312 974 πικρῶς·
2335 924 2384 960 εἷ-

1366 979 1486 1022 κότως.
1514 981 1614 1018 Μετὰ
1635 981 1702 1032 γὰρ
1731 984 1793 1026 τῆς
1820 986 1887 1019 τῶν
1913 983 2025 1020 ἄλλων
2044 983 2169 1033 ζημίας
2200 988 2301 1021 τοῦτο
2321 984 2381 1033 γέ-

1366 1056 1462 1090 γονεν
1478 1057 1485 1063 ·
1505 1040 1613 1079 Ι’ὥστε
1637 1041 1840 1093 πικρότερον
1863 1043 2065 1091 ἐκολάζετο,
2100 1046 2137 1080 οὐ
2161 1046 2210 1095 τῷ
2233 1045 2382 1096 ,φανερὸν

1365 1101 1545 1152 γενέσθαι,
1565 1102 1654 1139 ἀλλὰ
1668 1102 1726 1139 καὶ
1747 1105 1796 1154 τῷ
1816 1102 1933 1154 ἱερέως
1952 1098 2039 1141 εἶναι
2055 1104 2094 1142 τὸ
2110 1104 2303 1157 ἁμάρτημα
2316 1120 2324 1127 ·
2347 1107 2384 1142 οὗ

1365 1160 1427 1206 τὴν
1456 1161 1559 1207 αὐτὴν
1590 1162 1657 1215 γὰρ
1689 1162 1858 1215 τιμωρίαν
1881 1164 2042 1214 διδόαμεν
2067 1168 2133 1202 τῶν
2152 1181 2189 1202 τε
2207 1168 2385 1216 φανερῶν,

1367 1221 1426 1259 καὶ
1443 1225 1510 1259 τῶν
1541 1222 1653 1274 λάθρα
1686 1223 1991 1276 ἁμαρτανομένων.
2008 1223 2053 1262 εΗ
2070 1224 2131 1274 μὲν
2146 1224 2212 1276 γὰρ
2232 1224 2388 1277 ἁμαρτία

1366 1285 1387 1328 ἡ
1410 1282 1554 1329 ocor-ks&
1576 1283 1611 1320 δὲ
1638 1283 1746 1334 ζημία
1771 1286 1836 1336 οὐχ
1865 1288 1886 1330 ἡ
1918 1284 2025 1332 αὐτὴ,
2059 1287 2188 1334 μᾶλλον
2210 1285 2245 1322 δὲ
2265 1285 2339 1323 οὐδὲ
2363 1289 2385 1332 ἡ

1367 1344 1539 1396 ἁμαρτία·
1561 1345 1597 1381 οὗ
1611 1344 1678 1397 γάρ
1699 1346 1772 1382 ἐστι
1793 1346 1831 1382 τὸ
1862 1344 1956 1391 αὐτὸ,
1974 1345 2187 1383 λανθάνοντα
2216 1346 2274 1383 καὶ
2302 1361 2386 1398 κρυ-

1365 1404 1535 1454 πτόμενον
1558 1405 1783 1457 ἁμαρτάνειν,
1805 1406 1864 1443 καὶ
1884 1409 2050 1458 φανερῶς.
2066 1407 2136 1444 Τὸν
2151 1406 2186 1445 δὲ
2200 1406 2385 1445 ἐπίσκοπον

1365 1467 1426 1502 οὐκ
1451 1466 1499 1503 ἔνι
1519 1466 1632 1519 λάθρα
1652 1466 1878 1517 ἁμαρτάνειν.
1898 1466 2092 1517 Ἀγαπητὸν
2111 1466 2178 1520 γὰρ
2200 1466 2247 1517 μὴ
2269 1468 2385 1519 ἆμαρ·

1364 1527 1510 1564 τάνοντα
1532 1529 1777 1577 ἀπαλλαγῆναι
1802 1527 2044 1577 ἐγκλημάτων,
2067 1528 2115 1578 μή
2135 1544 2169 1564 τι
2197 1543 2235 1579 γε
2270 1528 2386 1580 ἁμαρ-

1364 1587 1520 1625 τάνοντα.
1538 1587 1612 1625 Κᾶν
1629 1589 1790 1638 ὀργισθῇ,
1807 1587 1870 1625 κᾶν
1884 1588 2015 1640 γελάσῃ
2028 1617 2037 1634 ,
2058 1587 2122 1625 κᾶν
2143 1588 2290 1632 ἀνέσεως
2303 1589 2386 1640 ὄναρ

1364 1648 1562 1698 ἐπιθυμήσῃ
1574 1678 1583 1695 ,
1600 1648 1724 1685 πολλοὶ
1737 1651 1767 1685 οἳ
1787 1648 2023 1694 σκώπτοντες,
2041 1649 2164 1686 πολλοὶ
2183 1652 2214 1686 οἱ
2236 1650 2387 1687 σκανδα-

1362 1709 1547 1760 λιζόμενοι,
1555 1710 1676 1748 πολλοὶ
1688 1713 1718 1747 οἱ
1726 1714 1998 1760 νομοθετοῦντες,
2010 1711 2132 1748 πολλοὶ
2143 1712 2173 1747 οἱ
2185 1714 2252 1748 τῶν
2265 1710 2387 1762 προτέ-

1365 1786 1430 1821 ρων
1453 1770 1686 1821 μεμνημένοι,
1704 1770 1763 1808 καὶ
1794 1771 1850 1808 τὸν
1871 1771 2028 1822 παρόντα
2055 1771 2272 1815 κακίζοντες·
2303 1773 2386 1809 εκαὶ

1362 1834 1472 1869 ταῦτα
1483 1835 1652 1878 ποιοῦσιν,
1678 1834 1739 1870 οὐκ
1758 1831 1904 1874 ἐκείνους
1924 1831 2143 1882 ἐγκωμιάσαι
2164 1832 2385 1882 βουλόμενοι,

1364 1892 1451 1929 ἀλλὰ
1471 1897 1588 1930 τοῦτον
1606 1893 1734 1940 δακεῖν,
1753 1896 1821 1930 τῶν
1849 1892 2122 1940 συνεπισκόπων,
2143 1896 2210 1930 τῶν
2231 1894 2387 1944 πρεσὸυ-

1362 1952 1470 2004 τέρων
1486 1953 1713 2003 μεμνημένοι.
1727 1953 1859 1995 Γλυκῦς
1875 1957 1891 1990 ὃ
1907 1953 2057 2003 πόλεμος
2075 1953 2242 2006 ἀπείροις,
2260 1954 2275 1974 ‘¹
2286 1955 2384 2005 φησί.

1363 2014 1476 2052 Τοῦτο
1491 2014 1550 2051 καὶ
1564 2019 1621 2052 νῦν
1640 2014 1782 2066 ἁρμόζει
1798 2013 1910 2065 λέγειν
1922 2030 1929 2036 ·
1953 2015 2084 2063 μᾶλλον
2106 2014 2140 2051 δὲ
2159 2014 2217 2052 καὶ
2235 2014 2382 2066 λέγομεν

1362 2075 1429 2126 πρὸ
1448 2078 1506 2112 τοῦ
1523 2079 1740 2121 καταστῆναι
1762 2076 1808 2117 εἷς
1827 2075 1883 2112 τὸν
1905 2076 2043 2126 ἀγῶνα·
2065 2074 2152 2124 μετὰ
2181 2074 2217 2112 δὲ
2248 2075 2286 2113 τὸ
2317 2078 2379 2125 ἒμ-

1364 2135 1486 2180 ὅῆναι,
1507 2135 1581 2173 οὐδὲ
1601 2137 1698 2181 δῆλοι
1710 2136 1875 2187 γινόμεθα
1891 2141 1961 2177 τοῖς
1973 2137 2123 2179 πολλοῖς.
2144 2135 2274 2188 Οὐγάρ
2293 2137 2385 2173 ἔστιν

1363 2197 1447 2245 ἡμῖν
1467 2200 1525 2233 νῦν
1544 2196 1696 2245 πόλεμος
1716 2196 1801 2247 πρὸς
1819 2195 1894 2238 τοὺς
1922 2195 2282 2239 καταδυναστεύοντας
2313 2198 2381 2234 τῶν

1364 2256 1533 2303 πενήτων,
1553 2255 1630 2294 οὐδὲ
1649 2261 1708 2294 τοῦ
1726 2255 1887 2306 ποιμνίου
1915 2258 2146 2306 προπολεμεῖν
2168 2257 2362 2308 ἀνεχόμεθα
2375 2273 2382 2280 ·

1366 2316 1455 2354 ἀλλὰ
1477 2317 1566 2354 κατὰ
1586 2316 1663 2360 τοὺς
1703 2316 1871 2366 ποιμένας
1894 2316 2044 2359 ἐκείνους
2060 2315 2138 2359 τοὺς
2164 2318 2198 2353 ἐν
2218 2319 2267 2367 τῷ
2285 2316 2384 2360 Ἰεζε-

1364 2375 1463 2423 κιὴλ,
1491 2375 1686 2427 σφάττομεν
1704 2376 1762 2412 καὶ
1793 2375 2029 2426 κατεσθίομεν.
2049 2375 2114 2418 Τίς
2133 2378 2232 2426 ἡμῶν
2258 2376 2385 2414 ἐπιδεί-

1364 2452 1484 2473 κνυται
1502 2435 1671 2482 τοσαύτην
1699 2436 1861 2487 φροντίδα
1888 2436 1968 2488 περὶ
1987 2436 2030 2473 τὰ
2059 2435 2204 2485 ποίμνια
2221 2440 2280 2473 τοῦ
2296 2438 2386 2489 Χρι-

1364 2500 1444 2535 στοῧ
1457 2526 1466 2543 ,
1487 2496 1568 2542 ὅσην
1589 2496 1668 2548 περὶ
1686 2496 1729 2533 τὰ
1748 2496 1894 2547 ποίμνια
1912 2501 1971 2534 τοῦ
1988 2497 2110 2534 Αάὸαν
2128 2500 2145 2534 ὃ
2161 2496 2310 2544 Ἰακώὸ;
2333 2497 2384 2540 τίς

1365 2557 1504 2595 δύναται
1539 2557 1849 2610 ἀπαριθμήσασθαι
1878 2557 2027 2607 παγετὸν
2053 2556 2188 2604 νυκτός;
2221 2557 2283 2604 Μὴ
2318 2558 2385 2608 γάρ

1365 2635 1422 2669 μοι
1448 2618 1509 2661 τὰς
1530 2618 1741 2669 παννυχίδας
1773 2619 1890 2669 εἴπης,
1926 2618 1984 2657 καὶ
2005 2618 2066 2664 τὴν
2084 2617 2256 2664 τοσαύτην
2284 2623 2386 2671 θερα-

1363 2679 1479 2717 πείαν.
1500 2681 1578 2716 Πᾶν
1596 2678 1657 2729 μὲν
1676 2673 1731 2716 οἶν
1752 2679 1960 2717 τούναντίον.
1986 2679 2166 2730 ε’Υτιαρχοι
2185 2679 2244 2716 καὶ
2261 2680 2388 2731 τοπάρ-

1364 2756 1425 2791 χαι
1444 2742 1505 2777 οὐκ
1525 2738 1735 2777 ἀπολαύουσι
1754 2739 1924 2785 τοσαύτης
1945 2743 2049 2789 τιμῆς
2062 2769 2071 2786 ,
2093 2738 2174 2784 ὅσης
2194 2741 2211 2776 ὃ
2227 2743 2287 2785 τῆς
2306 2739 2389 2777 Ἔκ-

1366 2800 1510 2847 κλησίας
1538 2800 1667 2851 ἄρχων.
1689 2799 1748 2838 Ἂν
1769 2803 1801 2838 ἐν
1824 2800 2009 2850 βασιλείοις
2028 2799 2117 2851 εἰσίῃ
2130 2829 2139 2846 ,
2159 2799 2211 2842 τίς
2232 2803 2387 2852 πρῶτος;

1368 2861 1407 2898 ἂν
1427 2861 1524 2913 παρὰ
1539 2860 1703 2912 γυναιξὶν,
1725 2861 1765 2897 ἂν
1786 2860 1881 2912 παρὰ
1895 2867 1971 2903 ταῖς
1986 2860 2109 2904 οἰκίαις
2122 2864 2189 2898 τῶν
2212 2861 2387 2911 μεγάλων,

1369 2922 1477 2964 οὐδεὶς
1506 2921 1619 2973 ἕτερος
1650 2923 1753 2958 αὐτοῦ
1785 2920 2048 2972 προτετίμηται.
2074 2920 2248 2959 Ἀπόλωλε
2274 2921 2389 2960 πάντα

1370 2985 1430 3022 καὶ
1451 2983 1663 3036 διέφθαρται.
1684 2983 1806 3019 Ταῦτα
1826 2983 1891 3032 οὐχ
1910 2984 2000 3031 ὑμᾶς
2018 2985 2250 3034 καταισχῦναι
2272 2982 2391 3032 βουλό-

1385 3118 1484 3155 cod„
1511 3117 1568 3150 sed
1586 3116 1749 3149 habentur
1773 3118 1807 3148 in
1832 3115 1902 3148 aliis
1926 3115 2049 3154 Codd.‚
2069 3124 2102 3148 et
2128 3115 2214 3148 lecta
2242 3123 2318 3148 sunt
2348 3115 2390 3147 ab

1386 3172 1538 3202 Erasmo.

1429 3223 1446 3247 d
1469 3223 1562 3254 Unus
1577 3220 1690 3253 Codex
1708 3227 1740 3252 et
1755 3218 1856 3251 Savil.
1876 3219 1909 3249 in
1927 3230 2030 3261 marg.
2052 3224 2132 3264 φησί.
2148 3222 2264 3260 μᾶλλον
2285 3220 2315 3250 δὲ
2332 3224 2389 3257 νῦν,

1385 3277 1448 3308 0332:
1469 3279 1550 3316 μετὰ
1567 3279 1600 3307 τὸ
1621 3277 1737 3311 ἐκὲἥναι
1755 3275 1839 3309 δῆλος
1856 3279 1914 3308 τοῖς
1931 3275 2059 3308 πολλοῖς.
2074 3274 2105 3303 05
2121 3276 2179 3313 γάρ
2196 3275 2272 3302 ἐστιν
2295 3274 2393 3308 αὐτοῖς

1385 3330 1531 3369 πόλεμος,
1543 3329 1623 3359 ἀλλὰ.
1634 3331 1714 3359 κατὰ
1733 3326 1810 3361 τοὺς.
1829 3321 1944 3364 [Paulo
1958 3329 2033 3353 ante
2052 3321 2161 3362 verba,
2177 3328 2236 3354 τῶν
2250 3337 2390 3356 omen...

1385 3382 1579 3420 μεμνημένοι,
1598 3375 1715 3409 desunt
1733 3375 1829 3415 iun„
1842 3381 1873 3406 et
1891 3373 2022 3406 inclusit
2037 3371 2214 3414 Commot]
