2502 3810
738 323 780 352 ΙΝ
816 299 956 353 ΕΡΙὸΤ..
998 323 1054 351 ΑΒ
1090 322 1197 353 Rom.
1238 323 1391 353 nomn„
1431 325 1575 354 xxvlt.

97 400 157 440 καὶ
181 403 241 448 τῆς
269 402 520 453 παρακλήσεως
550 404 617 440 τῶν
638 404 785 455 Γραφῶν
800 405 861 451 τὴν
879 404 1002 442 ἐλπίδα
1021 404 1114 454 ἔχω-

99 479 176 513 μεν.
195 462 396 508 Τουτέστιν,
419 462 474 501 ἵνα
493 462 540 512 μὴ
562 463 780 514 ἐκπέσωμεν.
816 465 978 502 Ποικίλοι
999 463 1064 515 γὰρ
1085 465 1115 501 οἵ

96 525 225 572 ἀγῶνες
240 523 377 570 ἔσωθεν,
399 522 533 571 ἔξωθεν,
560 525 615 561 ἵνα
636 525 852 576 νευρούμενοι
871 525 929 562 καὶ
949 540 1113 576 παρακα-

96 583 255 633 λούμενοι
274 583 370 636 παρὰ
386 587 453 622 τῶν
475 587 635 636 Γραφῶν,
651 585 826 636 ὑπομονὴν
848 585 1115 634 ἐπιδειξώμεθα,

96 643 153 681 ἵνα
175 645 208 681 ἓν
232 647 388 696 ὑπομονῇ
419 647 559 690 ζῶντες,
593 644 749 696 μένωμεν
787 645 844 683 ἐπὶ
875 647 936 690 τῆς
967 644 1115 686 ἐλπίδος.

97 705 219 742 Ταῦτα
237 704 303 757 γὰρ
322 706 481 751 ἀλλήλων
497 705 569 742 ἐστὶ
587 705 908 749 κατασκευαστικὰ,
922 709 943 751 ἡ
962 704 1116 755 ὑπομονὴ

97 767 159 811 τ’ἧς
173 765 321 811 ἐλπίδος,
334 769 355 812 ἧ
369 766 466 809 ἐλπὶς
481 768 542 811 τῆς
557 768 731 816 ὑπομονῆς
740 782 747 788 ·
760 766 848 819 ἅπερ
860 766 1039 817 ἀμφότερα
1051 765 1119 802 ἀπὸ

96 825 164 862 τῶν
177 826 326 877 Γραφῶν
345 826 488 875 γίνεται.
509 820 599 864 Εἶτα
615 825 719 863 πάλιν
734 827 780 869 εἷς
794 826 900 877 εὐχὴν
919 825 1120 878 περιτρέπει
1144 827 1169 855 D

97 885 154 923 τὸν
171 886 287 937 λόγον,
308 886 417 937 λέγων
433 902 440 909 ·
456 886 500 925 ‘O
518 886 552 923 δὲ
573 886 661 929 Θεὸς
691 889 753 932 τῆς
778 889 954 936 ὑπομονῆς
973 886 1032 923 καὶ
1058 888 1121 931 τῆς

98 946 351 998 παρακλήσεως
371 947 441 998 δῴη
461 950 543 998 ὑμῖν
559 946 599 984 τὸ
627 947 708 984 αὐτὸ
728 953 861 997 φρονεῖν
881 948 914 983 ἐν
938 946 1118 992 ἀλλήλοις,

97 1007 188 1045 κατὰ
203 1007 355 1058 Χριστὸν
371 1008 516 1054 Ἰησοῦν.
535 1006 680 1053 Ἐπειδὴ
696 1006 763 1057 γὰρ
781 1000 856 1044 εἷπε
872 1005 915 1043 τὰ
934 1006 1018 1058 παρ’
1037 1009 1118 1043 ἑαυ-

97 1070 156 1105 τοῦ
173 1097 182 1114 ,
210 1068 269 1105 καὶ
287 1067 331 1105 τὰ
352 1067 589 1118 ὑποδείγματα
606 1066 762 1117 ἐπήγαγε
779 1069 836 1104 τοῦ
858 1067 1010 1117 Χριστοῦ
1024 1096 1034 1113 ,
1060 1065 1119 1103 καὶ

97 1127 160 1172 τὴν
178 1127 246 1165 ἀπὸ
278 1130 347 1164 τῶν
371 1129 518 1179 Γραφῶν
545 1126 739 1178 προσέθηκε
761 1126 967 1177 μαρτυρίαν,
985 1125 1120 1168 δεικνὺς

94 1186 150 1224 ὅτι
171 1187 259 1237 μετὰ
293 1189 360 1224 τῶν
386 1189 536 1240 Γραφῶν
561 1187 622 1224 καὶ
652 1186 750 1228 αὐτὸς
781 1185 885 1223 πάλιν
909 1185 1028 1224 δίδωσι
1057 1186 1119 1233 τὴν

97 1247 288 1298 ὑπομονήν.
316 1247 384 1286 Διὰ
399 1252 500 1286 τοῦτο
519 1247 649 1298 ἔλεγεν,
660 1247 706 1285 tO
730 1245 764 1284 δὲ
784 1248 872 1290 Θεὸς
902 1250 964 1291 τῆς
983 1249 1120 1297 ὑπομο-

97 1312 159 1355 νῆς
173 1309 232 1347 καὶ
253 1312 315 1356 τῆς
331 1309 585 1361 παρακλήσεως
618 1308 688 1360 δῴη
720 1311 799 1358 ὑμῖν
819 1309 859 1346 τὸ
879 1308 961 1346 αὐτὸ
988 1315 1121 1360 φρονεῖν

99 1369 135 1404 ἐν
153 1367 313 1413 ἀλλήλοις
324 1398 332 1414 ,
349 1367 439 1405 κατὰ
454 1367 604 1416 Χριστὸν
619 1366 767 1412 Ἰησοῦν.
790 1368 904 1404 Τοῦτο
919 1366 986 1418 γάρ
1001 1372 1014 1387 ²¹
1029 1369 1121 1404 ἐστιν

99 1427 239 1477 ἀγάπης
251 1456 260 1474 ,
293 1428 310 1466 ὃ
329 1426 408 1479 περὶ
423 1430 543 1466 ἑαυτοῦ
556 1442 607 1470 τις
622 1433 756 1479 φρονεῖ,
773 1430 873 1464 τοῦτο
888 1427 946 1465 καὶ
967 1427 1047 1478 περὶ
1063 1432 1122 1465 τοῦ

98 1488 218 1525 ἄλλον.

154 1730 244 1774 Εἶτα
264 1736 366 1774 πάλιν
389 1735 537 1784 δεικνὺς,
554 1736 606 1774 ὅτι
631 1739 696 1788 οὐχ
716 1737 834 1780 ἁπλῶς
852 1738 989 1788 ἀγάπην
1009 1740 1121 1785 ζητεῖ,
1160 1761 1169 1772 ,

102 1797 271 1848 ἐπήγαγε,
295 1796 394 1835 Κατὰ
409 1798 559 1848 Χριστὸν
577 1799 729 1845 Ἰησοῦν·
750 1798 767 1836 ὃ
797 1803 977 1850 πανταχοῦ
1004 1805 1119 1844 ποιεῖ,

102 1857 222 1904 ἐπειδή
240 1858 386 1896 ἐστικαὶ
415 1859 514 1910 ἑτέρα
542 1858 676 1909 ἀγάπη.
699 1859 767 1897 Καὶ
794 1859 828 1896 τί
857 1860 895 1897 τὸ
923 1859 1040 1912 κέρδος
1062 1863 1123 1906 τῆς

101 1918 324 1970 συμφωνίας,
346 1918 421 1956 Ἵνα
450 1919 683 1969 ὁμοθυμαδὸν,
709 1919 825 1970 φησὶν,
845 1921 877 1957 ἓν
895 1919 944 1957 ἑνὶ
976 1919 1123 1970 στόματι

101 1979 266 2025 δοξάζητε
283 1980 339 2017 τὸν
356 1980 445 2018 Θεὸν
465 1980 525 2017 καὶ
540 1979 684 2030 Πατέρα
705 1984 763 2018 τοῦ
784 1979 910 2033 Κυρίου
940 1983 1038 2030 ἡμῶν
1054 1979 1124 2027 Ἰη-

103 2043 162 2077 σοῦ
198 2042 360 2091 Χριστοῦ.
386 2043 461 2078 Οὐκ
494 2034 586 2078 εἶπεν
618 2042 753 2088 ἁπλῶς,
772 2041 834 2079 Ἐν
871 2040 919 2078 ἑνὶ
955 2040 1122 2091 στόματι,

104 2099 195 2137 ἀλλὰ
215 2100 273 2138 καὶ
293 2107 356 2152 μιᾶΙ
374 2102 470 2153 ψυχῇ
487 2104 587 2139 τοῦτο
602 2108 711 2140 ποιεῖν
733 2100 920 2139 ἐκέλευσεν.
941 2095 1040 2144 Εἶδες
1053 2104 1126 2144 πῶς

102 2160 141 2197 τὸ
159 2164 260 2210 σῶμα
285 2161 418 2207 ἥνωσεν
435 2161 540 2209 ἅπαν,
556 2161 615 2198 καὶ
638 2164 711 2205 πῶς
729 2161 785 2199 τὸν
802 2161 903 2212 λόγον
924 2161 1127 2200 κατέκλεισε

101 2220 206 2257 πάλιν
238 2223 284 2263 εἰς
315 2221 531 2274 δοξολογίαν,
552 2221 660 2260 (Ὀθεν
687 2222 745 2260 καὶ
775 2222 888 2274 ἐνάγει
909 2223 1060 2272 μάλιστα
1079 2225 1127 2266 εἷς

2081 312 2168 373 793

1190 404 1320 455 scripta
1336 413 1428 453 sunt,
1440 414 1479 442 ut
1498 419 1560 443 nos
1579 405 1772 443 imitemur.
1791 405 1858 443 Hic
1874 405 1953 443 illos
1973 406 2020 444 ad
2034 407 2169 458 patien-

1190 462 1274 499 tiam
1293 463 1327 500 in
1345 465 1596 503 tentationibus
1618 465 1733 503 munit
1750 465 2026 518 deincepsznam
2048 466 2095 504 ait
2108 482 2115 502 .·
2129 468 2165 504 4.

1194 524 1450 576 Quoecumque
1458 529 1599 577 scripta
1608 528 1766 573 sunt‚ad
1773 535 1942 564 nostram
1954 527 2170 565 doctrinam

1188 586 1331 634 scripta
1357 594 1470 629 sunl‚·
1487 595 1529 623 ut
1550 601 1619 637 per
1634 590 1865 638 patientiam
1885 598 1920 626 et
1940 590 2170 626 consolatio-

1190 658 1276 680 nem
1295 646 1578 696 Scripturarum
1599 661 1702 698 spem
1728 650 1938 687 habeamus
1946 666 1960 694 ,·
1977 650 2014 687 id
2033 660 2099 699 est,
2129 664 2172 687 ne

1188 703 1518 744 excidamus.Varii
1535 707 1711 757 siquidem
1727 718 1807 746 sunt
1819 723 1957 760 agones,
1968 711 2063 748 intus
2076 720 2109 748 ct
2118 712 2173 747 fo-

1191 763 1253 809 ris,
1266 773 1304 801 ut
1316 765 1470 803 roborati
1487 775 1519 803 et
1534 767 1769 805 consolatione
1785 780 1925 821 accepta
1941 785 2004 822 per
2016 771 2175 823 Scriptu-

1191 838 1259 873 ras,
1271 825 1477 876 patientiam
1494 827 1794 875 exhibeamus3ut
1810 830 1845 867 in
1866 831 2033 881 patientia
2048 832 2174 871 viven-

1192 893 1257 934 tes,
1283 900 1488 925 maneamus
1505 888 1541 925 in
1561 903 1634 940 spe.
1662 890 1755 926 Nam
1783 890 1858 928 haec
1873 905 1891 928 a
1909 906 1944 929 se
1965 902 2089 930 mutuo
2118 908 2174 945 gc-

1190 955 1369 994 nerantur,
1379 947 1549 998 patientia
1564 963 1581 985 a
1595 963 1668 1000 spe,
1682 963 1759 1000 spes
1770 965 1790 987 a
1802 952 1972 1002 patientia
1986 968 1993 988 :
2005 967 2083 1003 quae
2096 968 2172 991 am·

1190 1005 1236 1042 bo
1255 1020 1275 1042 a
1295 1006 1488 1058 Scripturis
1507 1018 1708 1046 nascuntur.
1732 1010 1868 1048 Deinde
1883 1027 2009 1050 rursus
2028 1013 2074 1051 ad
2090 1028 2172 1051 ora-

1191 1065 1322 1103 tionem
1342 1080 1537 1105 sermonem
1557 1070 1745 1119 convertit,
1769 1070 1888 1109 dicens
1903 1088 1910 1108 :
1925 1073 1961 1110 5.
1984 1075 2092 1112 Deus
2108 1089 2176 1112 αιι-

1192 1133 1268 1162 tem
1280 1129 1480 1177 patientiae
1496 1137 1532 1165 et
1549 1129 1684 1166 solatii
1703 1132 1767 1167 det
1794 1133 1905 1169 vobis
1923 1133 2089 1183 idipsum
2115 1147 2177 1171 sa-

1190 1200 1280 1237 pere
1289 1189 1331 1224 in
1345 1189 1588 1239 alterutrum,
1599 1193 1809 1230 secundum
1820 1194 1851 1230 J
1849 1206 1953 1230 esum
1969 1195 2176 1232 Christum.

1194 1247 1288 1293 Quia
1311 1248 1405 1286 enim
1422 1264 1501 1301 quae
1520 1265 1584 1288 sua
1603 1261 1699 1289 erant
1718 1251 1872 1300 dixeiat,
1894 1253 2028 1292 Christi
2057 1270 2180 1294 exem-

1194 1307 1254 1359 pla
1281 1308 1447 1360 subjecit,
1473 1310 1713 1349 testimonium
1747 1327 1792 1350 ex
1820 1313 2015 1365 Scripturis
2044 1316 2178 1365 attulit,

1195 1368 1382 1406 ostendens
1417 1384 1453 1407 se
1490 1385 1571 1408 cum
1604 1372 1799 1424 Scripturis
1834 1373 1940 1411 etiam
1973 1374 2180 1426 patientiam

1195 1429 1293 1467 dare.
1311 1429 1393 1467 Ideo
1407 1430 1680 1470 dicebatzDeus
1706 1442 1835 1471 autem
1846 1437 2047 1485 patientiae
2063 1445 2100 1474 et
2115 1451 2181 1474 so-

1198 1490 1298 1536 latii,
1316 1492 1379 1528 det
1407 1494 1518 1529 vohis
1547 1494 1710 1544 idipsum
1726 1508 1859 1545 sapere
1873 1496 1914 1531 in
1931 1496 2175 1543 alterutrum,

1196 1550 1404 1588 secundum
1434 1553 1629 1590 Christum
1644 1554 1790 1592 Jesum.
1808 1554 1884 1592 Hoc
1903 1555 1996 1592 enim
2017 1565 2068 1594 est
2082 1556 2178 1595 dile-

1196 1611 1339 1662 ctionis,
1361 1621 1400 1650 ut
1421 1613 1517 1664 quod
1536 1612 1580 1651 de
1604 1614 1716 1666 seipso
1736 1615 1851 1665 sentit,
1870 1615 2026 1668 idipsum
2042 1617 2087 1655 de
2106 1618 2177 1657 alia

1196 1673 1333 1712 sentiat.

1247 1735 1282 1771 5.
1304 1734 1442 1773 Deinde
1462 1746 1501 1774 ut
1523 1737 1683 1776 ostendat
1701 1752 1737 1776 se
1762 1752 1831 1776 non
1857 1738 2065 1792 simpliciter
2090 1740 2176 1780 dile-

1193 1794 1345 1832 ctionem
1359 1810 1525 1847 quaercre,
1541 1798 1736 1849 subjungit,
1752 1800 1967 1837 Secundum
1986 1802 2182 1839 Christum

1195 1856 1329 1893 Jesum
1359 1872 1370 1892 .·
1395 1857 1492 1907 quod
1521 1859 1654 1908 ubique
1684 1859 1782 1908 facit,
1807 1860 1976 1910 quoniam
1999 1862 2099 1899 aliud
2131 1872 2182 1899 est

1193 1913 1396 1951 dilectionis
1422 1928 1546 1965 genus.
1576 1916 1623 1953 Et
1643 1916 1822 1967 quodnam
1840 1927 1891 1955 est
1908 1918 2180 1979 concordiae‘lu-

1197 1985 1295 2009 crum
1312 1973 1328 2009 ἶ)
1349 1974 1388 2011 6.
1419 1975 1469 2010 Ut
1488 1977 1744 2021 unanimiter,
1775 1975 1902 2025 inquit,
1922 1990 1999 2013 uno
2019 1991 2082 2014 ore
2100 1978 2181 2029 glo-

1196 2035 1230 2069 ri
1248 2036 1355 2072 zcetis
1373 2035 1498 2071 Deum
1517 2043 1554 2071 et
1573 2037 1735 2078 Patrem
1753 2037 1914 2073 Domini
1942 2041 2063 2075 nostri
2087 2039 2183 2076 Jesu

1197 2095 1355 2133 Christi.
1371 2096 1448 2133 Non
1465 2095 1561 2134 dixit
1574 2095 1701 2145 solum,
1716 2099 1802 2135 Uno
1814 2111 1890 2143 ore,
1910 2097 1971 2135 sed
1985 2107 2016 2135 et
2029 2113 2097 2136 una
2108 2099 2182 2136 ani-

1196 2169 1254 2192 ma
1269 2155 1335 2193 hoc
1354 2156 1429 2194 fieri
1442 2157 1559 2208 jussit.
1580 2157 1710 2196 Viden'
1730 2158 1906 2208 quomodo
1926 2167 2039 2196 totum
2052 2174 2180 2212 corpus

1197 2217 1434 2268 conjunxerit,
1467 2227 1500 2255 et
1531 2217 1709 2267 quomodo
1741 2233 1884 2256 rursum
1915 2233 2111 2257 sermonem
2141 2221 2179 2258 in

101 2280 261 2330 ὁμόνοιαν
280 2282 338 2319 καὶ
354 2281 569 2334 συμφαηίαν,
594 2276 684 2320 Εἶτα
703 2282 806 2320 πάλιν
823 2285 972 2322 ἐντεῦθεν
990 2287 1051 2329 τῆς
1068 2286 1186 2329 αῧ-Ἱῃ
1198 2278 1494 2329 glorificationem
1514 2279 1753 2318 concluserit?
1768 2280 1874 2317 Unde
1893 2280 2117 2332 potissimum
2133 2281 2180 2319 ad

101 2345 162 2388 τῆς
181 2343 418 2394 παραινέσεως
437 2343 555 2395 ἔχεται
577 2342 705 2395 λέγων·
728 2344 792 2382 Διὸ
814 2343 1126 2396 προσλαμὸάνεσθε
1151 2342 1177 2370 Α
1198 2353 1408 2377 consensum
1428 2349 1462 2377 et
1477 2339 1702 2378 concordiam
1718 2340 1866 2379 inducit.
1882 2341 2020 2379 Deinde
2039 2356 2182 2380 rursum

102 2403 272 2448 ἀλλήλους
286 2433 294 2450 ,
315 2404 428 2446 καθὼς
444 2403 534 2442 καὶὸ
551 2405 701 2456 Χριστὸς
714 2404 950 2456 προσελάέετο
969 2407 1058 2454 ὑμᾶς
1081 2406 1126 2449 εἷς

105 2461 203 2506 δόξαν
217 2465 320 2501 Θεοῦ.
333 2463 446 2501 Πάλιν
466 2464 505 2501 τὸ
523 2464 750 2517 παράδειγμα
765 2464 906 2512 ἄνωθεν,
926 2465 984 2503 καὶ
998 2466 1036 2503 τὸ
1051 2465 1127 2517 κέρ-

102 2522 156 2565 δος
173 2522 320 2574 ἄφατον·
343 2524 495 2573 μάλιστα
519 2524 586 2576 γὰρ
608 2525 665 2562 τὸν
694 2525 784 2563 Θεὸν
805 2529 905 2564 τοῦτο
925 2524 1056 2570 δοξάζει
1087 2527 1126 2564 τὸ

103 2583 386 2636 συμπεφράχθαι.
407 2584 522 2622 “sterce
544 2584 607 2622 κᾶν
631 2587 744 2636 ἀλγῶν
760 2585 847 2637 ὑπὲρ
864 2589 966 2623 αὑτοῦ
983 2587 1127 2624 διαστα-

101 2643 223 2695 σιάζῃς
237 2644 321 2695 πρὸς
339 2643 396 2681 τὸν
416 2643 575 2696 ἀδελφὸν,
596 2645 758 2691 ἐννοήσας
776 2645 828 2682 ὅτι
851 2645 1048 2688 καταλύσας
1063 2645 1125 2692 τὴν

100 2704 206 2757 ὀργὴν
227 2705 282 2742 τὸν
312 2704 493 2750 Δεσπότην
521 2720 580 2742 σου
617 2704 786 2750 δοξάζεις,
820 2704 882 2742 κᾶν
906 2706 954 2756 μὴ
983 2705 1039 2742 διὰ
1070 2706 1126 2744 τὸν

101 2765 260 2816 ἀδελφὸν,
280 2765 325 2801 δι’
346 2765 430 2802 αὐτὸ
445 2768 526 2815 γοῦν
547 2769 646 2803 τοῦτο
661 2765 921 2817 καταλλάγηθι·
944 2768 1074 2816 μᾶλλον
1091 2766 1127 2804 δὲ

101 2824 159 2863 διὰ
179 2829 278 2863 τοῦτο
298 2827 448 2877 πρῶτον.
468 2826 538 2863 Καὶ
557 2825 625 2878 γὰρ
642 2829 660 2863 ὁ
680 2826 830 2878 Χριστὸς
855 2830 954 2864 τοῦτο
978 2827 1048 2864 ἄνω
1068 2826 1126 2864 καὶ

101 2885 198 2924 κάτω
218 2885 374 2938 στρέφει,
394 2886 452 2923 καὶ
486 2888 536 2938 τῷ
569 2886 685 2937 Πατρὶ
722 2886 960 2938 διαλεγόμενος
993 2886 1126 2936 ἔλεγεν·

103 2945 166 2984 Ἐν
179 2948 290 2999 τούτῳ
307 2947 498 2997 γνώσονται
517 2947 666 2993 πάντες,
689 2946 741 2985 ὅτι
773 2947 812 2985 σύ
836 2963 879 2998 με
901 2947 1127 2995 ἀπέστειλας,

106 3005 164 3043 ἐὰν
188 3000 276 3044 ὦσιν
291 3007 339 3044 ἕν.
361 3007 570 3058 Πειθώμεθα
584 3007 709 3055 τοίνυν,
722 3008 782 3046 καὶ
800 3008 1030 3058 συνάπτωμεν
1052 3011 1128 3045 ἑαυ-

104 3065 181 3108 τοὸς
207 3067 379 3112 ἀλλήλοις.
402 3067 575 3106 Ἐνταῦθα
610 3069 676 3120 γὰρ
711 3068 824 3106 οὐκέτι
849 3068 928 3111 τοὺς
958 3071 1128 3115 ἀσθενεῖς,

108 3124 198 3162 ἀλλὰ
211 3125 340 3169 πάντας
368 3126 536 3179 διεγείρει.
556 3127 630 3166 Κᾶν
649 3128 816 3179 βούληταί
845 3145 896 3172 τις
924 3131 1131 3181 ἀπορραγῆ-

106 3184 164 3222 ναί
198 3200 277 3232 σου,
316 3185 363 3236 μὴ
394 3188 453 3224 καὶ
486 3188 527 3226 σὺ
562 3191 783 3241 ἀποῤῥαγῇς,
817 3190 905 3241 μηδὲ
933 3191 972 3228 τὸ
998 3191 1130 3242 ψυχρὸν

108 3247 217 3283 ἐκεῖνο
232 3244 356 3297 φθέγξῃ
375 3249 488 3297 ῥῆμα,
506 3247 563 3287 ἐὰν
581 3250 663 3301 φιλῇ
683 3265 743 3300 με,
762 3251 870 3302 φιλῶ·
892 3250 952 3288 ἐὰν
976 3250 1023 3301 μὴ
1046 3253 1128 3302 φιλῇ

151 3402 163 3415 ³
187 3391 273 3423 Atius
290 3396 366 3426 ἐστιν
381 3399 494 3435 ἀγάπη.

1198 2400 1235 2437 in
1265 2399 1386 2437 eadem
1411 2399 1659 2438 adhortatione
1684 2400 1813 2452 pergit,
1845 2400 1992 2439 dicens:
2012 2402 2048 2439 7.
2082 2404 2181 2439 Pro-

1194 2470 1340 2512 pterea,
1362 2463 1541 2513 suscipite
1561 2475 1631 2499 vos
1653 2469 1799 2507 mutuo,
1829 2464 1927 2499 sicut
1946 2471 1982 2500 et
2003 2463 2181 2500 Christus

1197 2524 1360 2572 suscepit
1375 2535 1447 2559 vos
1463 2523 1516 2559 ad
1528 2521 1692 2573 gloriam
1708 2522 1797 2558 Dei.
1821 2523 1958 2559 Rursus
1977 2523 2179 2574 exemplum

1198 2594 1218 2618 a
1237 2581 1398 2632 supernis
1421 2581 1535 2627 ducit,
1568 2589 1601 2618 et
1618 2581 1797 2618 ineffabile
1822 2580 1962 2618 lucrum
1981 2597 1989 2618 :
2006 2596 2088 2620 nam
2111 2583 2179 2620 hoc.

1197 2642 1355 2680 maxime
1373 2643 1490 2678 Deum
1507 2641 1694 2692 glorificat,
1719 2640 1814 2690 quod
1834 2641 1901 2678 hoc
1922 2655 2089 2679 consensu
2117 2656 2180 2679 nos

1199 2713 1323 2741 mutuo
1343 2703 1557 2740 muniamus.
1578 2703 1701 2752 Itaque
1719 2703 1858 2741 etiamsi
1881 2702 2004 2741 dolens
2028 2719 2093 2756 pro
2112 2705 2179 2742 hac

1198 2778 1234 2801 re
1256 2778 1276 2801 a
1302 2764 1409 2800 fratre
1427 2762 1626 2810 dissentias,
1655 2762 1812 2813 cogitans
1835 2771 1868 2800 te
1890 2764 1917 2800 si
1942 2763 2030 2801 iram
2057 2764 2180 2801 dimit-

1197 2832 1262 2873 tas,
1282 2823 1478 2861 Dominum
1498 2831 1596 2860 tunm
1619 2822 1832 2873 glorificare,
1856 2823 1993 2861 etiamsi
2014 2837 2081 2861 non
2098 2837 2182 2876 pro-

1199 2893 1278 2937 pter
1292 2885 1450 2931 fratrem,
1466 2892 1611 2935 propter
1626 2883 1694 2920 hoc
1710 2883 1827 2934 ipsum
1843 2884 2068 2922 reconciliare
2085 2900 2092 2920 z
2111 2885 2182 2921 imo

1200 2954 1344 2997 propter
1375 2945 1443 2981 hoc
1475 2944 1593 2995 ipsum
1620 2943 1748 2995 primo.
1788 2944 1881 2982 Nam
1909 2944 1976 2982 hoc
2017 2945 2181 2982 Christus

1200 3019 1337 3056 semper
1356 3018 1415 3042 sus
1434 3003 1550 3053 deque
1566 3012 1695 3051 versat,
1716 3012 1749 3040 et
1772 3004 1913 3041 Patrem
1932 3005 2115 3054 alloquens
2131 3004 2182 3041 di-

1202 3066 1301 3103 cebat
1318 3081 1325 3101 :
1343 3068 1391 3102 In
1414 3067 1486 3102 hoc
1505 3072 1734 3115 cognoscent
1753 3077 1897 3110 omnes,
1927 3066 2031 3116 quod
2058 3074 2098 3102 tu
2125 3079 2183 3104 me
2196 3078 2286 3106 Juan.
2315 3087 2358 3118 ¹7·

1205 3129 1364 3173 miseris,
1387 3128 1419 3164 si
1430 3127 1581 3177 fuerint
1601 3138 1730 3162 unum.
1749 3125 2041 3176 Obtempercmus
2058 3127 2181 3178 igitur,
2200 3128 2249 3147 ²¹·

1205 3202 1238 3227 et
1256 3203 1318 3227 nos
1340 3197 1464 3226 mutuo
1483 3188 1686 3238 jungamus.
1719 3186 1787 3224 Hic
1806 3187 1898 3224 enim
1924 3201 1996 3225 non
2021 3188 2096 3240 jam
2127 3189 2184 3227 in-

1205 3251 1325 3288 firmos
1354 3258 1505 3297 tantum,
1542 3247 1604 3286 sed
1631 3261 1749 3286 omnes
1773 3248 1920 3287 excitat.
1943 3248 1989 3286 Et
2010 3250 2039 3286 si
2058 3250 2138 3300 quis
2167 3265 2187 3288 a
