2502 3810
797 353 834 363 ι..

872 334 945 363 ,ῘΟᾹ
956 334 978 362 Ν
988 334 1055 363 le
1094 331 1331 363 CHRYSOST.

797 340 815 359 J

347 323 437 381 794

344 423 374 449 te
399 411 551 450 discindi
574 412 705 463 cupiat,
734 426 775 449 ne
798 413 1012 451 discindaris
1030 423 1083 461 tu,
1115 427 1228 463 neque
1257 412 1326 463 boc

340 473 513 523 frigidum
551 472 697 510 verbum
748 473 906 523 proferas
936 474 1005 512 :Si
1039 488 1094 511 me
1125 473 1291 512 dilexerit
1309 503 1321 519 ,

341 533 473 584 dilig03
499 542 531 570 et
549 532 576 570 si
593 547 659 570 non
678 532 842 571 dilexerit
855 533 980 571 dexter
996 534 1132 583 oculus,
1153 533 1324 572 effodiam

341 595 444 631 illum
464 610 470 630 :
489 608 567 631 nam
592 594 746 632 satanica
771 604 854 632 sunt
885 595 960 633 haee
982 595 1092 643 dicta,
1112 604 1146 632 et
1169 594 1212 633 ad
1232 608 1321 646 gen-

341 655 457 691 tilium
477 654 674 692 simultates
693 654 881 706 pertinent.
905 657 962 693 Tu
979 669 1074 704 vero,
1097 655 1159 706 qui
1183 654 1231 692 ad
1249 669 1319 691 ma-

335 717 395 767 jus
421 716 622 754 institutum
653 717 734 755 vitae
767 726 910 755 vocatus
937 732 996 767 es,
1025 727 1059 755 et
1083 717 1119 755 in
1142 718 1227 755 caelo
1259 717 1318 754 de-
1345 724 1368 754 C

339 777 504 829 scriptus,
537 778 733 829 majoribus
755 792 792 816 es
817 778 957 829 legibus
976 778 1151 817 subditus.
1176 780 1229 816 Ne
1254 779 1319 816 ista

336 837 496 885 (Περι-ιη
527 838 588 875 sed
605 853 685 876 cum
703 848 735 876 te
756 839 815 876 ille
832 839 981 890 diligere
1000 839 1106 888 nolet,
1140 848 1222 877 tunc
1242 854 1317 877 ma-

330 898 444 948 jorem
467 898 519 935 illi
539 898 764 936 dilectionem
786 899 928 948 exhibe,
957 909 996 937 ut
1023 900 1128 937 illum
1155 900 1315 937 allicias:

332 957 532 994 membrum
562 957 656 995 enim
685 968 761 1007 est3
787 959 987 996 membrum
1008 968 1125 996 autem
1144 973 1226 996 cum
1255 973 1317 1011 per

332 1019 574 1057 necessitatem
585 1020 788 1072 quampiam
801 1034 819 1057 a
829 1021 965 1071 reliquo
973 1035 1120 1073 corpore
1129 1021 1315 1069 scinditur,

332 1078 423 1116 nihil
453 1094 521 1117 non
552 1081 705 1131 agimus,
735 1090 774 1118 ut
795 1081 887 1119 illud
907 1097 1032 1120 rursus
1073 1082 1251 1131 uniamus,
1283 1092 1316 1121 et

334 1149 415 1177 tune
436 1142 606 1193 majorem
625 1142 865 1194 impendimus
885 1157 1017 1182 curam.
1039 1143 1181 1181 Etenim
1202 1144 1315 1195 major

333 1211 384 1239 est
403 1216 546 1251 merces,
565 1218 646 1241 cum
668 1218 736 1242 non
755 1204 905 1256 diligere
923 1205 1099 1243 volentem
1114 1206 1313 1245 attraxeris.

186 1271 318 1315 ,tuimet
333 1261 372 1298 Si
392 1263 484 1300 enim
506 1264 553 1301 ad
574 1263 763 1316 prandium
786 1264 937 1302 invitare
951 1265 1054 1317 jubet
1073 1280 1145 1315 eOS,
1168 1266 1229 1315 qui
1251 1281 1313 1304 no-

162 1313 315 1349 ¹¹¹¹l3⁰⁵¹d³'
331 1321 387 1360 bis
408 1337 476 1361 uon
495 1333 641 1375 possunt
659 1324 774 1361 vicem
803 1323 1006 1376 rependere,
1037 1334 1075 1362 ut
1094 1339 1225 1363 merces
1243 1340 1311 1362 au-

331 1395 472 1436 geatur,
499 1387 610 1424 multo
633 1386 746 1437 magis
763 1387 798 1424 in
815 1386 1003 1425 dilectione
1021 1388 1089 1425 boc
1107 1388 1310 1426 faciendum
1336 1390 1360 1419 D

328 1456 391 1484 cst.
417 1449 508 1485 Nam
539 1448 566 1485 is
586 1448 648 1498 qui
675 1448 825 1486 dilectus
845 1448 978 1499 diligit,
1017 1449 1213 1487 mercedem
1242 1451 1309 1488 tibi

328 1504 504 1553 1·eddidit;
529 1505 589 1556 qui
618 1519 704 1543 vero
731 1505 881 1544 dilectus
917 1521 985 1544 non
1015 1506 1150 1559 diligit,
1194 1510 1307 1547 Deum

325 1565 388 1602 tibi
409 1566 606 1604 debitorem
630 1567 813 1604 constituit
830 1582 837 1603 ε
854 1581 894 1604 ac
912 1576 1081 1619 praeterea
1100 1582 1181 1606 cum
1199 1578 1233 1606 te
1251 1569 1307 1607 di-

324 1627 414 1677 ligit,
431 1641 498 1664 non
516 1628 628 1665 multa
648 1642 731 1665 cura
748 1642 836 1680 opus
851 1628 980 1678 habet,
1002 1643 1083 1667 cum
1098 1639 1217 1667 autem
1235 1645 1304 1669 non

322 1688 457 1739 diligit,
488 1698 571 1726 tunc
593 1698 653 1727 tuo
683 1704 772 1741 opus
800 1689 906 1727 habet
925 1690 1077 1728 auxilio.
1109 1692 1162 1729 Ne
1192 1691 1304 1742 igitur

320 1763 412 1786 eurae
431 1764 471 1787 ac
497 1749 690 1800 diligentiae
717 1764 859 1788 causam
888 1750 1016 1788 reddas
1036 1751 1187 1802 ignaviae
1215 1766 1300 1789 cau-

315 1824 407 1855 sam,
427 1825 489 1848 nec
507 1811 605 1848 dicas
624 1826 631 1846 :
649 1810 742 1857 Quia
761 1811 980 1860 infirmatur,
1000 1811 1080 1849 idco
1102 1811 1222 1864 ipsum
1241 1827 1300 1850 ne-

315 1874 469 1925 gligam;
501 1875 645 1912 morbus
673 1874 767 1912 enim
789 1883 840 1912 est
869 1874 1068 1912 dilectionis
1093 1875 1296 1926 frigidit1153

316 1935 375 1973 sed
395 1945 433 1972 tu
452 1935 531 1973 fove
557 1934 594 1972 id
612 1934 710 1987 quod
728 1934 974 1986 refrigeratum
993 1944 1055 1973 est.
1076 1936 1177 1983 Quid
1197 1950 1295 1987 ver0,

315 1996 464 2046 inquies,
486 1995 514 2033 si
534 2010 603 2033 non
623 1996 838 2034 incalescat?
859 1997 966 2034 Mane
982 2010 1120 2048 semper
1139 2012 1216 2048 quae
1236 2007 1296 2036 tua
1322 2004 1346 2033 E

314 2068 394 2096 sunt
422 2058 564 2095 faciens.
602 2057 699 2104 Quid
727 2058 756 2095 si
783 2057 895 2109 magis
925 2059 1132 2096 aversetur?
1160 2061 1297 2098 Rursus

314 2118 483 2170 majorem
508 2118 574 2156 tibi
592 2119 789 2167 mercedem
816 2118 991 2164 conciliat,
1013 2127 1046 2155 et
1067 2128 1163 2157 tanto
1184 2121 1298 2172 magis

312 2188 345 2217 te
375 2179 524 2218 ostendit
552 2180 683 2217 Christi
711 2180 938 2217 imitatorem.
978 2181 1068 2217 Nam
1091 2181 1120 2217 si
1148 2181 1298 2233 diligere

110 2254 203 2279 Joan.
229 2254 274 2282 13.
313 2240 478 2290 invicem,
500 2240 759 2292 discipulorum
774 2238 913 2291 insigne
933 2250 984 2278 est
1002 2256 1009 2276 τ
1027 2243 1075 2278 In
1098 2243 1169 2280 hoc
1189 2243 1295 2291 enim,

114 2293 163 2321 35.
316 2301 444 2351 inquit,
480 2311 708 2353 cognoscent
728 2316 858 2339 omnes
887 2303 991 2353 quod
1016 2303 1197 2353 discipuli
1224 2308 1298 2341 mei

315 2365 418 2408 estis,
454 2366 487 2399 si
512 2363 685 2413 diligatis
707 2365 897 2407 invicem;
924 2363 1038 2412 cogita
1060 2372 1234 2412 quantum
1251 2364 1297 2401 sit

312 2421 489 2460 odientem
509 2436 544 2460 se
564 2422 723 2472 diligere.
746 2423 838 2459 Nam
860 2422 1035 2459 Dominus
1057 2431 1136 2460 tuus
1156 2437 1212 2461 eos
1232 2424 1293 2474 qui

311 2497 346 2522 se
365 2484 511 2521 oderant
531 2483 702 2534 diligebat
720 2492 754 2520 et
771 2483 1003 2532 hortabatur3
1026 2492 1059 2520 et
1077 2493 1209 2534 quanto
1232 2485 1291 2522 in-
1308 2504 1354 2528 723

311 2543 484 2581 firmiores
503 2553 615 2589 erant,
651 2552 747 2580 tanto
769 2543 881 2594 magis
900 2543 1045 2581 illorum
1065 2544 1205 2594 gerebat
1225 2559 1291 2583 cu-
1319 2540 1344 2569 Α

112 2613 224 2641 Halm.
262 2623 293 2652 9.
311 2618 399 2650 ram,
426 2614 457 2641 et
482 2604 655 2641 clamabat
678 2603 798 2641 dicens
817 2619 824 2639 :
842 2605 932 2641 [ἴση
953 2618 1044 2655 opus
1065 2606 1209 2643 habent
1230 2608 1289 2643 be1

113 2661 157 2680 ¹²·
312 2678 358 2700 ne
379 2664 556 2701 valentes
579 2663 739 2708 medico,
765 2663 834 2700 sed
853 2665 920 2713 qni
938 2663 1040 2700 male
1059 2664 1203 2701 habent
1226 2680 1236 2701 .·
1257 2673 1290 2702 et

310 2724 516 2776 publicanos
535 2732 803 2775 peccatoresque
826 2737 888 2760 sua
909 2722 1125 2773 dignabatur
1143 2738 1262 2762 mensa
1272 2741 1286 2777 3

307 2795 340 2822 et
359 2794 490 2835 quanto
506 2784 632 2836 majori
648 2784 750 2821 illum
770 2783 964 2835 ignominia
981 2784 1209 2823 dedecoravit
1227 2789 1288 2826 Ju-

306 2846 465 2883 daeorum
484 2845 651 2897 populus,
681 2854 777 2882 tanto
802 2845 971 2896 majorem
991 2845 1045 2882 illi
1065 2845 1237 2885 honorem
1256 2857 1290 2886 et

308 2922 428 2945 curam
446 2906 629 2956 exhibuit,
652 2907 723 2944 imo
741 2906 854 2944 multo
870 2907 1054 2958 majorem.
1074 2907 1178 2946 Hunc
1197 2918 1230 2946 et
1249 2919 1287 2947 tu

306 2968 483 3005 aemulare.
503 2968 626 3016 Neque
640 2967 733 3003 enim
748 2981 858 3018 parva
877 2981 931 3003 res
950 2976 1001 3004 est
1019 2967 1086 3005 hoc
1106 2982 1207 3020 opus,
1227 2971 1288 3008 sed

305 3028 379 3065 sine
416 3043 485 3079 quo
523 3042 566 3065 ne
596 3036 734 3079 martyr
768 3027 911 3078 quidem
942 3027 1136 3066 admodum
1171 3040 1286 3081 potest

108 3106 133 3123 ι.
153 3089 441 3141 Cor.13.pla‹·ere
472 3090 562 3139 Deo,
602 3087 904 3138 quemadmodum
939 3088 1071 3126 Paulus
1102 3089 1201 3129 dicit.
1234 3093 1286 3129 Ne

103 3138 134 3165 3.
303 3150 420 3201 itaque
447 3150 557 3192 dicas,
588 3149 681 3186 Odio
698 3149 844 3196 habeor,
878 3158 911 3186 et
939 3149 1017 3187 ideo
1046 3164 1115 3188 non
1149 3151 1281 3203 diligo:

301 3211 380 3248 ideo
412 3212 506 3248 euim
534 3211 647 3262 magis
676 3224 794 3248 amare
817 3210 934 3249 debes.
967 3211 1135 3261 Alioquin
1165 3223 1282 3253 autem
1307 3221 1329 3250 Β

301 3288 368 3311 non
389 3283 502 3325 potest
523 3274 568 3321 is,
600 3273 662 3323 qui
680 3272 814 3324 diligit,
843 3281 914 3309 tam
936 3272 1005 3310 cito
1025 3273 1108 3310 odio
1128 3274 1277 3324 haberi;

300 3330 362 3367 sed
381 3331 519 3368 etiamsi
538 3332 609 3368 fera
628 3330 706 3381 quis
726 3330 846 3381 fuerit,
871 3330 1059 3381 diligentes
1078 3345 1113 3369 se
1133 3332 1277 3384 diliger:

341 3458 357 3481 b
373 3463 580 3501 μικροψυχίας.
599 3458 646 3489 De
661 3456 722 3488 bac
739 3469 818 3489 voce
832 3457 874 3490 ad
892 3457 1060 3489 homiliam
1078 3459 1179 3492 XXII
1198 3459 1312 3493 disse-'

297 3520 431 3541 ruuuus.

1372 333 1396 363 A
1405 336 1560 366 RCfflEp
1570 356 1580 366 .
1618 337 1785 367 CONsTA
1796 337 1955 369 NTlNffl‘
1966 361 1973 369 .

1401 432 1443 465 με
1464 419 1481 454 6
1497 417 1604 461 δεξιὸς
1629 419 1827 469 ὀφθαλμὸς,
1845 419 1992 471 ἐξορύξω
2014 419 2114 460 αὑτόν
2133 438 2137 443 ·
2160 423 2330 462 σατοινικὰ
2350 424 2417 476 γὰρ

1397 473 1440 511 τὰ
1462 476 1604 527 ῥήματα
1623 482 1756 526 ταῦτα,
1780 479 1839 517 καὶ
1854 482 2012 518 τελωνῶν
2030 480 2129 527 ἄξια,
2156 483 2216 519 καὶ
2237 485 2299 527 τ’ῆς
2327 483 2415 521 (Ελ-

1396 535 1510 582 λήνων
1531 537 1547 557 b
1561 540 1808 592 μικροψυχίας.
1827 539 1877 578 Σὺ
1896 540 1930 579 ῗὲ
1955 544 1972 578 6
2001 542 2084 593 πρὸς
2114 542 2253 593 μείζονα
2281 544 2420 590 κληθεὶς

1396 599 1585 648 πολιτείαν,
1606 601 1665 638 καίι
1683 603 1730 644 εἰς
1753 601 1831 644 τοὺς
1850 601 2012 654 οὐρανοὺς
2034 603 2232 655 ἐγγραφεὶς,
2259 604 2421 654 μειζόνων

1395 660 1577 705 ὑπεύθυνος
1602 656 1632 699 εἷ
1664 662 1790 712 νόμων.
1821 663 1881 709 Μὴ
1907 663 1948 710 δὴ
1976 663 2054 715 λε’γε
2081 668 2212 712 ταῦτα,
2245 666 2320 703 ἀλλ’
2341 665 2421 703 ὅταν

1395 735 1432 757 σε
1468 719 1516 771 μὴ
1552 722 1719 773 βούληται
1748 726 1873 775 φιλεῖν,
1902 724 1980 761 τότε
2021 724 2165 762 πλείονα
2202 722 2422 762 ἐπιδείκνυσο

1394 780 1456 826 τὴν
1487 782 1640 832 ἀγοὶπην,
1668 783 1724 822 ἵνα
1762 785 1863 822 αὐτὸν
1894 784 2096 836 ἓπισποίσῃ·
2125 784 2183 821 καὶ
2217 784 2284 836 γὰρ
2318 782 2421 833 με’λος

1393 842 1467 879 ἔστί
1483 859 1490 865 ·
1512 843 1552 881 τὸ
1590 843 1625 882 δὲ
1664 844 1767 894 μέλος
1807 845 1888 883 ὅταν
1921 845 1989 883 ὑπὸ
2026 845 2117 888 τινὸς
2148 845 2301 896 ἀνάγκης
2333 846 2419 881 ἀπο-

1391 902 1553 953 σχίζηται
1574 908 1632 943 τοῦ
1651 907 1773 943 λοιποῦ
1795 905 1956 955 σώματος
1970 936 1978 952 ,
2002 906 2117 943 πάντα
2144 910 2310 955 ποιοῦμεν
2326 904 2419 941 ὥστε

1391 965 1516 1002 ἑνῶσαι
1553 965 1657 1003 πάλιν
1695 966 1796 1012 αὐτὸ,
1829 966 1889 1004 καὶ
1921 966 2062 1004 πλείονα
2091 967 2254 1018 πρόνοιαν
2285 966 2415 1002 ἐπιδει-

1390 1025 1544 1075 κνύμεθα
1574 1027 1664 1065 τότε.
1692 1027 1760 1065 Καὶ
1793 1027 1861 1082 γὰρ
1892 1028 2022 1066 πλείων
2050 1032 2067 1066 6
2102 1028 2240 1078 μισθὸς,
2260 1026 2342 1065 ὅταν
2367 1025 2415 1076 μὴ

1391 1087 1597 1137 βουλόμενον
1619 1089 1729 1138 φιλεῖν
1747 1088 1930 1140 ἐφελκύση.
1950 1090 1995 1126 Εἰ
2016 1088 2084 1141 γὰρ
2112 1089 2169 1126 ἐπὶ
2195 1087 2337 1140 ἀρίστου
2360 1101 2416 1123 κε-

1388 1146 1478 1184 λεύει
1511 1150 1628 1186 καλεῖν
1649 1148 1726 1192 τοὺς
1759 1149 1808 1199 μὴ
1843 1149 2049 1200 δυναμένους
2082 1153 2165 1200 ἡμῖν
2196 1148 2415 1194 ἀντιδοῦναι,

1388 1207 1444 1244 ἵνα
1472 1207 1603 1261 αὐξηθῇ
1640 1209 1682 1246 τὰ
1714 1211 1775 1255 τῆς
1796 1210 1999 1253 ἀντιδόσεως
2016 1225 2023 1232 ·
2053 1212 2172 1260 πολλῷ
2193 1209 2322 1259 μᾶλλον
2358 1207 2413 1245 ἐπὶ

1388 1269 1502 1320 φιλίας
1519 1274 1618 1307 τοῦτο
1635 1271 1684 1308 δεῖ
1699 1277 1821 1309 ποιεῖν.
1837 1270 1881 1308 ‘O
1899 1270 1961 1321 μὲν
1980 1271 2047 1322 γὰρ
2067 1269 2266 1321 φιλούμενος
2281 1270 2340 1306 καὶ
2360 1284 2415 1319 φι-

1387 1331 1456 1367 λῶν
1477 1331 1637 1368 ἀπέδωκέ
1653 1347 1706 1369 σοι
1720 1331 1781 1378 τὴν
1801 1332 1949 1382 ἀμοιὸήν
1965 1348 1971 1354 ·
1985 1335 2004 1368 6
2019 1331 2054 1369 δὲ
2070 1331 2271 1383 φιλούμενος
2289 1330 2348 1368 καὶ
2363 1329 2412 1380 μὴ

1387 1392 1508 1441 φιλῶν,
1531 1394 1602 1429 ἀνθ’
1639 1394 1762 1430 ἑαυτοῦ
1784 1392 1840 1429 τὸν
1862 1392 1952 1429 Θεόν
1983 1407 2037 1428 σοι
2072 1390 2255 1443 χρεώστην
2279 1390 2410 1427 ςκατέ-

1386 1466 1509 1498 στησε·
1530 1452 1588 1489 καὶ
1607 1452 1715 1503 χωρὶς
1733 1451 1874 1499 τούτων,
1890 1453 1970 1489 ὅταν
1991 1452 2051 1500 μὲν
2073 1453 2156 1503 φιλῇ
2178 1467 2236 1499 σε,
2259 1453 2296 1489 οὐ
2319 1452 2410 1488 πολ-

1383 1513 1446 1556 λῆς
1469 1513 1576 1549 δεῖται
1596 1514 1657 1557 τῆς
1691 1513 1858 1558 σπουδῆς·
1890 1512 1972 1551 ὅταν
1994 1512 2028 1549 δὲ
2052 1512 2099 1562 μὴ
2125 1514 2225 1563 φιλῇ,
2247 1511 2324 1551 τότε
2350 1527 2409 1549 σου

1382 1571 1502 1622 χρείαν
1523 1572 1595 1624 ἔχει
1608 1575 1669 1618 τῆς
1690 1573 1917 1624 ἀντιλήψεως.
1935 1572 1995 1619 Μὴ
2007 1572 2120 1610 τοίνυν
2137 1572 2199 1618 τὴν
2215 1571 2327 1610 αἰτίαν
2345 1574 2409 1617 τῆς

1382 1634 1532 1679 σπουδῆς
1551 1633 1663 1671 αἰτίαν
1681 1638 1779 1671 ποιοῦ
1800 1633 1979 1685 ῥᾳθυμίας,
1997 1632 2084 1683 μηδὲ
2102 1633 2200 1683 λε’γε,
2220 1633 2272 1671 ὅτι
2286 1634 2404 1679 ἐπειδ-Ι

1379 1699 1489 1740 νοσεῖ,
1507 1693 1563 1731 διὰ
1582 1698 1682 1731 τοῦτο
1705 1695 1808 1731 αὐτοῦ
1827 1696 1964 1742 ἀμελῶ·
1994 1694 2053 1732 καὶ
2071 1694 2138 1747 γὰρ
2156 1693 2252 1737 νόσος
2271 1694 2364 1732 ἐστὶν
2383 1698 2404 1740 ἦ

1377 1754 1565 1806 κατάψυξις
1579 1758 1640 1800 τῆς
1661 1755 1799 1806 ἀγάπης
1811 1771 1818 1777 ·
1840 1754 1929 1793 ἀλλὰ
1947 1754 1987 1793 σὺ
2008 1754 2175 1806 θέρμανον
2193 1756 2232 1793 τὸ
2247 1757 2406 1806 καταψυ-

1374 1815 1469 1866 χθέν.
1488 1814 1535 1853 Τί
1555 1810 1612 1853 οῦν
1628 1814 1685 1854 ἐὰν
1704 1815 1752 1865 μὴ
1771 1815 2017 1866 θερμαίνηται,
2030 1815 2134 1867 φησί,
2150 1814 2241 1852 Μένε
2263 1815 2306 1853 τὰ
2321 1831 2404 1853 σαυ-

1373 1881 1432 1914 τοῦ
1453 1878 1574 1914 ποιῶν.
1595 1875 1643 1914 Τι’
1659 1870 1729 1923 οῦν,
1747 1876 1788 1914 ἂν
1811 1876 1973 1927 μειζόνως
1989 1877 2260 1929 διαστρέφηται,
2284 1876 2401 1914 Πάλιν

1373 1937 1514 1988 μείζονά
1550 1953 1602 1975 σοι
1640 1937 1703 1984 τὴν
1735 1937 1906 1976 ἀντίδοσιν
1941 1937 2098 1989 προξενεῖ
2115 1969 2124 1986 ,
2153 1937 2212 1975 καὶ
2239 1943 2401 1976 τοσοῦτον

1374 2000 1506 2049 μᾶλλον
1545 1997 1694 2037 δείκνυσι
1724 2002 1783 2037 τοῦ
1821 2000 1973 2052 Χριστοῦ
2009 2000 2178 2050 μιμητήν.
2207 2001 2250 2037 Εἰ
2276 1999 2343 2051 γὰρ
2363 1999 2403 2036 τὸ

1372 2063 1510 2112 ἀγαπᾷν
1519 2060 1710 2108 ἀλλήλους,
1727 2060 1910 2113 γνώρισμα
1932 2063 2096 2110 μαθητῶν
2112 2076 2119 2084 ·
2134 2061 2196 2099 Ἐν
2208 2060 2318 2112 τούτῳ
2332 2060 2399 2111 γὰρ

1370 2120 1562 2171 γνώσονται
1581 2120 1858 2173 πάντες,φησ“ιν,
1879 2120 1931 2158 ὅτι
1950 2121 2027 2171 ἐμοὶ
2048 2121 2203 2171 μαθηταί
2222 2125 2296 2160 ἐστε
2310 2151 2320 2169 ,
2340 2121 2398 2159 ἐὰν

1371 2185 1530 2232 ἀγαπᾶτε
1562 2182 1731 2228 ἀλλήλους
1744 2198 1751 2205 ·
1770 2182 1808 2220 τὸ
1824 2182 1880 2220 τὸν
1904 2187 2071 2232 μισοῦντα
2092 2184 2215 2234 φιλεῖν,
2235 2182 2394 2228 ἐννόησον

1368 2242 1501 2288 ἡλίκον.
1520 2243 1588 2280 Καὶ
1604 2242 1671 2294 γὰρ
1686 2246 1703 2280 6
1717 2243 1898 2289 Δεσπότης
1919 2257 1978 2279 σου
2001 2247 2185 2293 μισοῦντας
2208 2243 2316 2294 ἐφίλει
2337 2243 2397 2280 καὶ

1370 2303 1563 2353 παρεκάλει
1579 2318 1586 2325 ·
1611 2303 1670 2341 καὶ
1701 2303 1770 2352 ὅσῳ
1801 2304 1952 2346 ἀσθενεῖς
1969 2298 2071 2349 ἦσαν,
2090 2303 2243 2354 τοσούτῳ
2263 2303 2395 2353 μᾶλλον

1371 2365 1484 2400 αὐτῶν
1512 2365 1714 2413 ἐπεμελεῖτο
1727 2392 1736 2410 ,
1758 2363 1816 2400 καὶ
1834 2362 1917 2400 ἐὸόα
1931 2364 2055 2414 λέγων,
2074 2365 2127 2401 Οὐ
2151 2363 2271 2415 χρείαν
2292 2363 2395 2414 ἔχου-

1370 2439 1422 2461 σιν
1443 2425 1473 2461 οἱ
1494 2423 1665 2475 ἰσχύοντες
1690 2426 1828 2475 ἰατροῦ,
1847 2425 1922 2461 ἀλλ’
1941 2427 1972 2462 οἱ
1998 2427 2115 2467 κακῶς
2146 2423 2295 2475 ἔχοντες.
2325 2424 2394 2461 Καὶ

1370 2483 1543 2535 τραπέζης
1559 2484 1653 2530 ἠξίου
1671 2483 1757 2530 ᾱτῆς
1778 2487 1880 2522 αὑτοῦ
1900 2484 2050 2527 τελώνας
2072 2484 2131 2522 καὶ
2147 2484 2392 2535 ἁμαρτωλούς·

1368 2546 1426 2583 καὶ
1444 2545 1530 2592 ὅσην
1550 2546 1649 2583 αὐτὸν
1675 2544 1846 2595 ἠτίμασεν
1863 2544 2005 2595 ἀτιμίαν
2021 2548 2037 2582 6
2054 2546 2122 2582 τῶν
2139 2544 2315 2582 Ἰουδαίων
2333 2545 2392 2591 δῆ-

1367 2621 1448 2655 μος,
1468 2605 1637 2652 τοσαύτην
1662 2621 1728 2658 περ

1364 2667 1540 2718 δεμονίαν,
1573 2668 1703 2718 μᾶλλον
1727 2666 1762 2704 δὲ
1781 2666 1839 2704 καὶ
1858 2668 1978 2718 πολλῷ
2008 2666 2163 2704 πλείονα.
2180 2668 2311 2704 Τοῦτον
2330 2666 2389 2704 καὶ

1364 2727 1405 2765 σὺ
1426 2728 1595 2773 ζήλωσον.
1620 2726 1712 2765 Οὐδὲ
1731 2726 1799 2780 γὰρ
1816 2727 1937 2780 μικρόν
1953 2729 2027 2765 ἐστι
2048 2727 2085 2764 τὸ
2103 2725 2388 2778 κατορθούμενον,

1365 2790 1441 2827 ἀλλ’
1477 2783 1514 2826 οῦ
1545 2788 1652 2840 χωρὶς
1688 2787 1765 2825 οὐδὲ
1803 2790 1820 2825 6
1862 2791 2048 2839 μαρτυρῶν
2080 2787 2211 2839 σφόδρα
2244 2787 2388 2825 δύναται

1365 2849 1488 2901 ἀρέσαι
1504 2850 1606 2900 Θεῷ,
1626 2848 1739 2891 καθὼς
1760 2851 1776 2885 6
1795 2848 1935 2890 Παῦλος
1951 2863 2048 2900 φησι.
2069 2848 2130 2894 Μὴ
2154 2848 2267 2886 τοίνυν
2286 2848 2386 2899 λέγε,

1362 2911 1415 2949 ὅτι
1435 2909 1700 2961 μισοῦμαι,·καὶ
1715 2908 1770 2946 διὰ
1796 2913 1896 2946 τοῦτο
1916 2911 1954 2946 οὐ
1984 2909 2088 2959 φιλῶ·
2114 2908 2170 2945 διὰ
2195 2908 2261 2960 γὰρ
2286 2912 2386 2946 τοῦτο

1363 2972 1516 3022 μάλιστα
1534 2973 1642 3022 φιλεῖν
1664 2970 1820 3022 ὀφείλεις.
1840 2969 1971 3012 Ἄλλως
2000 2968 2034 3006 δὲ
2064 2970 2134 3006 οὐδ’
2150 2969 2200 3006 ἔνι
2221 2971 2385 3020 φιλοῦντα

1362 3035 1536 3082 μισεῖσθαι
1566 3030 1722 3082 ταχέως,
1746 3029 1835 3067 ἀλλὰ
1863 3029 1926 3066 κᾶν
1947 3029 2063 3080 θηρίον
2080 3023 2103 3080 ᾗ
2120 3045 2192 3076 τις,
2218 3028 2296 3072 τοὶις
2324 3046 2385 3081 ιρι-

1357 3093 1500 3135 λοῦντας
1517 3093 1606 3143 φιλεῖ
1621 3107 1628 3114 ·
1644 3095 1744 3128 τοῦτο
1760 3089 1825 3141 γὰρ
1846 3089 1906 3126 καὶ
1922 3092 1952 3127 οἱ
1978 3089 2103 3127 ἐθνικοὶ
2115 3118 2124 3135 ,
2154 3089 2238 3142 φησὶ
2250 3119 2260 3135 ,
2279 3089 2336 3127 καὶ
2354 3091 2384 3127 οἱ

1355 3155 1503 3191 τελῶναι
1518 3155 1685 3189 ποιοῦσιν.
1706 3152 1751 3187 Εἰ
1768 3149 1802 3188 δὲ
1823 3149 1900 3193 τοὺς
1914 3152 2097 3202 φιλοῦντας
2112 3150 2256 3193 ἕκαστος
2273 3151 2382 3202 φιλεῖ,

1354 3211 1433 3256 τοὺς
1454 3211 1542 3262 μετὰ
1557 3215 1615 3248 τοῦ
1633 3214 1807 3260 μισεῖσθαι
1824 3212 2004 3262 φιλοῦντας
2023 3210 2075 3255 τίς
2100 3213 2162 3249 οὐκ
2189 3211 2227 3248 ἂν
2246 3210 2383 3261 ἀγαπή-

1730 2605 1742 2642 ἷ.
1764 2604 1882 2648 αὐτοὺς
1899 2604 2096 2649 ἐπεδείξατο
2115 2604 2220 2655 τιμὴν
2245 2605 2305 2643 καὶ
2328 2620 2391 2650 κη-

1353 3289 1442 3320 σειε;
1464 3274 1578 3310 Τοῦτο
1601 3271 1712 3309 τοίνυν
1740 3271 1926 3319 ἐπίδειξαι,
1948 3272 2007 3309 καὶ
2037 3271 2084 3322 μὴ
2116 3271 2232 3324 παύσῃ
2268 3271 2378 3322 λέγων

1350 3338 1451 3372 τοῦτο
1470 3333 1510 3371 τὸ
1532 3334 1651 3384 ῥῆμα,
1668 3330 1720 3369 ὅτι
1739 3330 1808 3383 ὅσῳ
1831 3333 1871 3370 ἄν
1893 3348 1935 3382 με
1954 3332 2124 3384 μισήσῃς,
2141 3335 2177 3371 οὔ
2195 3331 2376 3382 παύσομαί

1407 3471 1419 3485 ⁰
1435 3460 1523 3492 Alius
1542 3466 1702 3497 κατέστησε
1716 3469 1722 3475 “
1739 3466 1832 3504 χωρίς
1848 3463 1877 3492 δὲ
1893 3464 2016 3495 τούτων.

1407 3512 1422 3535 d
1440 3512 1506 3553 [τῆς
1523 3515 1611 3549 αὐτῆς
1627 3513 1662 3545 Α,
1682 3518 1713 3542 et
1728 3510 1895 3552 savinus]
