2466 3805
317 278 403 339 178

739 288 779 318 S.
816 284 996 317 JOANNIS
1031 280 1274 312 CHRYSOST.
1314 279 1521 310 ARCHIEP.
1557 277 1909 308 CONSTANTINOP.

309 377 387 423 ipsa
404 369 553 419 dimisit,
574 380 651 419 quae
670 374 790 404 contra
815 365 931 415 ipsum
953 371 1088 413 patrata
1115 368 1208 398 sunt.
1231 360 1284 396 Ita
1310 369 1333 398 B
1359 374 1413 402 κις
1431 359 1539 396 ἑπτά·
1553 358 1612 396 καὶ
1628 357 1684 395 διὰ
1695 360 1762 395 τῶν
1779 359 1887 411 ἔργων
1897 361 2008 412 &tp-“tine
2021 359 2067 398 τὰ
2087 362 2133 404 εἷς
2149 361 2248 399 αὐτὸν
2261 363 2377 411 πλημ,

311 440 344 469 et
361 445 424 469 nos
445 430 526 481 quia
548 428 709 466 novimus
730 426 826 462 hunc
852 437 923 461 esse
942 436 1086 474 scopum
1107 420 1284 458 Christia-

152 504 295 531 Christia-
310 493 430 541 nismi,
445 493 489 529 de
498 491 562 528 hac
573 504 610 527 re
625 501 760 539 semper
772 485 987 523 disserimus.
1002 483 1103 521 Nihil
1116 482 1283 533 frigidius

111 545 296 571 nu⁵³¹³⁰s¹¹¹¹¹
312 551 523 599 Christiano,
545 549 604 598 qui
624 548 776 584 aliorum
803 545 953 582 salutem
971 557 1042 581 non
1068 551 1182 581 curat.
1203 543 1282 580 Non

110 585 230 612 salutem
247 595 294 611 cu-

109 635 172 652 rare
193 625 291 652 debet.

105 745 178 772 Luc.
194 751 244 772 21.
258 752 288 771 2.

106 787 176 813 Act.
190 782 220 811 3.
237 785 267 814 6.

103 1227 234 1255 Philem.
260 1234 287 1255 1.

107 1275 154 1296 10.

107 1468 133 1488 1.
163 1461 242 1490 Tim.
257 1461 287 1492 5.

105 1502 156 1531 23.

307 621 404 662 potes
432 610 490 646 hic
516 616 756 660 paupertatem
785 603 973 644 obtendere
990 619 997 639 τ
1012 617 1093 640 nam
1114 617 1192 653 quae
1210 602 1282 640 duo

305 670 439 707 minuta
460 667 591 719 injecit,
619 676 652 704 te
679 665 867 703 accusabit.
895 664 942 702 Et
970 666 1096 702 Petrus
1123 663 1278 713 dicebat,

304 731 518 781 Argentum
534 737 570 766 et
589 741 726 765 aurum
746 741 824 764 non
839 735 895 764 est
913 727 1021 762 mihi.
1046 725 1178 762 Paulus
1197 724 1281 763 item

301 790 388 828 adeo
405 804 541 841 pauper
559 798 646 838 erat,
669 797 710 826 ut
736 802 826 840 saepe
844 787 1010 838 esuriret,
1031 796 1065 824 et
1085 787 1280 824 necessario

300 850 378 888 cibo
409 858 551 888 careret.
584 850 665 887 Non
692 858 788 901 potes
816 848 1076 899 ignobilitatem
1103 847 1278 899 proferre:

299 924 382 947 nam
400 910 455 947 illi
474 909 647 960 ignobiles
665 918 777 958 erant,
799 922 844 946 ex
862 901 1079 959 ignobilibus
1099 907 1180 945 orti.
1199 908 1279 944 Non

299 979 399 1021 potes
417 979 609 1021 praetexere
626 978 661 1006 te
681 969 827 1006 idiotam
846 982 938 1006 esse:
953 982 1035 1005 nam
1051 977 1082 1005 et
1102 967 1156 1004 illi
1173 967 1280 1004 ilh'te-

300 1030 368 1067 rati
386 1038 497 1067 erant.
520 1029 612 1067 Etsi‘
618 1043 739 1067 servus
757 1029 819 1078 sis,
840 1028 905 1067 etsi
924 1028 1113 1079 fugitivus,
1134 1037 1193 1065 tua
1214 1042 1281 1080 po—

300 1089 384 1127 teris
414 1089 773 1140 exsequi:siquidem
798 1098 831 1126 et
863 1088 1050 1126 Onesimus
1077 1089 1158 1126 talis
1189 1098 1276 1127 erat.

301 1149 374 1187 Sed
393 1149 491 1199 vide,
520 1164 673 1200 quonam
691 1158 794 1187 vocet
812 1149 930 1199 illum,
951 1158 983 1186 et
1000 1149 1048 1186 ad
1076 1164 1181 1199 quam
1200 1159 1281 1201 agat

302 1209 510 1260 dignitatem
529 1225 536 1247 :
558 1211 608 1247 Ut
625 1211 879 1247 communicet
900 1223 1060 1257 mecam,
1083 1209 1218 1260 inquit,
1239 1213 1280 1246 in

303 1271 473 1308 vinculis
492 1272 597 1308 meis.
616 1270 695 1307 Non
723 1278 821 1321 potes
840 1269 1083 1306 infirmitatem
1101 1269 1276 1321 objicere:

302 1345 384 1368 nam
403 1331 482 1368 talis
509 1344 647 1380 quoque
669 1329 880 1367 Timotheus
902 1339 990 1379 erat,
1025 1330 1085 1380 qui
1116 1331 1280 1381 frequen-

302 1399 354 1428 ter
368 1391 521 1428 habebat
534 1391 765 1428 infirmitates.
777 1390 884 1436 Quod
902 1391 994 1427 enim
1012 1390 1175 1428 infirmus
1194 1401 1281 1428 esset

301 1450 386 1488 audi
402 1467 410 1487 :
428 1453 524 1488 Vino
554 1452 701 1488 modico
732 1460 836 1489 utere
857 1460 1011 1503 propter
1041 1453 1279 1490 stomachum

304 1520 410 1549 tuum
441 1521 478 1549 et
499 1513 726 1564 frequentes
756 1521 843 1549 tuas
871 1513 1129 1564 infirmitates.
1162 1513 1280 1550 Potest

301 1572 542 1622 unusquisque
572 1571 736 1622 proximo
766 1571 949 1623 prodesse,
968 1572 998 1608 si
1017 1572 1103 1610 velit
1121 1586 1197 1622 quae
1217 1587 1278 1609 sua

300 1642 382 1671 sunt
409 1633 568 1684 implere.
597 1634 674 1670 Non
702 1632 833 1671 videtis
860 1633 1093 1670 infructuosas
1120 1634 1274 1684 arbores,

301 1708 407 1744 quam
429 1694 540 1731 firmae
558 1694 640 1743 sint,
666 1708 773 1743 quam
792 1694 963 1744 pulchrae,
985 1708 1151 1745 procerae,
1173 1695 1278 1732 laeves

299 1763 333 1791 et
351 1755 546 1792 sublimes?
565 1757 609 1791 At
639 1755 669 1791 si
695 1754 838 1791 hortum
860 1755 1086 1802 haberemus,
1107 1756 1278 1793 vellemus

298 1815 558 1865 malogranata,
588 1824 621 1852 et
651 1815 764 1852 olivas
797 1815 994 1852 fructiferas
1026 1816 1143 1866 potius
1171 1830 1278 1866 quam

297 1875 376 1912 illas
396 1876 525 1912 habere
545 1891 552 1910 :
575 1875 645 1912 illae
670 1875 764 1912 enim
785 1875 833 1912 ad
856 1876 1074 1927 voluptatem
1093 1886 1187 1921 sunt,
1208 1891 1277 1915 non

296 1935 342 1972 ad
359 1936 563 1985 utilitatem,
587 1945 620 1973 et
638 1935 667 1973 si
696 1950 765 1986 qua
787 1936 833 1974 sit
850 1936 997 1986 utilitas,
1019 1951 1058 1974 ea
1078 1952 1189 1989 parva
1211 1947 1274 1976 est.

299 1996 405 2033 Tales
421 2005 501 2033 sunt
516 1997 556 2043 ii,
573 1998 633 2046 qui
649 2011 710 2034 sua
723 1997 838 2034 solum
852 2006 1031 2048 spectant,
1050 1999 1120 2035 imo
1135 2013 1177 2036 ne
1193 2000 1278 2037 tales

298 2057 456 2107 quidem,
478 2057 538 2094 sed
556 2057 603 2094 ad
631 2057 802 2095 ultionem
831 2059 946 2095 solum
971 2059 1059 2110 apti.
1094 2061 1185 2097 Nam
1205 2060 1276 2098 illae

297 2117 439 2154 arbores
459 2116 504 2154 ad
519 2117 712 2154 {edificium
745 2127 778 2155 et
803 2118 847 2155 ad
866 2133 985 2156 rerum
1006 2120 1154 2157 tutelam
1187 2130 1277 2172 aptae

302 2186 394 2214 sunt.
424 2177 528 2214 Tales
559 2187 656 2214 erant
689 2178 758 2214 illae
780 2179 950 2228 virgines,
983 2189 1099 2227 castae,
1129 2189 1274 2229 ornatae,

303 2236 537 2285 continente53
553 2237 614 2274 sed
629 2237 762 2275 nemini
775 2238 894 2287 utiles,
913 2238 990 2276 ideo
1005 2239 1275 2277 comburuntur.

305 2297 410 2334 Tales
428 2306 523 2347 sunt,
545 2298 606 2347 qui
623 2298 805 2335 Christum
826 2312 894 2335 non
913 2299 1084 2336 nutriunt.
1101 2300 1280 2351 Perpende

303 2366 420 2394 autem
438 2359 611 2395 neminem
628 2358 771 2395 illorum
789 2357 833 2395 de
851 2359 1001 2409 peccatis
1019 2359 1092 2396 suis
1110 2361 1279 2409 accusari,

300 2431 370 2455 non
388 2418 483 2468 quod
508 2418 698 2455 fornicatus
718 2418 777 2468 sit,
799 2432 868 2455 non
888 2419 984 2469 quod
999 2420 1221 2470 pejeraverit,
1237 2420 1281 2458 de

299 2477 397 2514 nullo
417 2487 528 2527 certe3
551 2477 611 2515 sed
637 2478 733 2527 quod
751 2479 850 2516 alteri
878 2492 947 2516 non
964 2479 1148 2530 profuerit.
1180 2481 1281 2518 Talis

299 2548 373 2576 erat
383 2538 453 2587 ifle,
462 2539 524 2589 qui
536 2539 706 2576 talentum
718 2538 864 2587 defodit,
878 2539 1093 2592 inculpatam
1109 2541 1280 2579 exhibens

296 2599 423 2648 vitam,
444 2599 506 2636 sed
535 2599 635 2636 alteri
667 2613 737 2637 non
765 2599 875 2637 utilis.
910 2600 1111 2651 Quomodo,
1144 2616 1276 2652 quaeso,

298 2659 521 2697 Christianus
540 2660 585 2697 sit
602 2659 663 2710 qui
686 2660 768 2697 talis
790 2661 864 2698 est?
891 2661 931 2699 Si
953 2661 1164 2699 fermentum
1185 2663 1279 2700 mix-

297 2727 373 2756 tum
391 2719 523 2768 farinae,
538 2733 606 2757 non
624 2721 813 2758 mutaverit
829 2730 944 2758 totum
962 2722 998 2758 in
1018 2722 1179 2761 eamdem
1196 2737 1279 2761 con-

295 2778 480 2830 ditionem,
498 2794 541 2817 an
561 2781 773 2818 fermentum
801 2796 882 2819 vere
914 2783 1043 2820 fuerit?
1064 2784 1160 2830 Quid
1178 2799 1275 2836 vero,

295 2839 325 2876 si
344 2849 565 2890 unguentum
582 2841 784 2879 accedentes
800 2855 869 2878 non
887 2842 994 2880 odore
1010 2844 1217 2895 perfuderit,
1233 2859 1277 2883 an

294 2899 333 2937 id
348 2910 567 2951 unguentum
581 2903 775 2939 vocemus?
794 2903 845 2939 Ne
865 2902 1014 2950 dixeris,
1036 2906 1112 2943 Nou
1134 2920 1277 2957 possum

1360 417 1562 467 μελήματα.
1586 416 1692 456 Οὕτω
1718 417 1759 464 δὴ
1783 419 1841 456 καὶ
1871 422 1972 470 ἡμεῖς
1981 450 1991 467 ,
2013 419 2133 467 ἐπειδὴ
2153 420 2253 471 ἴσμεν
2277 426 2377 460 τοῦτο

1357 476 1434 527 ὅρον
1454 481 1721 529 χριστιανισμοῦ
1736 478 1839 526 ὄντα,
1865 479 1922 516 διὰ
1943 480 2070 524 παντὸς
2087 481 2167 532 περὶ
2184 482 2286 519 αὐτοῦ
2302 482 2376 519 δια·

1357 536 1553 587 λεγόμεθα..
1572 537 1681 575 Οὐδὲν
1697 538 1908 591 ψυχρότερον
1927 541 2138 592 Χριστιανοῦ
2148 571 2158 588 ,
2174 541 2309 592 ἑτέρους
2324 541 2373 590 μὴ

1358 596 1535 640 σώζοντος.
1557 600 1634 637 Οὐκ
1651 598 1744 649 ἔχεις
1759 601 1905 636 ἐνταῦθα
1923 599 2045 637 πενίαν
2065 603 2189 638 εἰπεῖν·
2203 605 2225 647 ἠ
2245 601 2312 652 γὰρ
2331 601 2374 640 τὰ

1357 657 1414 696 ’δύο
1435 661 1683 697 καταὲαλοῦσα
1713 660 1843 706 λεπτὰ,
1877 661 2124 712 κατηγορήσει.
2147 662 2216 700 Καὶ
2241 662 2375 715 Πέτρος

1355 718 1489 771 ἔλεγεν·
1510 721 1687 773 Ἀργύριον
1708 720 1768 758 καὶ
1786 720 1929 772 χρυσίον
1955 723 2019 772 οὐχ
2036 721 2186 774 ὑπάρχει
2206 737 2276 772 μοι.
2303 723 2375 761 Καὶ

1355 781 1494 824 Παῦλος
1514 778 1619 824 οὕτως
1643 775 1685 827 ἦν
1707 780 1834 827 πένης,
1853 783 1900 824 ὡς
1919 781 1978 818 καὶ
2004 787 2166 819 πεινᾶσαι
2186 783 2371 830 πολλάκις,

1354 841 1491 887 καὶτῆς
1512 841 1704 893 ἀναγκαίας
1723 843 1900 892 ἀπορῆσαι
1926 843 2066 892 τροφῆς.
2089 843 2166 879 Οὔκ
2187 842 2277 895 ἔχεις
2296 844 2376 881 δυσ-

1354 901 1488 951 γένειαν
1509 905 1614 940 εἷπεῖν
1628 918 1636 925 ·
1660 901 1719 940 καὶ
1737 901 1805 952 γὰρ
1831 904 1954 939 ἐκεῖνοι
1974 901 2105 952 ἄσημοι
2134 897 2236 951 ἦσαν,
2255 904 2314 941 καὶ
2340 904 2374 949 ἐξ

1355 962 1513 1013 ἀσήμων.
1531 964 1608 1001 Οὔκ
1633 961 1723 1014 ἔχεις
1746 962 1917 1000 ἷδιωτείαν
1945 963 2202 1015 προέαλέσθαι·
2222 964 2282 1001 καὶ
2306 964 2374 1018 γὰρ

1353 1024 1476 1061 ἐκεῖνοι
1503 1023 1726 1075 ἀγράμματοι
1744 1018 1847 1070 ἦσαν.
1877 1023 1952 1061 Κᾶν
1979 1025 2097 1067 δοῦλος
2118 1018 2178 1075 ἧς,
2198 1023 2262 1061 κᾶν
2292 1024 2375 1076 δρα-

1353 1083 1478 1131 πένης,
1499 1084 1628 1136 δυνήσῃ
1650 1083 1694 1121 τὰ
1724 1083 1820 1136 παρὰ
1840 1089 1967 1122 σαυτοῦ
1988 1086 2196 1136 πληρῶσαι·
2219 1084 2294 1122 ἐπεὶ
2315 1085 2374 1122 καὶ

1353 1147 1371 1181 ὁ
1408 1144 1597 1195 Ὀνῆσιμος
1632 1148 1781 1187 τοιοῦτος
1803 1139 1857 1191 ἦν.
1883 1145 1974 1182 Ἀλλ’
2005 1144 2067 1195 ὅρα
2096 1148 2162 1182 ποῦ
2181 1146 2281 1182 καλεῖ
2308 1146 2372 1182 αὐ-

1352 1205 1428 1252 τὸν,-
1446 1205 1504 1243 καὶ
1537 1207 1583 1248 εἷς
1608 1204 1714 1242 πόσον
1734 1205 1811 1255 ἄγει
1839 1205 1990 1256 ἀξίωμα.
2019 1204 2098 1242 Ἵνα
2127 1208 2273 1256 κοινωνῇ
2295 1221 2371 1255 μοι,

1352 1265 1452 1317 φησὶν
1466 1296 1476 1313 ,
1498 1267 1532 1303 ἓν
1566 1270 1636 1307 τοῖς
1669 1266 1808 1316 δεσμοῖς
1843 1282 1920 1316 μου.
1957 1268 2034 1304 Οὐκ
2063 1266 2153 1318 ἔχεις
2193 1266 2371 1304 ἀσθένειαν

1353 1328 1475 1363 εἰπεῖν·
1509 1325 1584 1364 ἐπεὶ
1614 1325 1672 1362 καὶ
1694 1326 1863 1376 Τιμόθεος
1884 1331 2035 1369 τοιοῦτος
2049 1321 2104 1373 ἦν,
2125 1326 2256 1370 πυκνὰς
2279 1327 2370 1378 ἔχων

1352 1385 1413 1428 τὰς
1438 1386 1624 1429 ἀσθενείας.
1655 1386 1740 1424 “Oti
1771 1386 1806 1424 δὲ
1839 1387 1984 1433 ἀσθενὴς
2013 1381 2077 1434 ἦν,
2108 1387 2233 1424 ἄκουε·
2274 1387 2370 1439 Οἴνῳ

1353 1447 1457 1499 ὀλίγῳ
1495 1451 1571 1499 χρῶ
1605 1447 1661 1485 διὰ
1698 1448 1756 1486 τὸν
1791 1447 1967 1499 στόμαχον
1999 1463 2076 1495 σου,
2113 1447 2173 1485 καὶ
2211 1447 2273 1491 τὰς
2306 1465 2374 1486 πυ-

1352 1508 1435 1550 κνάς
1457 1525 1514 1547 σου
1529 1507 1714 1550 ἀσθενείας.
1729 1507 1883 1546 Δύναται
1895 1508 2039 1551 ἕκαστος
2051 1509 2107 1546 τὸν
2121 1507 2269 1554 πλησίον
2284 1510 2370 1562 ὠφε-

1351 1569 1452 1615 λεῖν,
1470 1569 1528 1607 ἐὰν
1549 1569 1629 1620 θέλῃ
1650 1569 1693 1606 τὰ
1728 1570 1810 1620 παρ’
1841 1571 1943 1606 αὐτοῦ
1972 1571 2138 1620 πληροῦν.
2163 1571 2242 1621 Οὐχ
2269 1573 2370 1621 ὁρᾶτε

1352 1630 1396 1668 τὰ
1418 1629 1540 1680 δένδρα
1557 1629 1601 1667 τὰ
1623 1630 1765 1681 ἄκαρπα
1790 1632 1864 1672 πῶς
1886 1632 1976 1668 ἐστιν
2003 1630 2140 1682 ἷσΑυρὰ,
2160 1634 2235 1674 πῶς
2261 1630 2370 1679 καλὰ,

1352 1689 1507 1740 εὐμήκη,
1532 1692 1610 1728 λεῖα
1638 1690 1697 1727 καὶ
1729 1689 1866 1741 ὑψηλά,
1887 1690 1978 1728 Ἀλλ’
1995 1691 2024 1728 εἷ
2042 1691 2251 1742 παράδεισον
2278 1691 2372 1743 ἔχοι-

1354 1769 1428 1802 μεν,
1458 1751 1664 1802 βουλοίμεθα
1691 1751 1730 1787 ἂν
1761 1750 1865 1803 ῥοιὰς,
1892 1750 2035 1794 1’ἐλαίας
2054 1751 2145 1803 ἔχειν
2176 1752 2373 1803 καρπίμους

1353 1815 1472 1865 πολλῷ
1494 1814 1625 1863 μᾶλλον
1653 1812 1675 1859 ἢ
1696 1815 1826 1850 ταῦτα·
1852 1815 1966 1850 ἐκεῖνα
1988 1812 2054 1864 γὰρ
2079 1812 2163 1863 πρὸς
2187 1813 2307 1865 τέρψιν
2327 1816 2374 1851 εἷ-

1353 1875 1422 1921 σίν,
1438 1877 1474 1912 οὐ
1503 1874 1587 1924 πρὸς
1606 1872 1773 1925 ὠφέλειαν
1788 1888 1795 1895 ·
1817 1873 1876 1910 καὶ
1902 1877 1923 1919 ἠ
1949 1874 2099 1924 ὠφέλεια
2119 1872 2154 1909 δὲ
2181 1873 2289 1926 μικροί
2319 1873 2372 1917 τίς

1353 1939 1437 1974 ἐστι.
1459 1934 1618 1973 Τοιοῦτοί
1644 1936 1728 1972 εἰσιν
1749 1937 1779 1972 οἱ
1810 1935 1854 1971 τὰ
1880 1937 1990 1972 αὐτῶν
2014 1934 2114 1984 μόνον
2148 1940 2370 1978 σκοποῦντες·

1354 1998 1486 2047 μᾶλλον
1512 1995 1546 2034 δὲ
1563 1994 1639 2032 οὐδὲ
1659 2000 1824 2033 τοιοῦτοι·
1851 1995 1936 2045 πρὸς
1951 1995 2018 2047 γὰρ
2040 1999 2161 2033 καῦσιν
2182 1996 2372 2042 ἐπιτήδειοι

1353 2054 1462 2097 οὗτοι·
1478 2058 1553 2095 ἐπεὶ
1569 2059 1681 2095 ἐκεῖνα
1697 2056 1757 2093 καὶ
1776 2055 1861 2104 πρὸς
1876 2055 2059 2105 οἰκοδομὴν
2076 2055 2134 2092 καὶ
2153 2056 2239 2108 πρὸς
2255 2057 2372 2109 ἀσφά-

1352 2121 1446 2157 λειαν
1474 2122 1540 2156 τῶν
1571 2118 1676 2155 ἔνδον.
1711 2118 1881 2154 Τοιαῦται
1911 2110 1998 2162 ἦσαν
2034 2116 2093 2153 καὶ
2128 2118 2162 2154 αἱ
2188 2118 2372 2168 παρθένοι,

1353 2179 1456 2230 ἁγναὶ
1479 2178 1539 2228 μὲν
1557 2178 1616 2215 καὶ
1634 2177 1778 2227 κόσμιαι
1806 2176 1865 2213 καὶ
1894 2176 2065 2227 σώφρονες
2077 2207 2086 2223 ,
2104 2177 2214 2215 οὐδενὶ
2231 2177 2265 2214 δὲ
2284 2177 2373 2230 χρή-

1355 2253 1467 2289 σιμοι·
1488 2237 1611 2275 διὸκαὶ
1630 2237 1891 2274 κατακαίονται.
1911 2236 2072 2274 Τοιοῦτοί
2086 2239 2169 2274 εἰσιν
2185 2239 2216 2275 οἱ
2233 2237 2280 2287 μὴ
2298 2238 2374 2290 Θρέ-

1354 2302 1480 2350 ψαντες
1498 2299 1555 2335 τὸν
1574 2297 1737 2349 Χριστόν.
1756 2297 1849 2347 εὈρα
1877 2295 1943 2347 γὰρ
1974 2296 2103 2334 τούτων
2127 2297 2248 2334 οὐδένα
2267 2301 2374 2351 ἐγκα-

1354 2360 1518 2409 λούμενον
1553 2358 1640 2408 ὑπὲρ
1660 2359 1727 2394 τῶν
1761 2357 1895 2394 οἰκείων
1927 2357 2204 2408 ἁμαρτημάτων,
2230 2360 2294 2410 οὐχ
2321 2360 2375 2396 ὅτι

1317 2420 1327 2427 ’
1356 2420 1576 2471 ἕπόρνευσεν,
1593 2421 1658 2470 οὐχ
1671 2418 1723 2454 ὅτι
1742 2416 1973 2469 ἐπιώρκησεν,
1992 2416 2086 2454 οὐδὲν
2105 2416 2209 2460 ὅλως·
2228 2420 2304 2455 ἀλλ’
2322 2418 2374 2456 ὅτι

1356 2481 1462 2532 ἑτέρῳ
1486 2481 1534 2530 μὴ
1552 2480 1669 2530 γέγονε
1681 2478 1864 2529 χρήσιμος.
1884 2479 2048 2520 Τοιοῦτος
2062 2472 2102 2524 ἦν
2124 2481 2140 2515 ὃ
2154 2478 2193 2515 τὸ
2206 2478 2373 2516 τάλαντον

1355 2541 1562 2592 κατορύξας,
1583 2540 1736 2586 ἄληπτον
1754 2538 1990 2591 παρεχόμενος
2012 2538 2073 2588 μὲν
2096 2538 2181 2588 βίον,
2203 2538 2309 2591 ἑτέρῳ
2339 2539 2375 2577 δὲ

1354 2605 1414 2640 οὐκ
1431 2601 1477 2638 ὢν
1496 2601 1679 2653 χρήσιμος.
1708 2601 1791 2641 Πῶς
1819 2600 1892 2637 ἐστι
1923 2598 2129 2651 Χριστιανὸς
2155 2602 2173 2636 ὁ
2203 2603 2374 2647 τοιοῦτος;

1353 2662 1444 2700 Εἰπέ
1465 2677 1541 2711 μοι,
1564 2660 1620 2699 ἐὰν
1639 2659 1727 2709 ζύμη
1745 2662 1958 2710 ἀναφυρεῖσα
1977 2659 2110 2711 ἀλεύρῳ
2129 2658 2176 2709 μὴ
2197 2661 2376 2710 μεταστή-

1355 2739 1444 2762 σειεν
1461 2726 1506 2766 εἰς
1521 2722 1583 2769 τὴν
1599 2724 1704 2767 αὐτῆς
1719 2721 1786 2765 ἕξιν
1808 2720 1845 2758 τὸ
1866 2729 1947 2768 πᾶν,
1968 2715 2035 2773 ἆρα
2057 2720 2145 2770 ζύμη
2166 2720 2205 2758 τὸ
2222 2721 2375 2760 τοιοῦτόν

1354 2786 1446 2831 ἐστι,
1464 2783 1510 2821 Τί
1532 2783 1607 2829 δαὶ,
1629 2785 1658 2819 εἰ
1692 2781 1740 2832 μὴ
1773 2781 1877 2833 μύρον
1901 2781 2111 2827 ἀναπλήσειε
2140 2784 2202 2827 τῆς
2235 2782 2378 2826 εὐωδίας

1349 2845 1427 2888 τοὺς
1447 2843 1701 2890 πλησιάζοντας
1714 2872 1722 2888 ,
1755 2842 1861 2893 μύρον
1882 2842 1922 2878 ἂν
1939 2847 2038 2879 τοῦτο
2064 2841 2297 2892 καλέσαιμεν;
2314 2843 2375 2890 Μὴ

1350 2907 1471 2958 εἴπῃς,
1498 2903 1663 2943 ἀδύνατόν
1683 2903 1740 2953 μοί
1761 2906 1852 2940 ἐστιν
1869 2902 2004 2953 ἑτέρους
2021 2904 2202 2953 ἐναγαγεῖν
2215 2918 2222 2926 ·
2248 2903 2287 2940 ἂν
2309 2903 2376 2955 γὰρ

295 2959 383 2997 alios
402 2960 568 2998 inducere
585 2977 592 2997 :
608 2975 691 2999 nam
705 2962 734 2999 si
755 2962 978 3001 Christianus
997 2965 1119 3015 fueris,
1143 2967 1278 3019 impos-
1290 2993 1338 3017 153
1349 2962 1389 3019 ᾗς
1404 2966 1627 3017 Χριστιανὸς,
1646 2963 1810 3002 ἀδύνατον
1830 2964 1868 3000 τὸ
1881 2963 1928 3012 μὴ
1944 2963 2033 3000 οὕτω
2050 2962 2221 3013 γενέσθαι.
2236 2963 2377 3016 ”Ωσπερ

294 3019 396 3057 sibile
413 3030 464 3059 est
485 3030 523 3058 ut
542 3035 611 3059 non
640 3022 714 3059 fiat.
741 3023 833 3060 Nam
853 3032 893 3060 ut
911 3038 951 3062 ea
975 3039 1052 3075 quae
1083 3027 1118 3064 in
1151 3037 1275 3066 natura
1303 3030 1327 3058 A
1349 3028 1415 3080 γὰρ
1430 3026 1473 3064 τὰ
1487 3027 1521 3062 ἐν
1540 3029 1582 3077 τῇ
1602 3026 1700 3077 φύσει
1717 3023 1951 3076 ἀναντίρῥητά
1967 3025 2074 3070 ἐστιν,
2098 3024 2186 3062 Οὕτω
2206 3025 2264 3063 καὶ
2286 3029 2375 3063 ταῦ-

294 3089 375 3117 sunt
391 3080 700 3119 contradictionem
727 3096 795 3120 non
821 3083 951 3121 habent
969 3100 977 3120 :
993 3085 1041 3122 ita
1058 3096 1091 3124 et
1111 3087 1185 3125 haec
1202 3103 1279 3138 quae

294 3139 444 3178 dicimus
462 3141 522 3179 :in
551 3151 673 3180 natura
703 3143 797 3181 enim
827 3144 1019 3183 Christiani
1041 3161 1093 3185 res
1123 3148 1189 3186 sita
1214 3158 1276 3187 est.

295 3200 346 3236 Ne
365 3201 483 3238 Deum
503 3203 712 3240 contumelia
729 3203 875 3242 afficias.
888 3204 926 3242 Si
947 3204 1097 3257 dixeris,
1113 3222 1181 3245 non
1195 3223 1278 3261 pos·

295 3272 331 3296 se
349 3260 456 3297 solem
484 3261 613 3313 lucere,
643 3265 853 3302 contumelia
885 3265 988 3304 illum
1009 3267 1145 3319 afficis3
1169 3269 1197 3307 si
1216 3269 1276 3308 di—

339 3389 355 3410 l)
372 3387 462 3420 Unus
479 3390 562 3422 COd.
580 3396 680 3425 ἐλαίαν
694 3397 769 3434 ἔχειν
782 3398 936 3439 εὔκαρπον.

1349 3104 1412 3125 τα·
1443 3090 1475 3125 ἐν
1498 3087 1563 3138 γὰρ
1581 3090 1623 3137 τῇ
1645 3085 1743 3137 φύσει
1760 3089 1819 3122 τοῦ
1843 3085 2054 3135 Χριστιανοῦ
2083 3091 2200 3123 κεῖται
2223 3085 2264 3123 τὸ
2283 3092 2376 3137 πρᾶ-

1349 3166 1433 3201 γμα.
1453 3148 1514 3194 Μὴ
1534 3147 1648 3200 ῧέριζε
1673 3147 1728 3184 τὸν
1751 3145 1853 3184 Θεόν.
1879 3144 1939 3184 Ἂν
1961 3146 2078 3198 εἴπης,
2107 3146 2160 3184 ὅτι
2180 3149 2197 3184 ὃ
2211 3146 2309 3192 ἥλιος
2337 3148 2375 3184 οὖ

1350 3211 1489 3249 δύναται
1506 3209 1634 3261 φαίνειν
1647 3239 1656 3255 ,
1673 3207 1816 3258 ὔὸρισας
1832 3206 1948 3244 αὐτόν·
1970 3206 2009 3243 ἂν
2027 3208 2126 3258 εἴπης
2139 3237 2148 3254 ,
2169 3206 2222 3245 ὅτι
2241 3211 2259 3246 ὃ
2279 3209 2372 3258 Χρι-

1351 3271 1486 3314 στιανὸς
1508 3271 1545 3308 οὐ
1575 3269 1713 3307 δύναται
1743 3271 1909 3320 ὠφελεῖν,
1939 3269 2081 3319 ὕὲρισας
2106 3270 2162 3308 τὸν
2195 3270 2285 3308 Θεὸν
2314 3262 2373 3305 καὶ
