2466 3805
690 255 731 284 IN
771 254 887 284 ACTA
923 247 1266 282 APOSTOLORUM.
1307 248 1470 279 nomn„
1507 249 1572 278 xi.

85 336 166 374 δέκα
181 335 320 380 παιδία,
338 335 421 373 δέκα
436 336 494 372 καὶ
514 336 714 386 οἰκημάτων
729 336 850 389 χρεία,
870 335 953 372 δέκα
972 346 1097 383 τραπε-

85 399 163 443 ζῶν,
181 394 266 433 δέκα
285 397 480 448 ὑπηρετῶν,
499 395 555 433 καὶ
572 399 634 442 τῆς
653 396 761 441 ἄλλης
787 394 956 449 προσόδου
977 390 1099 431 τοσαύ-

85 472 160 503 της.
185 455 232 494 Τί
251 455 298 503 δὲ,
314 455 394 494 ἔνθα
414 455 541 494 δούλων
559 455 690 501 πλῆθός
704 457 795 494 ἐστιν
809 471 820 502 3
834 454 909 507 οὐχὶ
929 453 984 491 διὰ
1002 456 1101 490 τοῦτο

85 516 211 559 πάντες
236 515 318 566 μίαν
335 515 453 567 ἔχουσι
472 515 658 567 τράπεζαν,
680 516 770 554 ὥστε
792 515 840 567 μὴ
860 513 993 560 πολλὴν
1008 510 1101 563 γενέ-

87 580 167 614 σθαι
181 576 244 623 τὴν
261 577 418 624 δαπάνην
429 593 438 624 3
450 576 495 615 ‘H
507 576 573 628 γὰρ
595 577 756 629 διαίρεσις
772 576 824 614 ἀεὶ
838 575 1024 614 ἐλάττωσιν
1042 575 1103 622 ἐμ-

85 643 196 683 ποιεῖ,
217 641 238 683 ἡ
267 638 333 675 δὲ
320 637 462 688 ομόνοια
481 638 540 675 καὶ
556 637 739 689 συμφωνία
758 636 914 682 αὔξησιν.
937 634 1059 675 Οὕτως
1073 633 1104 669 οἱ

87 699 122 736 ἐν
138 704 209 742 τοῖς
226 698 469 750 μοναστηρίοις
485 700 569 742 ζῶσι
589 701 661 743 νῦν,
679 697 797 750 ὥσπερ
816 696 900 735 ποτὲ
922 708 953 733 οι
972 690 1103 731 πιστοί.

86 760 184 804 Ἰίς
168 777 207 798 αν
231 760 396 798 ἀπέθανεν
415 763 472 798 οὖν
493 761 561 799 ἀπὸ
590 761 716 811 λιμοῦ;
737 759 789 801 τίς
810 758 845 796 δὲ
871 759 909 794 οὐ
937 754 1102 805 διε-τράφη

87 821 175 870 μετὰ
195 821 356 873 ἀφθονίας
372 823 522 868 πολλης;
541 823 612 859 Νῦν
630 820 692 870 μὲν
714 824 770 857 οὐν
791 823 890 855 τοῦτο
909 815 1102 854 δεδοίκασιν

87 882 261 932 ανθρωποι
282 880 459 932 μᾶλλον,
440 898 462 926 η
479 883 525 924 εἷς
539 880 714 931 πέλαγος’
700 884 862 928 εμπεσεῖν
882 877 1027 914 ἄπλετον
1042 873 1102 911 καὶ

88 942 240 993 ἄπειρον.
261 943 344 980 Εἰ
326 941 361 979 οὲ
387 947 509 992 πεῖραν
537 939 777 990 ἐποιησάμεθα
805 937 947 983 τούτου,
965 934 1043 972 τότε
1061 933 1102 969 ἂν
1123 943 1147 972 Β

87 1002 397 1052 κατε-τολμήσαιμεν
410 1006 470 1039 τοῦ
495 999 712 1052 πράγματος.
735 998 853 1044 Πόσην
873 997 936 1034 οἴει
950 1010 1009 1034 και
1029 992 1101 1045 χά-

90 1080 140 1114 ριν
162 1067 274 1109 εἰναι;
291 1065 335 1101 Εἰ
351 1063 418 1114 γὰρ
448 1060 544 1108 τότε,
570 1060 628 1099 ἅτε
650 1060 759 1102 ουδεις
780 1062 821 1105 ἠν
851 1057 992 1104 πιστὸς,
1013 1053 1104 1093 ἀλλὰ

87 1124 273 1174 τρισχίλιοι
292 1123 351 1160 καὶ
382 1121 659 1173 πεντακισχίλιοι
691 1120 792 1171 μόνον
806 1134 815 1142 ·
838 1117 894 1155 ὅτε
912 1117 1040 1159 πάντες
1072 1116 1103 1152 οἱ

86 1187 148 1230 τῆς
169 1183 371 1234 οἰκουμένης
400 1178 488 1230 ἦσαν
510 1181 646 1236 ἐχθροί·
665 1181 722 1221 ὅτε
749 1179 939 1230 οὐδαμόθεν
969 1191 1103 1229 προσε-

87 1245 195 1282 δόκων
208 1243 473 1298 ,ὃπαραμυθίαῃ
489 1243 579 1281 οὕτω
598 1243 638 1290 δὴ
655 1240 921 1292 κατετόλμησαν
937 1242 997 1276 τοῦ
1015 1237 1103 1289 πρά-

86 1320 233 1357 γματος·
253 1305 352 1357 πόσῳ
371 1307 501 1355 μᾶλλον
524 1309 580 1343 νῦν
599 1308 699 1342 τοῦτο
724 1302 764 1340 ἂν
784 1301 916 1353 ἐγένετο
930 1331 939 1349 ,
960 1299 1040 1337 ἔνθα
1058 1301 1101 1350 τῇ

87 1371 146 1405 τοῦ
166 1368 257 1405 Θεοῦ
268 1367 387 1418 χάριτι
405 1369 585 1417 πανταχοῦ
599 1367 662 1411 τῆς
681 1362 886 1414 οἰκουμένης
900 1360 1018 1399 πιστοί
1029 1377 1038 1409 3
1051 1360 1104 1403 τίς

88 1427 120 1465 δ’
136 1428 175 1464 ἂν
198 1428 314 1477 ἔμενεν
333 1426 468 1473 ΕΈλλην
494 1426 633 1472 λοιπόν;
652 1424 788 1464 Οὐδένα
802 1423 910 1475 ἔγωγε
929 1426 1082 1475 ἡγοῦμαι
1095 1437 1102 1445 ·

87 1488 194 1531 οὕτως
215 1488 254 1525 ἂν
273 1487 405 1530 πάντας
422 1487 713 1538 ἐπεσπασάμεθα,
724 1485 784 1523 καὶ
799 1485 1007 1535 εἱλκύσαμεν
1021 1483 1107 1534 πρὸς

87 1552 179 1599 ἡμᾶς
199 1548 331 1592 αὐτούς.
348 1549 450 1596 Πλὴν
471 1550 546 1587 ἀλλ’
575 1549 632 1586 ἐὰν
654 1549 722 1599 ὁδῷ
740 1547 758 1565 *
774 1545 883 1597 ταύτῃ
907 1543 1104 1596 προὸαίνω-
1127 1552 1150 1581 C

87 1626 165 1660 μεν,
183 1609 335 1648 πιστεύω
349 1612 398 1662 τῷ
419 1612 519 1661 Θεῷ,
534 1609 587 1647 ὅτι
607 1609 666 1647 καὶ
683 1613 783 1647 τοῦτο
801 1606 910 1645 ἔσται.
928 1604 1103 1651 Πείσθητέ

89 1687 147 1720 μοι
170 1671 284 1720 μόνον,
301 1671 359 1708 καὶ
379 1671 469 1708 κατὰ
484 1670 578 1714 τάξιν
593 1668 857 1721 κατορθώσομεν
875 1666 918 1704 τὰ
935 1667 1102 1719 πράγμα-

87 1747 151 1768 τα·
170 1732 229 1769 καὶ
254 1731 294 1768 ἂν
326 1735 343 1770 ὁ
362 1731 450 1775 Θεὸς
470 1730 561 1777 ζωὴν
593 1731 660 1783 δῷ,
689 1728 844 1768 πιστεύω
858 1758 867 1775 ,
885 1727 938 1766 ὅτι
970 1727 1106 1780 ταχέως

88 1793 133 1835 εἷς
152 1791 280 1839 ταύτην
301 1795 394 1842 ἡμᾶς
414 1792 538 1843 ἄξομεν
558 1791 620 1838 τὴν
640 1790 830 1829 πολιτείαν.

141 1919 239 1962 Τέως
252 1919 309 1957 τὸν
328 1918 431 1969 νόμον
447 1919 504 1957 τὸν
523 1919 605 1971 περὶ
624 1922 683 1956 τοῦ
704 1918 807 1969 ὅρκου
837 1917 1082 1969 κατορθώσατε
1095 1948 1104 1966 ,

89 1980 147 2017 καὶ
167 1979 404 2031 βεὸαιώσατε·
426 1980 484 2018 καὶ
515 1984 532 2018 ὁ
554 1979 704 2032 φυλάξας
733 1978 790 2016 τὸν
825 1977 872 2029 μὴ
907 1978 1106 2030 φυλάξαντα

90 2041 191 2085 δῆλον
206 2039 362 2087 ποιείτω,
382 2041 440 2078 καὶ
459 2040 648 2091 ἕγκαλείτω
673 2040 808 2085 λοιπὸν,
829 2040 888 2077 καὶ
909 2040 1105 2090 ἐπιτιμάτω

829 2099 845 2121 ¹³
861 2100 919 2138 καὶ
951 2100 1104 2144 ἐξέτασιν

90 2102 256 2153 σφοδρῶς.
285 2101 330 2138 εΗ
358 2101 425 2154 γὰρ
459 2101 652 2153 προθεσμία
677 2100 798 2153 ἐγγὺς,

89 2161 224 2207 ποιήσω
242 2167 302 2200 τοῦ
325 2162 529 2215 πράγματος
541 2191 551 2210 ,
568 2162 628 2200 καὶ
648 2162 705 2200 τὸν
725 2162 852 2199 ἁλόντα
868 2160 1023 2212 ἀφορίσω
1046 2161 1105 2199 καὶ

90 2222 251 2274 ἀπείρξω.
286 2223 390 2262 Ἀλλὰ
420 2222 553 2274 μηδένα
577 2222 709 2272 γένοιτο
738 2225 891 2259 τοιοῦτον
923 2223 1104 2272 εὑρεθῆναι

88 2286 169 2335 παρ’
188 2288 285 2335 ἡμῖν,
298 2284 386 2322 ἀλλὰ
401 2283 532 2325 πάντας
548 2283 635 2333 μετὰ
646 2282 824 2334 ἀκριὸείας
837 2282 876 2320 τὸ
895 2281 1056 2332 σύνθημα
1065 2283 1104 2321 τὸ

86 2345 318 2395 πνευματικὸν
336 2348 437 2382 τοῦτο
455 2342 613 2395 φυλάξαι.
634 2342 802 2396 Καθάπερ
828 2337 884 2380 οῦν
901 2345 933 2381 ἐν
959 2342 1103 2395 πολέμῳ

87 2405 156 2449 ἀπὸ
179 2410 239 2444 τοῦ
258 2403 474 2456 συνθήματος
500 2403 535 2442 οἵ
548 2420 587 2441 τε
605 2405 724 2442 οἰκεῖοι
744 2404 803 2441 καὶ
823 2403 998 2456 ἀλλότριοι
1017 2420 1104 2455 γνω-

88 2466 236 2517 ρίζονται
252 2482 258 2489 ·
274 2466 363 2504 οὕτω
384 2465 425 2513 δὴ
445 2466 504 2504 καὶ
523 2469 579 2503 νῦν
602 2464 762 2516 γινέσθω.
780 2465 850 2503 Καὶ
868 2464 937 2517 γὰρ
964 2465 1024 2503 καὶ
1046 2469 1102 2503 νῦν

87 2529 121 2565 ἐν
141 2527 284 2579 πολέμῳ
303 2527 420 2577 ἐσμὲν,
434 2525 490 2564 ἵνα
504 2526 564 2564 καὶ
586 2525 663 2569 τοὺς
683 2525 847 2578 ἀδελφοὺς
861 2524 1103 2576 ἐπιγινώσκω-

89 2604 150 2637 υεν
166 2603 243 2631 τους
262 2587 416 2630 οἰκείους.
435 2586 546 2625 ΕὈσον
565 2585 631 2638 γάρ
651 2588 743 2625 ἐστιν
759 2586 884 2637 ἀγαθὸν
904 2590 1005 2624 τοῦτο
1019 2590 1104 2636 ἡμῖν

88 2652 174 2686 εἶναι
191 2648 230 2686 τὸ
258 2647 461 2700 γνώρισμα,
476 2647 535 2686 καὶ
565 2649 711 2686 ἐνταῦθα
735 2663 794 2686 και
814 2647 872 2685 ἐπι
902 2650 964 2694 τῆς
996 2649 1105 2686 ἀλλο-

86 2709 200 2762 τρίας;
219 2713 288 2747 οἱον
304 2714 403 2747 τοῦτο
423 2708 527 2747 οπλον
552 2707 644 2746 κατὰ
661 2725 724 2754 της
744 2711 803 2747 τοῦ
823 2709 1009 2747 οδιαὸόλου
1032 2725 1105 2760 μη-

86 2785 212 2822 χανηςς
230 2769 353 2821 Στόμα
368 2786 434 2822 γαρ
456 2772 517 2808 οὐκ
535 2769 656 2813 εἷδὸς
641 2785 790 2820 ομνυειν,
806 2769 941 2822 ταχέως
965 2769 1025 2808 καὶ
1047 2770 1104 2808 τὸν

86 2832 174 2870 Θεὸν
195 2834 227 2870 ἐν
246 2832 365 2884 εὐχαῖς
383 2831 637 2879 ἐπισπάσεται,
656 2831 716 2869 καὶ
731 2831 788 2870 τὸν
805 2831 965 2869 διάὸολον
979 2830 1105 2877 πλήξει

87 2893 223 2944 καιρίαν
244 2893 381 2944 πληγήν
396 2909 403 2915 ·
423 2892 537 2943 στόμα
559 2893 621 2929 οὐκ
637 2891 724 2936 εἷδὸς
743 2891 977 2942 ὄμνύειν,οὐδὲ
1007 2892 1105 2944 ὑδρί-

87 2955 153 2996 ζειν
172 2953 311 2991 εἴσεται.
330 2953 498 3005 Καθάπερ
516 2951 551 2996 ἐξ
575 2952 685 2996 οἰκίας
700 2952 812 3002 τινὸς,
825 2953 935 2996 οὕτως
954 2953 1023 2991 ἀπὸ
1041 2956 1103 2999 τῆς

87 3013 242 3064 γλώττης
261 3013 300 3051 τὸ
317 3018 386 3066 πῦρ
406 3014 531 3052 ἔκὸαλε
558 3018 658 3052 τοῦτο
670 3044 679 3062 ,
696 3014 755 3051 καὶ
780 3014 996 3066 παρέλκυσον
1027 3014 1102 3059 ἔξω.

89 3075 155 3117 Δὸς
181 3076 266 3125 αὐτῇ
287 3075 407 3126 μικρὸν
425 3078 654 3113 ἀναπνεῦσαι·
674 3075 712 3112 τὸ
733 3074 832 3118 ἕλκος
861 3074 1102 3126 ἀσθενέστερον

88 3134 245 3181 ποίησον.
269 3135 338 3172 Ναὶ
354 3138 547 3187 παρακαλῶ
560 3167 569 3184 ,
585 3135 641 3174 ἵνα
661 3138 742 3186 ὑμῖν
759 3136 817 3173 καὶ
834 3135 888 3173 ἕτε
896 3136 950 3188 ρόν
964 3152 997 3173 τι
1014 3137 1103 3173 ἐκδῶ

90 3195 235 3245 μάθημα
251 3211 256 3217 ·
279 3194 373 3234 οὔπω
389 3196 456 3248 γὰρ
475 3196 595 3234 τούτου
615 3196 910 3248 κατωρθωμένου,
933 3199 969 3234 οὐ
985 3198 1103 3247 τολμῶ

92 3255 147 3292 ἐπὶ
174 3255 285 3305 ἕτερον
303 3272 334 3292 τι
359 3258 480 3294 ἐλθεῖν.
503 3258 615 3295 Τοῦτο
634 3257 720 3306 μετὰ
739 3257 916 3309 ἀκριῧείας
935 3262 1013 3308 ὑμῖν
1036 3273 1101 3295 κα·-

137 3377 147 3390 <³
166 3367 277 3398 Codex
296 3379 376 3399 uuus
393 3375 585 3414 παραμυθίαν
602 3376 738 3404 τοσοῦτον
755 3374 1008 3413 numisma-221„

140 3420 152 3433 ¹¹
172 3418 287 3464 [ταύτῃ
305 3421 459 3452 omissum
475 3422 506 3452 in
523 3421 581 3463 D]

2066 248 2079 275 Ῑ
2092 247 2153 293 09

1170 327 1321 380 dispersi
1334 329 1414 381 plus
1429 328 1662 382 impendant?
1680 327 1803 366 Palam
1819 324 1979 376 estquod
1991 324 2151 377 dispersi.

1171 390 1262 427 Nam
1281 389 1311 427 si
1330 390 1580 442 dispergantur
1598 388 1721 427 decem
1740 387 1822 438 filii,
1846 387 1969 424 decem
1987 385 2154 424 domibus

1171 448 1237 488 erit
1253 464 1357 502 opus,
1383 451 1505 489 decem
1526 450 1670 498 mensis,
1689 449 1812 487 decem
1829 447 1987 495 famulis,
2007 455 2153 485 caetero-

1173 524 1241 560 que
1258 510 1422 549 similiter
1440 520 1629 564 proventu.
1651 509 1750 557 Quid
1770 523 1866 558 vero,
1887 507 1951 545 ubi
1970 520 2155 545 servorum

1174 579 1224 607 est
1234 571 1454 610 multitudo?
1471 586 1584 610 nonne
1598 571 1678 610 ideo
1690 584 1811 609 omnes
1823 569 1984 607 eamdem
1997 581 2156 606 mensam

1173 630 1305 668 babent
1311 661 1323 681 3
1340 646 1383 670 ne
1398 633 1512 684 major
1530 632 1593 669 fiat
1612 631 1794 684 impensa?
1811 631 1904 669 Nam
1919 628 2049 668 divisio
2066 642 2156 666 sem-

1174 705 1237 742 per
1255 692 1539 730 imminutionem
1548 692 1662 744 parit3
1685 691 1870 730 concordia
1894 700 1928 729 et
1948 702 2153 739 consensus,

1173 760 1414 802 augmentum.
1434 752 1494 790 Sic
1514 752 1552 790 in
1575 752 1796 789 monasteriis
1821 765 1915 788 nunc
1945 749 2095 800 vivitur,
2116 758 2157 787 ut

1173 811 1258 848 olim
1284 811 1407 849 fideles
1433 812 1616 851 vivebant.
1646 811 1737 858 Quis
1766 813 1860 849 fame
1890 820 2050 848 mortuus
2077 810 2156 848 est?

1172 871 1251 921 quis
1264 885 1334 909 non
1348 872 1487 923 copioso
1506 872 1586 909 cibo
1603 881 1725 923 pastus
1740 872 1819 909 est?
1835 872 1868 908 N
1871 885 1938 908 unc
1956 880 2072 908 tamen
2088 871 2156 909 hoc

1172 930 1286 982 magis
1301 931 1425 969 timent
1447 931 1627 980 homines,
1643 945 1752 981 quam
1770 930 1806 967 in
1825 931 1974 982 pelagus
2002 931 2152 968 immen—

1173 1006 1253 1030 sum
1272 992 1439 1030 incidere.
1456 992 1496 1030 Si
1516 1001 1635 1030 autem
1663 992 1772 1043 hujus
1800 990 1851 1028 rei
1878 990 2081 1042 periculum
2105 992 2155 1028 fe-

1172 1052 1360 1103 cissemus,
1379 1068 1453 1091 rem
1479 1053 1646 1091 audacter
1664 1051 1949 1104 aggrederemur.
1975 1051 2156 1098 Quantam

1173 1122 1276 1165 putas
1291 1114 1391 1152 illam
1409 1128 1482 1152 esse
1500 1113 1673 1165 gratiam?
1692 1112 1732 1152 Si
1747 1113 1841 1151 enim
1862 1121 1959 1163 tunc,
1980 1126 2062 1150 cum
2078 1113 2156 1151 nul-

1174 1173 1230 1212 lus
1248 1188 1336 1226 pene
1352 1183 1439 1212 esset
1456 1173 1592 1223 fidelis,
1609 1173 1671 1211 sed
1698 1173 1815 1211 solum
1843 1173 1912 1212 tria
1938 1182 1971 1211 et
2001 1173 2157 1225 quinque

1173 1234 1288 1272 millia
1296 1250 1307 1284 3
1329 1249 1411 1273 cum
1431 1248 1552 1272 omnes
1563 1263 1574 1283 3
1595 1233 1657 1285 qui
1682 1233 1719 1272 in
1750 1235 1884 1271 mundo
1904 1243 2021 1283 erant,
2039 1234 2156 1272 hostes

1172 1307 1303 1349 essent3
1323 1312 1406 1336 cum
1420 1312 1593 1350 nusquam
1612 1297 1886 1336 consolationem
1901 1306 2155 1350 exspectarent,

1171 1368 1246 1396 tam
1276 1368 1417 1397 strenue
1444 1373 1520 1396 rem
1549 1372 1638 1410 agffl
1640 1372 1707 1396 essi
1736 1367 1818 1396 sunt
1850 1367 2016 1409 :quanto
2043 1358 2157 1410 magis

1174 1434 1284 1470 nunc,
1304 1434 1387 1458 011111
1403 1434 1466 1472 per
1481 1419 1547 1457 Dei
1567 1419 1718 1472 glatiam
1742 1433 1806 1471 per
1832 1428 1948 1457 totum
1972 1420 2095 1457 orbem
2114 1420 2157 1457 fi—

1175 1483 1270 1523 deles
1296 1492 1380 1521 sunt
1391 1483 1408 1521 Ξ)
1421 1483 1501 1534 quis
1510 1484 1586 1535 jam
1602 1491 1797 1535 superesset
1827 1481 1995 1534 gentilis?
2010 1482 2155 1532 Nullus,

1175 1547 1300 1599 opinor
1308 1561 1319 1595 3
1339 1545 1388 1583 ita
1414 1559 1533 1583 omnes
1561 1545 1828 1582 attraxissemus
1853 1553 1886 1582 et
1911 1544 2013 1582 nobis
2040 1545 2158 1582 conci-

1172 1608 1369 1646 liassemus.
1393 1608 1569 1645 Caeterum
1582 1606 1612 1644 si
1627 1606 1695 1644 hac
1710 1605 1770 1643 via
1789 1604 2077 1657 progrediamur,
2097 1620 2159 1657 per

1175 1670 1292 1707 Deum
1317 1682 1419 1720 spero
1440 1668 1491 1706 510
1509 1681 1584 1705 rem
1610 1667 1770 1705 futuram
1795 1680 1879 1704 esse.
1909 1666 2160 1718 Obtemperate

1175 1731 1264 1769 mihi
1279 1739 1429 1777 tantum,
1442 1739 1477 1767 et
1494 1743 1558 1782 per
1575 1728 1740 1767 ordinem
1760 1742 1837 1766 rem
1859 1727 1949 1765 bene
1970 1741 2133 1780 geremus
2150 1743 2157 1763 ε

1175 1800 1208 1829 et
1222 1791 1251 1829 si
1267 1793 1363 1829 Deus
1391 1790 1501 1830 vitam
1536 1788 1672 1827 dederit
1683 1818 1694 1838 3
1715 1787 1818 1826 credo
1849 1788 1923 1826 fore
1952 1797 1991 1825 ut
2026 1788 2096 1826 cito
2121 1787 2157 1825 in

1174 1852 1266 1890 hanc
1283 1852 1365 1890 vitae
1383 1851 1556 1889 rationem
1572 1863 1634 1887 nos
1652 1850 1866 1900 ingeramus.

1228 1914 1266 1951 k.
1294 1913 1442 1952 Interim
1461 1912 1577 1963 legem
1597 1910 1642 1949 de
1662 1912 1863 1963 juramento
1882 1910 2026 1962 implete
2039 1925 2079 1948 ac
2096 1911 2158 1948 fn-

2252 1922 2360 1950 Contra

1175 1974 1280 2012 miter
1297 1982 1409 2011 tenete
1433 1988 1440 2009 :
1463 1981 1498 2010 et
1518 1971 1581 2022 qui
1607 1980 1741 2019 servat,
1762 1985 1832 2009 non
1863 1980 2062 2009 servantem
2084 1970 2346 2009 Ina-juramenta.

1175 2034 1343 2072 nifestum
1359 2033 1482 2082 faciat,
1503 2032 1639 2069 incuset
1669 2031 1964 2081 vehementerque
1989 2031 2157 2083 inciepet.

1175 2095 1397 2132 Praefinitum
1415 2093 1508 2131 enim
1524 2101 1662 2144 tempus
1678 2106 1788 2144 prope
1807 2101 1878 2141 est,
1899 2101 1932 2129 et
1946 2092 1996 2130 rei
2016 2092 2158 2143 perqui-

1174 2157 1337 2195 sitionem
1366 2155 1512 2203 faciam,
1543 2154 1873 2206 deprehensumque
1903 2154 2095 2205 segregabo
2127 2164 2161 2192 et

1174 2216 1378 2255 excludam.
1410 2214 1513 2253 Absit
1539 2223 1675 2263 autem,
1703 2227 1747 2251 ne
1774 2213 1855 2264 quis
1881 2214 1962 2251 talis
1982 2213 2078 2265 apud
2098 2228 2160 2252 nos

1174 2276 1393 2325 inveniatur3
1413 2275 1475 2313 sed
1502 2288 1623 2312 omnes
1652 2283 1816 2312 accurate
1833 2274 1902 2312 1100
1922 2283 2068 2327 paetum
2090 2289 2161 2313 ser-

1173 2346 1258 2377 vent
1284 2336 1483 2389 spirituale.
1502 2337 1553 2374 Ut
1568 2335 1663 2373 enim
1680 2334 1717 2372 in
1732 2335 1827 2373 bello
1846 2349 1891 2374 ex
1909 2344 2038 2373 tessera
2060 2349 2159 2373 com—

1175 2398 1353 2436 militones
1365 2407 1398 2435 et
1411 2398 1473 2435 alii
1485 2397 1758 2448 dignoscuntur,
1772 2396 1821 2434 ita
1834 2405 1867 2434 et
1877 2410 1971 2434 nunc
1981 2396 2055 2437 fiat.
2068 2397 2161 2435 Nam

1175 2468 1210 2497 et
1228 2473 1323 2497 nunc
1342 2459 1380 2496 in
1397 2458 1492 2496 bello
1510 2471 1647 2508 sumuS,
1663 2466 1702 2495 ut
1721 2466 1755 2495 et
1768 2458 1893 2495 fratres
1911 2471 2157 2509 agnoscamus.

1176 2521 1358 2568 Quantum
1375 2521 1509 2558 bonum
1526 2519 1595 2557 erit
1612 2518 1714 2556 nobis
1733 2519 1801 2556 1100
1818 2518 2043 2570 signaculum
2056 2529 2089 2557 ct
2103 2519 2163 2556 1110

1175 2592 1209 2621 et
1224 2583 1260 2621 in
1278 2583 1392 2620 aliena
1406 2581 1527 2619 terra?
1547 2580 1667 2630 qualia
1683 2589 1763 2618 sunt
1779 2580 1855 2618 haec
1875 2595 1972 2618 arma
1991 2580 2162 2620 adversus

1174 2644 1312 2682 diaboli
1342 2642 1551 2681 machinas?
1574 2642 1625 2679 Os
1651 2641 1745 2679 enim
1759 2642 1883 2693 jurare
1898 2642 2070 2690 nesciens,
2092 2642 2162 2679 cito

1175 2708 1292 2745 Deum
1309 2706 1344 2744 in
1360 2704 1526 2758 precibus
1546 2703 1715 2752 attrahet,
1733 2711 1768 2740 et
1786 2702 1889 2753 gravi
1903 2703 2010 2754 plaga
2029 2702 2160 2740 diabo-

1174 2766 1250 2805 lum
1264 2767 1364 2805 feriet
1381 2782 1388 2802 :
1405 2779 1443 2804 os
1455 2765 1578 2816 jurare
1593 2763 1749 2801 nesciens
1762 2793 1773 2812 3
1787 2776 1851 2800 nec
1868 2763 2161 2801 contumeliosum

1174 2828 1254 2866 erit.
1270 2829 1321 2866 Ut
1335 2842 1381 2865 ex
1399 2826 1519 2873 domo,
1538 2825 1589 2863 sic
1607 2839 1653 2862 ex
1670 2824 1794 2876 lingua
1812 2823 1909 2861 hunc
1925 2823 2043 2875 ignem
2056 2824 2158 2876 ejice,

1175 2899 1209 2927 et
1228 2889 1320 2928 foras
1337 2887 1452 2926 trahe.
1471 2888 1529 2924 Da
1544 2886 1613 2939 ipsi
1627 2885 1760 2937 linguae
1774 2894 1813 2923 ut
1831 2885 1981 2937 paulum
1996 2885 2159 2936 respiret,

1175 2960 1209 2989 et
1240 2950 1342 2988 ulcus
1372 2947 1551 2986 infirmius
1583 2945 1735 2984 reddito.
1778 2945 1898 2983 Etiam
1930 2945 2088 2995 obsecro,
2123 2955 2162 2983 ut

1175 3012 1281 3050 aliam
1297 3010 1401 3050 vobis
1423 3007 1651 3060 disciplinam
1679 3006 1819 3044 tradam
1839 3021 1847 3042 :
1869 3019 1949 3043 cum
1974 3005 2070 3043 enim
2095 3006 2167 3044 hoc

1175 3073 1334 3113 nondum
1353 3070 1579 3110 emendatum
1603 3069 1671 3117 sit,
1689 3082 1757 3106 non
1783 3067 1897 3105 ausim
1918 3066 1963 3104 ad
1982 3067 2082 3105 aliud
2100 3082 2161 3107 ve-

1175 3135 1264 3173 nire.
1293 3134 1369 3172 Hoc
1398 3146 1481 3170 cum
1516 3129 1700 3182 diligentia
1729 3143 1748 3166 a
1778 3128 1881 3167 vobis
1919 3127 2117 3180 corrigatur
2154 3146 2160 3164 :

1175 3196 1284 3248 hujus
1304 3193 1420 3246 operis
1440 3205 1581 3230 sensum
1615 3189 1779 3241 accipite,
1799 3198 1831 3227 et
1853 3198 1938 3227 tunc
1954 3189 2056 3228 vobis
2077 3190 2163 3228 alias

1176 3256 1343 3295 inducam
1365 3255 1459 3305 leges
1472 3269 1482 3303 3
1506 3252 1577 3289 imo
1606 3265 1674 3289 non
1706 3264 1783 3301 ego,
1807 3250 1868 3289 sed
1896 3250 2067 3290 Christus.
2090 3251 2164 3289 Hoc

1207 3371 1221 3394 b
1239 3368 1333 3401 Idem
1348 3373 1394 3400 καὶ
1412 3373 1550 3407 ποιοῦμαι
1572 3369 1700 3403 ἐξέτασιν
1717 3370 1781 3397 τοῦ.

1208 3432 1220 3446 c
1237 3420 1332 3454 Idem
1350 3422 1483 3454 διαὸόλου
1496 3420 1638 3463 κεφαλῆς;
1659 3423 1766 3457 στόμα.
