2502 3810
795 294 835 323 {N
875 291 1015 321 EPlsT.

142 378 226 416 πία’
260 377 374 427 ”Οπερ
395 394 452 415 και
473 379 625 429 αλλαγου
644 376 775 427 ἔλεγεν·
810 373 970 424 Οὖκέγὼ
992 371 1048 418 δὲ,
1076 371 1152 409 ἀλλ’

141 443 161 484 ἦ
182 438 284 490 ’χάρις
312 443 371 476 τοῦ
388 439 480 476 Θεου
509 441 529 483 ἡ
556 453 615 476 συν
643 437 733 487 ἐμοί.
765 436 835 474 Και
853 436 968 476 καλῶς
987 437 1092 476 εἶπεν,
1112 430 1152 468 Ἃ

138 497 392 547 προητοίμασεν
410 513 456 540 εις
473 497 584 541 δόξαν.
610 497 756 542 Ἔπειοὴ
771 495 838 547 γὰρ
853 510 953 532 τουτο
968 492 1151 539 ὠνείδιζον,

136 558 176 596 ὅτ
180 574 189 594 ι
208 558 357 610 χάριτιε
344 557 431 595 ἐσώθ
435 573 536 604 ησαν,
554 558 614 595 καὶ
633 556 877 607 καταισχύνειν
897 553 1017 595 αὐτοὺς
1039 552 1151 601 ἐνόμι-

139 620 217 666 ζον,
248 621 287 656 ἐκ
315 620 446 665 πολλης
477 635 538 665 της
565 618 761 671 περιουσίας
786 615 915 661 ταύτην
937 618 1071 665 ἀναιρεῖ
1089 612 1150 659 τὶν

137 679 310 717 ὑπόνοιαν.
348 681 392 717 Εἷ
419 695 485 731 γαρ
501 696 550 717 τω
569 681 650 717 Θεῶ
669 679 708 717 τὸ
728 683 876 728 πρᾶγμα
896 674 995 718 δόξαν
1014 674 1046 720 ἦ
1044 688 1150 723 εγκε,

136 740 256 776 πολλω
287 742 417 789 μᾶλλον
451 739 614 783 ἐκείνοις,
650 738 694 776 δι’
725 741 771 775 ὡν
804 741 822 775 ὁ
853 735 942 778 Θεὸς
972 732 1150 778 ἐδοξάσθη.

138 799 270 837 Σκόπει
299 799 335 836 δε
364 800 466 838 αὐτοῦ
497 798 756 850 εὐγνωμοσύνην
784 797 842 834 καὶ
861 795 982 846 σοφίαν
1003 794 1148 844 ἄφατον.

138 859 332 910 Δυνάμενος
361 860 428 912 γὰρ
457 859 505 910 μὴ
536 859 593 897 τὸν
618 857 756 910 Φαραὼ
784 860 1006 906 παρενεγκεῖν
1026 855 1074 895 εἷς
1092 852 1148 890 τὸν

137 919 216 970 περὶ
243 922 309 957 τῶν
330 920 570 971 κολαζομένων
591 918 704 969 λόγον,
729 917 804 953 ἀλλ’
824 915 859 958 ἐξ
880 914 1055 952 Ἰουδαίων
1072 913 1149 956 τοὺς

139 980 404 1030 ἡμαρτηκότας,
431 980 490 1017 καὶ
519 979 724 1030 σαφέστερον
759 976 890 1026 μᾶλλον
918 977 1063 1019 ποιῆσαι
1089 973 1147 1010 τὸν

135 1040 247 1089 λόγον,
263 1041 321 1077 καὶ
339 1040 445 1083 δεῖξαι
468 1039 520 1078 ὅτι
542 1039 622 1076 ἔνθα
648 1039 678 1076 οἱ
699 1037 796 1074 αὐτοὶ
818 1034 962 1086 πατέρες
978 1064 988 1082 ,
1009 1034 1088 1071 ἔνθα
1104 1032 1146 1070 τὰ

134 1099 222 1136 αὐτὰ
249 1099 487 1150 ἁμαρτήματα
502 1129 511 1147 ,
539 1101 570 1136 οἳ
597 1097 660 1148 μὲν
677 1096 876 1143 ἀπώλοντο,
894 1096 925 1131 οἱ
945 1093 980 1132 δὲ
996 1093 1146 1139 ἠλεήθη-

134 1175 209 1206 σαν,
239 1159 297 1196 καὶ
325 1165 442 1196 πεῖσαι
472 1158 598 1208 μηκέτι
626 1158 815 1209 διαπορεῖν,
846 1158 873 1192 εἷ
901 1155 961 1191 καὶ
989 1154 1021 1198 ἐξ
1043 1155 1146 1190 ἐθνῶν

131 1234 220 1261 τινες
251 1218 442 1265 ἐσώθησαν,
475 1218 652 1257 Ἰουδαίων
697 1215 963 1267 ἀπολλυμένων·
1003 1214 1060 1252 ἵνα
1098 1214 1146 1265 μὴ

132 1279 260 1331 ποιήσῃ
292 1279 349 1318 τὸν
380 1279 481 1331 λόγον
514 1279 687 1333 φορτικὸν,
719 1278 781 1325 τὴν
803 1278 884 1353 μὲνυ
884 1280 946 1323 τῆς
973 1276 1147 1318 κολάσεως

133 1340 338 1384 ἀπόοειξιν
320 1340 388 1378 απὸ
406 1355 465 1377 του
485 1340 660 1392 βαρὸάρου
680 1339 777 1391 παρά
779 1355 843 1390 γει,
861 1354 951 1376 ωστε
973 1337 1020 1388 μὴ
1042 1339 1147 1387 ἀναγ-

132 1403 302 1446 κασθηναι
331 1401 436 1448 σκεύη
467 1403 569 1453 ὀργῆς
590 1402 654 1438 αὐτ
656 1399 712 1443 ους
731 1399 901 1437 καλέσαι·
922 1414 998 1441 τους
1017 1397 1051 1435 δὲ
1068 1400 1145 1436 ἐλε-

131 1478 148 1499 ο
151 1462 293 1512 μένους
313 1461 382 1499 ἀπὸ
398 1467 456 1500 τοῦ
474 1461 583 1512 δήμου
598 1465 665 1499 τῶν
679 1460 853 1498 Ἰουοαίων
869 1458 1031 1511 παράγει.
1053 1457 1143 1495 Καί-

131 1537 184 1559 τοι
205 1538 243 1572 γε
264 1525 389 1565 ἱκανῶς
417 1521 473 1559 καὶ
501 1520 589 1573 ὑπὲρ
607 1524 667 1558 τοῦ
689 1523 779 1559 Θεοῦ
803 1521 1070 1569 Βάπολογεῖται,
1093 1517 1145 1556 ὅτι

132 1583 189 1620 καὶ
216 1583 346 1635 σφόδρα
378 1583 478 1620 αὐτὸν
510 1581 607 1625 εἰδὼς
628 1581 861 1633 ἀπαρτίζοντα
884 1580 1004 1618 ἑαυτὸν
1029 1584 1147 1622 σκεῦος

132 1642 322 1690 ἀπωλείας,
360 1642 453 1694 ὅμως
491 1643 536 1680 τὰ
573 1645 656 1695 παρ’
690 1644 811 1680 ἑαυτοῦ
843 1640 1047 1691 εἰσήνεγκε,
1081 1639 1144 1685 τὴν

132 1702 280 1754 ἀνοχὴν,
315 1703 377 1749 τὴν
413 1703 678 1756 μακροθυμίαν,
720 1703 779 1740 καὶ
815 1705 881 1755 οὐχ
918 1703 1036 1745 ἁπλῶς
1072 1716 1144 1751 μα-

131 1763 342 1815 κροθυμίαν,
377 1764 466 1802 ἀλλὰ
497 1764 628 1810 πολλὴν
662 1763 919 1815 μακροθυμίαν·
954 1763 1029 1800 ἀλλ’
1052 1761 1145 1812 ὅμως

130 1826 191 1862 οὐκ
223 1824 390 1872 ἠθέλησεν
426 1826 483 1863 ἐπὶ
520 1827 587 1863 τῶν
622 1824 799 1864 Ἰουδαίων
834 1824 918 1862 αὐτὸ
956 1823 1142 1875 γυμνάσαι.

131 1886 242 1923 Πόθεν
273 1881 329 1925 οὖν
356 1890 386 1925 οἳ
415 1886 477 1936 μὲν
501 1886 606 1934 σκεύη
635 1889 757 1939 ὀργῆς,
782 1889 813 1925 οἷ
836 1885 871 1924 δὲ
896 1884 1028 1931 ἐλεόυς;
1061 1884 1144 1923 Ἀπὸ

579 1947 622 1986 Ὁ
660 1947 694 1986 δὲ
727 1947 816 1990 Θεὸς
850 1946 982 1999 σφόδρα
1018 1945 1145 1997 ἀγαθὸς

128 2006 188 2053 ὧν,
218 2009 271 2044 ἐπ’
299 2008 503 2060 ἀμφοτέρων
527 2009 590 2054 τὴν
611 2008 718 2056 αὐτὴν
738 2008 972 2047 ε’πιῗείκνυται
994 2007 1144 2060 χρηστό-

129 1947 361 1998 προαιρέσεως
391 1948 530 1992 οἰκείας.

129 2085 228 2114 τητα.
260 2070 328 2107 Καὶ
357 2070 423 2122 γὰρ
454 2072 530 2123 οὐχὶ
550 2071 627 2115 τοὺς
647 2071 860 2122 σωζομένους
879 2071 1006 2118 ἠλέησε
1028 2071 1144 2122 μόνον,

129 2129 218 2167 ἀλλὰ
238 2131 367 2169 καὶτὸν
387 2133 536 2183 Φαραὼ,
554 2132 594 2170 τό
612 2149 650 2182 γε
670 2133 770 2170 αὐτοῦ
791 2132 903 2185 μέρος·
925 2134 987 2178 τ’ἧς
1001 2131 1068 2184 γὰρ
1086 2135 1142 2171 αὖ·

128 2194 189 2236 ἧς
210 2193 449 2243 μακροθυμίας
472 2196 623 2232 κακεῖνοι
651 2210 710 2232 και
729 2188 824 2237 οἶτος
844 2194 1063 2240 απίλαυσαν.
1096 2196 1141 2233 Εἰ

133 2250 158 2265 ΝΚ

127 2311 165 2348 τό
180 2329 218 2363 γε
238 2315 284 2356 εἷς
299 2330 354 2351 τον
374 2315 463 2353 Θεον
479 2319 576 2362 ἧκον,
596 2315 690 2353 οὐδὲν
711 2314 852 2353 ἔλαττον
868 2317 937 2352 τῶν
957 2314 1141 2352 διασωθεν-

125 2388 192 2410 των
219 2372 332 2425 ἔσχεν.
361 2375 522 2419 Ἀποδοὺς
548 2375 660 2414 τοίνυν
686 2376 749 2422 τὴν
775 2376 874 2414 λύσιν
893 2379 944 2428 τῷ
966 2375 1140 2425 ζητήματι

125 2433 186 2479 τὴν
208 2435 264 2473 διὰ
290 2439 355 2473 τῶν
377 2437 606 2488 πραγμάτιον,
629 2436 720 2476 ὥστε
742 2437 800 2475 καὶ
821 2436 985 2491 ἑτέρωθεν
1003 2435 1139 2480 ἀξιόπι-

126 2510 204 2532 στον
234 2498 378 2542 ποιῆσαι
406 2497 462 2534 τὸν
492 2498 606 2548 λόγον,
635 2496 712 2540 τοὺς
735 2497 916 2550 προφήτας
938 2497 1070 2547 εἰσάγει
1095 2496 1139 2534 τὰ

126 2554 213 2591 αὐτὰ
244 2561 585 2608 προαναφωνοῧντας.
614 2557 631 2576 *
647 2557 715 2596 Καὶ
749 2558 816 2610 γὰρ
849 2556 978 2605 Ὠσηὲ,
1016 2556 1134 2609 φησὶν,

125 2615 253 2653 ἄνωθεν
277 2621 387 2654 ταῦτα
407 2619 566 2669 ἔγραφεν,
585 2617 675 2656 οὕτω
693 2617 803 2670 λέγων
823 2634 830 2641 ·
857 2618 1005 2656 Καλέσω
1022 2618 1079 2655 τὸν
1099 2618 1136 2654 οὗ

124 2676 206 2713 λαόν
220 2693 284 2726 μου
298 2708 306 2725 ,
320 2678 402 2716 λαόν
420 2695 483 2728 μου
499 2694 506 2703 ’
523 2678 581 2716 καὶ
594 2678 656 2725 τὴν
672 2683 732 2717 οὐκ
746 2678 1139 2729 ν’·,γαπημένηῃγήγαπη-

125 2738 322 2787 μέν·ην.Ἵνα
338 2738 404 2790 γὰρ
427 2739 474 2789 μὴ
486 2739 707 2790 λέγιι)σιν,ὅτι
719 2739 934 2791 παραλογίζῃ
949 2743 1042 2790 ἡμᾶς
1055 2743 1138 2777 ταῦ-

123 2815 166 2836 τα
182 2799 366 2850 λέγων,τὸν
378 2799 486 2846 Ὠσηὲ
508 2800 652 2838 ἐκάλεσε
673 2800 845 2853 μάρτυρα,
855 2803 989 2851 βοῶντα
1008 2800 1066 2837 καὶ
1081 2799 1136 2837 λέ-

123 2876 245 2910 γοντα,
268 2861 414 2899 Καλέσω
432 2861 489 2898 τὸν
510 2863 547 2898 οὗ
564 2861 647 2899 λαόν
667 2877 751 2911 μου,
770 2861 852 2899 λαόν
874 2876 953 2912 μου.
986 2861 1051 2903 Τίς
1068 2861 1136 2913 γὰρ

124 2914 165 2965 ἦν
184 2923 202 2958 ὃ
221 2921 258 2957 οὗ
279 2920 376 2967 λαός;
399 2920 455 2958 Τὰ
475 2920 553 2967 ἔθνη
574 2922 688 2967 δῆλον.
717 2921 788 2960 Καὶ
806 2922 857 2966 τίς
876 2925 897 2968 ἡ
917 2923 978 2960 οὐκ
994 2925 1135 2972 ἠγαπη-

126 2981 228 3028 μέντ,;
248 2983 280 3020 Τ
283 2981 304 3019 ὰ
324 2981 410 3020 αὐτὰ
428 2981 545 3020 πάλιν.
566 2982 657 3020 Ἀλλ’
679 2982 773 3033 ὅμως
797 2982 1061 3035 ἔφησενῖαὒτοὺς
1076 2982 1134 3021 καὶ

124 3041 204 3078 λαὸν
218 3041 277 3078 καί
286 3042 532 3092 ἠγαπημένην,
551 3043 610 3080 καὶ
626 3043 717 3086 υἱοὺς
735 3045 827 3082 Θεοῦ
851 3043 1000 3082 ἔσεσθαι.
1015 3044 1135 3082 ξιἘκεῖ.

126 3099 190 3150 γὰρ
206 3102 458 3150 κληθήσονται,
480 3103 596 3155 φησὶν,
617 3104 683 3142 υἱοὶ
704 3107 796 3143 Θεοῦ
812 3107 947 3148 ζῶντος.
969 3106 1013 3143 Εἰ
1031 3104 1066 3143 δὲ
1080 3104 1135 3142 λέ-

126 3176 214 3210 γοιεν
232 3161 310 3213 περὶ
328 3165 395 3199 τῶν
412 3163 445 3207 ἐξ
461 3163 635 3202 Ἰουδαίων
649 3165 908 3203 πιστευσάντων
926 3169 1026 3203 τοῦτο
1043 3167 1138 3216 εἷρῆ-

127 3222 228 3266 σθαι,
260 3219 318 3256 καὶ
353 3220 460 3264 οὕτως
491 3226 508 3260 ὁ
539 3223 636 3274 λόγος
666 3223 818 3263 ἵσταται.
844 3227 889 3263 Εἰ
908 3225 974 3276 γὰρ
993 3225 1136 3263 ἐπὶτῶν

167 3344 260 3385 -·[A.
279 3350 368 3379 ἀπο).
362 3351 507 3388 vlt-snm.
526 3349 568 3380 Et
593 3349 670 3382 alibi
696 3353 809 3394 smpius
831 3352 919 3385 idem
945 3353 1027 3387 Cod
1046 3366 1119 3397 per-

123 3396 151 3427 s·
148 3404 183 3427 t·
192 3408 206 3426 ι
225 3395 391 3430 substituit
408 3399 547 3431 aoristis.
554 3401 565 3442 ]

1053 289 1113 319 AD
1147 287 1255 318 ROM.

1166 1531 1188 1560 E

1153 2228 1200 2252 618

1159 2868 1181 2898 B

2190 275 2213 319 3

2121 273 2181 319 68

1224 377 1366 413 (uelem,
1393 370 1462 406 secl
1472 371 1601 420 gralia
1621 369 1696 406 Dei
1713 381 1872 406 mecum.
1910 371 1960 406 Ac
1980 369 2208 418 benedixit,

1229 429 2211 481 QuoeprcepczravitadgloriamQuandoquidemenim

1223 488 1290 527 hoc
1311 489 1588 541 exprobrabant,
1616 490 1711 541 quod
1736 491 1849 542 gratia
1874 491 1965 530 salvi
1984 491 2065 528 facti
2080 502 2206 539 essent,

1222 557 1254 585 et
1276 549 1410 599 pudore
1426 549 1506 586 illos
1526 550 1666 588 afficere
1697 551 1887 602 putabant3
1916 565 1960 589 ex
1990 551 2207 590 abundantia

1221 610 1333 646 multa
1368 610 1459 647 hanc
1481 610 1573 647 tollit
1596 610 1815 661 opinionem.
1849 612 1942 649 Nam
1976 612 2006 649 si
2042 626 2097 650 res
2131 614 2207 650 Deo

1221 668 1369 718 gloriam
1393 669 1525 717 attulit,
1543 669 1655 707 multo
1682 670 1795 720 magis
1827 670 1909 719 illis,
1930 685 1992 723 per
2011 685 2100 722 quos
2110 672 2207 710 Deus

1220 728 1440 778 glorificatus
1466 738 1529 767 est.
1548 729 1739 767 Considera
1756 738 1874 768 autem
1893 731 1969 782 ejus
1988 732 2206 783 probitatem

1219 798 1252 826 ct
1281 789 1474 840 potentiam
1493 790 1681 827 infinitam.
1705 791 1795 828 Cum
1816 801 1931 842 posset
1953 792 2043 829 enim
2066 793 2103 831 in
2131 808 2206 832 ser-

1219 862 1321 886 mone
1336 849 1381 886 de
1392 849 1447 898 iis,
1460 850 1520 899 qui
1537 850 1750 901 puniuntur,
1768 865 1838 888 non
1858 852 2077 891 Pharaonem
2093 854 2205 891 addu-

1215 923 1305 955 cere,
1328 910 1391 948 sed
1413 924 1458 947 ex
1475 910 1612 949 Judaeis
1641 911 1721 948 illos
1741 912 1802 965 qui
1825 914 2076 964 peccavissent,
2104 916 2205 954 etsie

1214 969 1398 1007 clariorem
1422 970 1570 1008 reddere
1598 985 1796 1009 sermonem
1822 973 2088 1025 ostendereque,
2111 977 2206 1026 quod

1215 1029 1277 1066 uhi
1295 1029 1402 1067 iidem
1432 1039 1562 1082 patres,
1587 1031 1650 1068 ubi
1672 1031 1797 1070 eadem
1829 1043 1987 1084 peccata,
2013 1035 2074 1071 alii
2093 1037 2205 1087 perie-

1216 1099 1310 1137 runt,
1330 1090 1391 1127 alii
1417 1090 1700 1129 misericordiam
1723 1093 1930 1142 consequuti
1950 1103 2044 1143 sunt,
2061 1103 2094 1132 et
2120 1110 2205 1146 per-

1215 1150 1363 1188 suadere
1390 1150 1462 1189 illis
1480 1160 1518 1188 ut
1536 1165 1579 1189 ne
1598 1152 1691 1190 ultra
1713 1152 1931 1203 dubitarent,
1961 1154 2097 1193 etiamsi
2126 1155 2205 1206 qui-

1215 1211 1299 1249 dam
1320 1226 1365 1250 ex
1384 1213 1549 1264 gentibus
1588 1214 1677 1252 salvi
1710 1214 1794 1252 facti
1817 1224 1942 1264 essent,
1976 1217 2205 1267 pereuntibus

1216 1274 1235 1311 J
1241 1271 1350 1310 udaeis
1375 1288 1382 1308 :
1400 1282 1493 1310 utne
1509 1287 1705 1312 sermonem
1728 1288 1915 1312 onerosum
1935 1275 2112 1326 redderet,
2126 1292 2206 1330 sup-

1214 1334 1313 1386 plicii
1327 1336 1532 1387 exemplum
1548 1350 1590 1374 ex
1608 1336 1760 1375 barbaro
1780 1337 1842 1375 illo
1858 1338 2004 1389 profert,
2024 1347 2063 1375 ut
2083 1352 2124 1376 ne
2147 1354 2204 1378 co-

1213 1406 1354 1447 geretur
1377 1397 1459 1434 illos
1474 1411 1558 1435 vasa
1579 1397 1640 1435 irce
1675 1398 1873 1449 appellare,
1898 1413 1943 1436 ex
1971 1398 2122 1438 Judaico
2141 1415 2205 1438 au.-

1213 1466 1284 1494 tem
1315 1458 1446 1509 populo
1477 1472 1548 1508 eos,
1590 1459 1651 1509 qui
1682 1459 1964 1497 misericordiam
1997 1463 2204 1512 consequuti

1213 1527 1310 1568 sunt,
1332 1518 1478 1557 adducit
1495 1535 1502 1555 :
1520 1534 1736 1571 quamquam
1755 1523 1872 1559 Deum
1898 1522 2115 1560 sufficienter
2139 1524 2202 1562 de-

1215 1578 1347 1627 fendat,
1373 1578 1468 1630 quod
1498 1593 1580 1617 cum
1612 1580 1721 1631 probe
1749 1581 1855 1618 illum
1877 1591 2006 1628 nosset,
2030 1583 2204 1635 sciretque

1213 1638 1316 1676 illum
1329 1653 1364 1677 se
1377 1653 1440 1678 vas
1453 1639 1512 1677 irae
1537 1654 1762 1692 praeparasse,
1785 1651 1901 1680 tamen
1921 1657 1984 1681 sua
1999 1644 2137 1693 intulit,
2152 1655 2204 1683 to—

1213 1699 1414 1747 lerantiam,
1444 1700 1650 1739 diuturnam
1669 1702 1891 1754 patientiam,
1920 1718 1982 1742 nec
2001 1705 2107 1743 modo
2121 1705 2202 1743 diu-

1212 1769 1366 1810 turnam,
1382 1761 1655 1812 sedingentem3
1686 1771 1842 1801 attamen
1864 1763 1979 1802 noluit
2010 1764 2046 1802 in
2067 1765 2200 1804 Judaeis

1212 1821 1303 1859 illud
1321 1831 1483 1860 tractare.
1507 1822 1618 1861 Unde
1639 1823 1750 1875 igitur
1780 1824 1818 1862 hi
1835 1839 1920 1863 vasa
1947 1825 2023 1875 irae,
2044 1826 2097 1863 illi
2125 1827 2199 1864 mi-

1211 1883 1436 1922 sericordiae?
1483 1884 1541 1922 Ex
1582 1886 1727 1937 proprio
1767 1887 1963 1925 voluntatis
2001 1888 2198 1940 proposito,

1212 1946 1308 1983 Deus
1337 1954 1456 1984 autem
1487 1945 1591 1985 valde
1612 1946 1726 1985 bonus
1756 1961 1836 1984 cum
1864 1948 1922 1997 sit,
1952 1948 1988 1985 in
2021 1949 2198 1987 ambobus

1209 2005 1371 2044 eamdem
1391 2006 1543 2044 ostendit
1575 2005 1842 2058 benignitatem.
1876 2009 2018 2047 Etenim
2046 2023 2115 2048 non
2142 2024 2199 2048 eos

1294 287 1429 317 HOMIL
1439 306 1447 316 .
1486 288 1562 318 XVI
1572 308 1580 317 .

1210 2074 1363 2118 tantum,
1382 2067 1444 2117 qui
1473 2067 1564 2105 salvi
1598 2067 1681 2105 facti
1711 2078 1808 2116 sunt,
1842 2068 2028 2107 miseratus
2056 2079 2118 2118 est,
2138 2070 2219 2116 sed,

1211 2126 1317 2165 etiam
1356 2128 1590 2174 Pharaonem,
1627 2138 1797 2179 quantum
1834 2129 1870 2168 in
1916 2144 1951 2167 se
1981 2140 2055 2168 erat
2081 2147 2088 2167 ι
2114 2145 2197 2169 nam

1209 2188 1369 2226 eamdem
1399 2188 1607 2227 diuturnam
1622 2190 1830 2242 patientiam
1851 2200 1923 2229 tam
1940 2192 1980 2230 hi
2011 2206 2119 2242 quam
2141 2193 2197 2230 illi

128 2266 162 2288 0:
193 2252 241 2300 ,sk
272 2253 402 2301 {edio-q,
434 2254 530 2307 παρὰ
555 2255 618 2301 τὴν
640 2257 742 2292 αὐτοῦ
762 2271 904 2306 γνωμην
927 2270 963 2292 το
981 2270 1072 2292 παν·
1095 2272 1141 2299 ως
1164 2264 1190 2293 Α
1211 2249 1349 2300 experti
1379 2259 1472 2288 sunt.
1489 2249 1597 2297 Quod
1616 2250 1645 2288 si
1665 2251 1695 2289 is
1714 2264 1783 2289 non
1800 2261 1960 2291 servatus
1978 2252 2037 2302 sit,
2061 2267 2107 2291 ex
2122 2255 2196 2306 ejus

1210 2310 1405 2349 voluntatis
1441 2310 1623 2363 proposito
1644 2320 1759 2350 totum
1785 2321 1867 2350 est:
1892 2313 2067 2364 siquidem
2085 2328 2196 2365 quan-

1209 2380 1286 2409 tum
1304 2373 1350 2409 ad
1369 2374 1485 2411 Deum
1502 2373 1668 2425 pertinet,
1684 2373 1776 2412 nihil
1789 2374 1907 2412 minus
1924 2375 2066 2426 habuit,
2088 2391 2195 2426 quam

1205 2432 1231 2469 ii
1247 2432 1308 2483 qui
1328 2433 1418 2472 salvi
1438 2433 1522 2471 facti
1538 2442 1631 2471 sunt.
1659 2435 1751 2472 Cum
1771 2449 1854 2486 ergo
1869 2436 2081 2474 solutionem
2100 2451 2194 2487 quae-

1206 2495 1329 2534 stionis
1348 2510 1410 2548 per
1421 2511 1476 2534 res
1496 2496 1591 2548 ipsas
1607 2496 1836 2547 reddidisset,
1854 2507 1893 2536 ut
1910 2507 1942 2536 et
1961 2499 2107 2537 aliunde
2122 2513 2192 2537 ser-

1205 2569 1344 2594 monem
1359 2555 1432 2593 fide
1445 2555 1596 2607 dignum
1618 2557 1736 2603 saciat,
1764 2558 1955 2610 prophetas
1971 2559 2117 2597 adducit
2131 2574 2189 2598 ea-

1204 2615 1285 2653 dem
1304 2617 1379 2668 ipsa
1408 2617 1699 2668 praenuntiantes.
1720 2619 1812 2656 Nam
1832 2620 1935 2667 Osee,
1968 2620 2099 2671 inquit,
2115 2622 2192 2672 jam

1204 2675 1291 2712 olim
1306 2675 1382 2713 haec
1397 2676 1552 2728 scripsit,
1572 2676 1694 2716 dicens
1710 2692 1718 2712 ε
1733 2677 1794 2715 25.
1813 2680 1853 2716 V
1846 2682 1965 2717 ocabo
1981 2694 2059 2717 non
2071 2694 2190 2732 popu-

1205 2736 1285 2773 lum
1300 2750 1439 2782 meum,
1458 2737 1645 2788 populum
1661 2751 1786 2776 meum
1799 2755 1813 2784 ;
1831 2749 1867 2777 et
1884 2740 2086 2788 dilectam,
2103 2757 2189 2781 eam

1204 2811 1288 2848 quae
1297 2811 1374 2834 non
1383 2798 1527 2835 dilecta
1534 2798 1686 2836 erat.Ne
1697 2798 1946 2849 dicerent,Nos
1957 2801 2092 2855 decipis
2101 2803 2189 2843 dum

1204 2858 1278 2896 haec
1295 2857 1400 2904 dicis,
1424 2859 1515 2896 Osee
1537 2867 1660 2897 testem
1678 2861 1820 2898 vocavit
1851 2861 2063 2902 clamantem
2079 2879 2119 2902 ac
2133 2865 2189 2903 di-

1204 2928 1336 2956 centem
1361 2934 1368 2955 :
1394 2920 1434 2956 V
1427 2921 1546 2957 ocabo
1559 2933 1637 2957 non
1654 2922 1837 2972 populum
1854 2937 1993 2970 meum,
2002 2926 2188 2976 populum

1204 2993 1344 3016 meum.
1367 2979 1457 3025 Quis
1472 2979 1567 3017 enim
1589 2989 1640 3017 est
1661 2980 1722 3018 ille
1741 2994 1811 3019 non
1834 2983 2018 3034 populus?
2054 2986 2187 3024 Gentes

1204 3041 1335 3090 utique.
1353 3040 1400 3077 Et
1418 3054 1495 3090 quae
1511 3040 1573 3078 illa
1604 3055 1672 3079 non
1691 3041 1847 3080 dilecta?
1878 3045 2011 3082 Gentes
2026 3045 2121 3083 item.
2139 3046 2186 3084 Et

1204 3108 1321 3137 tamen
1344 3099 1439 3138 dixit
1459 3114 1516 3138 eos
1534 3101 1726 3152 Populum
1745 3116 1784 3140 ac
1798 3103 2010 3154 Dilectum,
2039 3115 2072 3144 et
2091 3105 2186 3145 filios

1205 3159 1270 3197 Dei
1289 3160 1426 3197 futuros
1445 3174 1528 3198 esse.
1544 3162 1609 3198 Ξ6.
1632 3161 1721 3198 Illic
1736 3164 1837 3199 enim
1852 3166 2113 3213 vocabuntur,
2131 3167 2185 3205 in-

1204 3221 1294 3271 quit,
1311 3221 1398 3272 filii
1427 3222 1502 3259 Dei
1537 3224 1716 3260 viventis.
1755 3223 1864 3271 Quod
1883 3225 1911 3262 si
1930 3224 2100 3274 dixerint,
2119 3229 2186 3267 hoc

1224 3356 1239 3371 ⁸²
1265 3355 1315 3396 [A.
1329 3362 1361 3386 et
1378 3365 1481 3396 marg.
1498 3354 1599 3389 Sat-il.
1613 3360 1660 3389 καὶ
1677 3361 1733 3399 γὰρ
1752 3360 1782 3390 ἐν
1796 3354 1884 3399 ἒὲτηὲ,
1901 3361 1993 3401 φησὶ»,
2014 3363 2121 3393 ἄνωθεν

1232 3417 1244 3430 ³·
1270 3408 1376 3448 [zjrot'
1393 3406 1520 3448 iidem]

2140 3360 2150 3401 i

2210 2680 2284 2708 Osse
2300 2688 2325 2709 2.
2341 2678 2374 2721 Ἀἱ
2385 2703 2390 2708 .
