2502 3810
700 265 743 294 IN
781 263 804 293 A
812 263 894 293 CTA
933 263 955 292 A
966 262 1256 293 POSTOLORUM
1265 283 1273 292 .

91 344 439 397 ἀπεκρίνατο-ἐπειδὴ
461 344 495 383 δὲ
511 345 645 396 ἐγένετο
665 347 697 384 ἐν
714 352 782 389 τοῖς
802 346 818 361 *
833 344 1103 396 Ἱεροσολύμοις,

90 406 148 442 καὶ
165 399 260 447 οὗτος
279 405 460 457 χαρίζεται
477 406 611 448 αὐτοῖς·
630 409 696 457 οὐχ
709 407 827 448 ἁπλῶς
848 405 883 442 δὲ
903 405 1104 457 χαρίζεται,

90 465 179 503 ἀλλὰ
213 466 300 514 μετὰ
320 464 455 511 ἀπάτης
481 469 580 503 τοῦτο
610 471 717 504 ποιεῖ·
750 466 808 503 καὶ
834 466 951 512 ὅπως,
981 466 1104 503 ἄκουε·

89 526 210 577 ἐπάγει
240 526 307 578 γάρ
324 542 330 549 ·
365 526 488 569 Θέλεις
522 528 568 568 εἷς
594 525 818 577 Ἱεροσόλυμα
849 525 1000 571 ἀναὸὰς,
1036 526 1107 562 ἐκεῖ

86 586 166 638 περὶ
185 586 311 624 τούτων
326 586 533 637 κρίνεσθαιέὶ
545 585 630 637 ὑπὲρ
648 589 748 636 ἐαου,
763 586 861 624 Ὡσεὶ
875 586 992 636 ἔλεγεν
1007 601 1014 608 ·
1029 585 1106 636 οὐχὶ

941 648 1053 684 Τοῦτο
1070 644 1103 682 δὲ

218 646 267 659 51³

88 649 200 688 αὐτοῖς
216 646 340 696 οιοωμί
359 663 413 694 σε,
432 648 507 684 ἀλλ’
528 663 629 690 αυτος
647 646 766 722 κριτὴς
786 646 921 697 ἔσομαι.

88 706 200 757 λέγει,
217 707 276 744 καὶ
294 708 394 745 αὐτὸν
411 713 502 745 ποιεῖ
526 706 686 760 κύριον,ι
674 706 730 744 ἵνα
748 723 790 756 τῃ
806 722 891 757 τιμῃ
914 707 1014 743 αὐτὸν
1040 721 1105 757 χα-

88 767 198 818 λάσῃ·
217 767 335 814 ἐπειδὴ
361 770 390 805 εἷ
411 763 452 813 ἦν
475 767 667 819 ἀπόφασις,
683 767 742 805 καὶ
768 767 857 805 πάνυ
878 766 1104 817 ἀναίσχυντον

90 828 220 873 ἐδόκει,
248 828 356 878 μηδὲν
381 830 526 865 ἐνταῦθα
552 827 758 877 ἐλεγχθέντα
777 830 847 864 ἐκεῖ
870 826 977 864 θέλειν
1005 825 1102 863 ἀπά-

88 904 171 939 γειν.
195 888 239 926 ‘O
256 889 289 927 δὲ
311 890 447 930 Παῦλος
473 889 533 925 οὒκ
554 882 660 934 εἶπεν,
684 889 721 924 οὐ
749 887 937 937 βούλομαι,
951 885 998 935 μή
1020 900 1103 923 ποτε

89 964 147 986 και
184 949 408 1000 σφοδρότερον
442 963 570 999 ποιησῃ
598 948 655 986 τὸν
676 946 854 993 δικαστὴν,
878 945 967 983 ἀλλὰ
997 945 1102 982 πάλιν

89 1010 387 1062 παρρησιάζεται
407 1008 466 1045 καὶ
496 1007 623 1058 φησίν·
655 1006 738 1045 Επὶ
753 1010 812 1043 τοῦ
833 1005 989 1056 βήματος
1004 1004 1102 1042 Καί-

91 1086 193 1121 σαρος
212 1069 318 1111 ἑστώς
350 1070 445 1118 εἰμι,
477 1071 514 1105 οὗ
541 1083 583 1117 με
616 1067 666 1103 δεῖ
695 1065 883 1117 κρίνεσθαι.
912 1064 1059 1115 Μεγάλη
1079 1068 1101 1110 ἡ

87 1130 279 1182 παῤῥησία.
296 1128 408 1166 Kat⁰
387 1145 450 1180 ορα
469 1131 543 1168 πῶς
560 1126 680 1169 αὐτους
700 1127 956 1177 συλλογίζεται·
981 1140 1101 1175 μονον-

86 1190 164 1241 ουχὶ
182 1189 249 1240 γὰρ
263 1192 363 1226 τοῦτο
378 1188 471 1238 λέγει
491 1186 535 1224 δι’
553 1182 600 1224 ὧν
616 1188 856 1238 ἀπολογεῖται·
877 1185 1038 1229 ἐξέὸαλόν
1059 1201 1103 1235 με

87 1249 177 1293 ἅπαξ
206 1247 350 1295 θαύτοὶ,
381 1248 440 1285 καὶ
474 1251 589 1284 τοῦτο.
605 1246 781 1296 νομίζουσι
800 1246 1033 1298 κατακρίνειν,
1053 1248 1102 1297 τῷ

87 1309 265 1356 δεικνύειν,
285 1308 337 1346 ὅτι
361 1310 407 1351 εἷς
430 1307 592 1360 Καίσαρα
611 1307 787 1360 ἥμαρτον·
809 1309 862 1345 ἐπ’
894 1310 997 1345 αὐτοῦ
1027 1306 1103 1357 βού-

86 1372 192 1420 λομαι
210 1371 369 1420 κριθῆναι
382 1372 440 1405 τοῦ
456 1367 678 1418 ἠδικημένου.
693 1367 814 1411 Οὕτως
830 1367 949 1415 εἰπὼν,
967 1368 1102 1418 ἐπάγει·

87 1429 270 1472 Ἰουδαίους
289 1429 383 1467 οὐδὲν
407 1429 578 1475 ἠδίκησα,
597 1431 642 1472 ὡς
660 1429 719 1466 καὶ
741 1433 754 1448 ⁰
766 1428 806 1466 σὺ
825 1428 966 1466 κάλλιον
985 1431 1102 1478 ἐπιγι-

87 1490 243 1533 νώσκεις.
262 1490 454 1542 Καθήψατο
469 1493 572 1528 αὐτοῦ
589 1489 708 1528 λοιπὸν
726 1493 772 1533 ὡς
786 1491 845 1528 καὶ
859 1491 1101 1542 χαριζομένου.

87 1545 176 1589 Εἶτα
192 1551 266 1589 ἐπεὶ
280 1552 460 1603 καθήψατο
471 1581 480 1599 ,
500 1550 605 1588 πάλιν
623 1550 736 1588 ἐκλύει
749 1551 806 1589 τὸν
823 1551 936 1601 λόγον,
951 1551 1102 1602 ἐπάγων·

88 1613 132 1649 Εἰ
153 1611 214 1662 μὲν
237 1605 294 1648 οὖν
322 1613 431 1649 ἀδικῶ
447 1642 456 1659 ,
476 1611 498 1657 ἢ
518 1611 613 1654 ἄξιόν
635 1627 668 1648 τι
688 1612 835 1650 θανάτου
855 1612 1022 1664 πέπραχα
1037 1641 1046 1659 ,
1066 1613 1104 1648 οὐ

88 1675 325 1722 παραιτοῦμαι
349 1672 388 1710 τὸ
411 1674 609 1710 ἀποθανεῖν.
633 1672 721 1709 Κατ’
739 1675 888 1722 ἐμαυτοῦ
908 1671 971 1718 τὴν
990 1673 1103 1723 ψῆφον

87 1732 238 1785 ἐκφέρω,
266 1732 380 1784 φησίν.
408 1735 521 1771 Τοῦτο
542 1735 578 1771 οὐ
604 1736 835 1779 θανατῶντος,
857 1733 945 1771 ἀλλὰ
971 1733 1103 1784 σφόδρα

87 1793 317 1867 θαρρουντός
303 1809 363 1831 εστ
352 1810 409 1839 ιν,
424 1788 472 1836 οἷς
488 1793 588 1831 ἐλάλε
575 1809 622 1830 ει·
645 1793 733 1844 μετὰ
746 1793 814 1847 γὰρ
831 1810 891 1839 της
906 1792 1103 1846 παρρησίας

86 1867 144 1889 και
164 1852 225 1899 τὴν
246 1853 436 1891 οικαιολο’
401 1869 477 1904 γιαν
502 1858 589 1891 εἶναι
614 1855 684 1901 δεῖ,
705 1853 794 1892 ὥστε
815 1857 910 1905 ἐντρε
896 1854 988 1905 ε’ψαι.
1006 1853 1084 1891 Εἰ
1066 1853 1100 1891 οὲ

85 1911 180 1949 οὐδέν
201 1915 291 1950 ἐστιν
310 1907 383 1950 ᾱῶν
407 1929 559 1965 κατηγορ
563 1913 637 1952 ουσί
654 1929 737 1964 μου,
756 1914 864 1957 οὐοείς
893 1929 935 1963 με
960 1912 1102 1949 δύναται

84 1972 307 2023 χαρίσασθαι.
330 1973 403 2012 Κᾶν
419 1974 498 2026 θέλῃ
517 2004 526 2020 ,
547 1991 663 2026 φησιν,
682 1978 718 2013 οὐ
740 1975 931 2021 δυνησεται.
957 1976 1033 2012 Ουκ
1050 1977 1100 2011 εἰ-

84 2048 160 2080 πεν,
180 2049 241 2071 ουκ
259 2034 298 2071 ἅῖ
285 2034 350 2078 ιός
367 2037 440 2085 εἰμι
459 2038 656 2083 ἀποθανεῖν,
671 2035 746 2074 οὐδε
762 2038 994 2082 ἀπολυθηναι,
1010 2036 1099 2081 ἀλλ’,

83 2091 219 2142 ἔτοιυιος
235 2094 440 2145 κρίνεσθαι
426 2095 482 2133 επὶ
498 2095 696 2147 Καίσαρος·
717 2096 791 2146 ἅμα
811 2096 870 2133 καὶ
885 2111 944 2133 του
964 2095 1102 2147 ὀνείρα-

82 2168 137 2195 τος
157 2155 341 2203 μνησθεὶς,
369 2156 499 2205 μαλλον
517 2156 705 2208 ἐθάρρησεν
726 2155 1010 2194 ἐπικαλέσασθαι.
1030 2155 1101 2193 Καὶ

82 2217 144 2251 οὐκ
164 2218 259 2261 εἷπε,
278 2214 337 2263 συ,
354 2217 444 2263 ἀλλ’,
465 2216 608 2259 Οὐδείς·
624 2216 682 2253 καὶ
699 2216 916 2267 προσέθηκε,
936 2215 1100 2268 Καίσαρα

81 2277 332 2324 ἐπικαλουμαι,
365 2275 456 2314 ὥστε
478 2276 526 2326 μη
559 2281 647 2314 εἶναι
667 2279 715 2320 εἷς
746 2280 874 2316 ἐκεῖνον
900 2277 962 2324 τὴν
986 2293 1097 2328 υοριν.

80 2336 203 2373 Ἰότε
190 2352 207 2373 ο
226 2337 369 2381 Φηστος
406 2337 628 2383 συλλαληλας
663 2337 752 2387 μετὰ
776 2354 834 2376 του
870 2337 1096 2388 συμὸουλίου,

79 2397 268 2448 ἀπεκρίθη·
289 2396 453 2449 Καίσαρα
478 2397 729 2444 ἐπικέκλησαι·
749 2399 807 2436 ἐπὶ
835 2398 999 2450 Καίσαρα
1029 2413 1096 2435 πο·-

79 2456 194 2508 ρεύσῃ.
215 2452 314 2500 Εἶδες
333 2460 407 2501 πῶς
420 2458 625 2510 χαρίζεται,
648 2461 761 2497 Τοῦτο
784 2459 851 2512 γὰρ
873 2459 974 2510 χάρις
1000 2458 1094 2505 ἐστὶ,

77 2517 116 2554 τὸ
138 2519 319 2556 συλλαλεῖν
347 2519 435 2568 μετὰ
465 2521 534 2557 τῶν
565 2519 783 2572 κατηγόρων,
808 2520 825 2558 ὃ
846 2519 1097 2572 διεφθαρμένης

76 2577 216 2628 γνώμης
236 2578 325 2626 ἐστὶ,
340 2579 399 2616 καὶ
419 2580 631 2631 συγχεούσης
656 2581 718 2628 τὴν
746 2581 856 2625 τάξιν.
875 2580 970 2633 υΟροι
989 2581 1092 2618 πάλιν

75 2645 314 2696 ἐκτεινομένην
350 2648 452 2684 αὐτοῦ
480 2646 542 2693 τὴν
572 2647 683 2695 δίκην,
715 2648 774 2686 καὶ
807 2648 869 2695 τὴν
905 2647 1093 2694 ἐπιδουλὴν

75 2712 234 2762 ἀφορμὴν
254 2716 313 2751 τοῦ
329 2712 548 2764 κηρύγματος
563 2714 760 2765 γινομένην.
783 2716 906 2753 Ταῦτα
921 2715 988 2768 γὰρ
1005 2717 1094 2753 οἷκο-

73 2783 245 2828 νομεῖται,
264 2779 354 2817 ὥστε
371 2778 459 2830 μετὰ
478 2780 633 2823 εὐκολίας
647 2779 704 2817 καὶ
725 2782 880 2832 φυλακῆς
897 2783 1093 2833 ἀπενεχθῆ-

74 2846 260 2884 ναιθαῦτὸν
277 2848 323 2889 εἷς
338 2846 380 2884 τὰ
396 2845 622 2899 Ἱεροσόλυμα
638 2846 704 2884 ὑπὸ
719 2847 863 2897 μηδενὸς
875 2848 1093 2887 ἐπιδουλευό-

74 2926 191 2959 μενον·
211 2913 249 2949 οὐ
268 2912 333 2964 γὰρ
351 2907 392 2959 ἦν
408 2913 480 2952 ἴσον
496 2914 616 2957 ἁπλῶς
639 2913 919 2966 παραγενέσθαι,
947 2916 1006 2953 καὶ
1031 2916 1089 2955 ἐπὶ

116 3041 126 3050 ·
144 3034 194 3079 [Α.
210 3037 247 3068 Β.
261 3038 298 3069 C.
316 3045 349 3070 eL
365 3038 463 3071 Savil.
480 3037 683 3085 Ϊεροσολύμοις
698 3044 767 3075 δέκα
783 3046 899 3087 ἡμέρας
910 3053 916 3060 ·
936 3046 984 3076 καὶ
1000 3043 1082 3081 οὗτος

73 3087 176 3129 (οὕτως
192 3087 245 3130 Β.)
259 3095 417 3132 χαρίζεται
439 3095 549 3128 αὐτοῖς.
572 3091 658 3123 Hinc
674 3091 816 3124 Sax‘ilius
838 3104 977 3135 pergens
1000 3098 1080 3127 ἀλλὰ

71 3144 152 3180 μετ’).
169 3145 238 3177 olm,
265 3139 404 3172 Codices
427 3152 504 3173 vero
518 3141 563 3173 illi
581 3146 659 3181 εἶτα,
675 3148 721 3177 ἵνα
734 3149 783 3178 καὶ
798 3148 1080 3189 ἀπατήσῃ,βοιί>.ει,

71 3195 138 3233 φησι
149 3215 157 3226 ,
186 3195 243 3223 ἐκεῖ
276 3196 343 3235 περὶ
370 3196 479 3226 τούτων
503 3199 638 3237 κριθῆναι
665 3198 714 3229 ὑπ’
742 3201 828 3238 ἐμοῦ.
856 3197 974 3228 Montf-
1007 3208 1082 3228 cum

69 3239 230 3272 Commel.
256 3239 387 3286 Ῐεροσολ.
413 3248 462 3277 καὶ
487 3244 574 3282 οὗτος
590 3261 679 3289 χαρ.,
695 3250 776 3280 ἀλλὰ
802 3253 935 3289 μετά....
953 3249 1082 3280 Locum

69 3293 270 3324 restituimus
285 3304 301 3324 e.
317 3294 370 3334 D„
381 3305 476 3336 quem
487 3307 554 3337 prae
572 3297 675 3328 oculis
692 3297 809 3330 habuit
821 3301 967 3341 Interpr.
981 3301 1073 3342 Lat]

114 3354 126 3367 ¹¹
143 3342 214 3383 [ὑπ’
245 3349 317 3386 ἐμοῦ
333 3344 425 3377 Editi
452 3358 527 3378 cum
545 3346 655 3382 Codd.
672 3350 710 3382 A.
726 3351 762 3382 B.
776 3351 814 3382 C.
833 3350 1041 3384 Adscivimus
1058 3363 1074 3384 e

68 3394 107 3425 D.
128 3394 372 3438 exquisitiorem
390 3395 576 3430 lectionem.
593 3399 674 3431 Meo
689 3403 832 3444 nomine,
845 3402 979 3445 inquit.]

1315 265 1468 295 HOMlL.
1509 267 1566 296 Li.
2070 255 2127 312 43
2140 273 2154 298 ι

1181 359 1285 394 quam
1307 354 1424 383 autem
1441 346 1537 386 vonit
1558 347 1830 398 .Ierosolymam‚
1854 347 1914 384 hic
1929 361 2070 398 quoque
2086 362 2165 399 gra-

1179 404 1335 442 tificatur
1365 405 1437 443 illis
1445 421 1455 455 3
1477 421 1587 457 neque
1606 407 1815 459 simpliciter
1845 408 2081 458 gratificatur7
2104 408 2166 446 sed

1181 480 1260 504 cum
1276 467 1356 505 dolo
1372 469 1439 506 hoc
1453 469 1556 519 faeit3
1571 479 1604 507 ct
1619 469 1903 520 q110m0do,audi
1916 470 2033 508 :addit
2049 470 2140 507 enim
2157 487 2163 505 τ

1182 530 1297 565 Visne
1316 531 1604 578 Jerosolymam
1621 533 1845 578 ascendens,
1863 532 1945 568 illic
1962 533 2009 568 de
2025 533 2085 569 his
2099 534 2164 583 ju-

1180 589 1304 626 dicari
1322 604 1347 626 a
1369 595 1455 627 me?
1477 593 1526 628 Ac
1554 591 1584 628 si
1603 591 1748 640 diceret,
1770 593 1850 629 Non
1880 592 1951 629 illis
1985 601 2018 629 te
2046 591 2162 635 trado,

1180 648 1239 685 sed
1253 649 1327 700 ipse
1334 650 1449 702 judex
1467 666 1537 688 ero.
1555 652 1630 689 Hoc
1646 666 1728 690 vero
1744 652 1845 702 dicit,
1865 667 1938 690 rem
1955 652 2052 690 illius
2071 654 2164 690 arbi-

1178 711 1246 748 trio
1276 713 1495 763 permittens,
1518 723 1557 751 ut
1587 715 1655 751 hoc
1680 715 1811 752 honore
1838 715 1957 767 ipsum
1988 716 2162 763 alliceret3

1178 771 1262 820 quia
1292 772 1320 808 si
1349 773 1417 810 hoc
1444 771 1670 824 imperasset,
1696 775 1802 812 valde
1824 776 2014 827 impudens
2039 776 2163 814 visum

1176 831 1312 881 fuisset,
1331 847 1410 870 eum
1431 834 1492 882 qui
1517 834 1623 870 isthic
1650 835 1832 872 convietus
1855 850 1926 872 non
1946 836 2081 885 fuisset,
2099 837 2162 873 illo

1174 890 1360 928 abducere.
1384 892 1516 929 Paulus
1535 907 1618 930 vero
1644 907 1713 930 non
1739 894 1844 942 dixit,
1861 896 1974 932 Nolo:
1994 910 2037 933 ne
2055 896 2160 933 vehe-

1127 951 1149 980 Β
1175 952 1382 990 mentiorem
1410 953 1572 992 redderet
1595 956 1776 1006 judicem3
1801 956 1862 993 sed
1884 971 2025 994 rursum
2052 958 2162 995 libere

1176 1011 1335 1061 loquitur
1350 1013 1406 1049 his
1425 1014 1565 1051 verbis:
1582 1016 1690 1053 Ante
1710 1017 1883 1053 tribunal
1897 1018 2060 1055 Coesaris
2076 1026 2134 1055 sto
2149 1034 2159 1053 .-

1176 1074 1230 1108 ihi
1250 1088 1309 1110 me
1326 1083 1470 1125 oportet
1482 1077 1668 1127 judicari.
1680 1079 1813 1128 Magna
1827 1077 1996 1128 loquendi
2011 1078 2157 1115 fiducia.

1177 1132 1224 1169 Et
1243 1133 1326 1171 vide
1341 1136 1520 1184 quomodo
1536 1136 1615 1174 illos
1630 1137 1814 1175 ratiocinio
1834 1138 1928 1190 capit
1946 1154 1953 1174 :
1969 1153 2010 1176 ac
2025 1139 2053 1175 si
2067 1139 2164 1177 dice-

1176 1203 1228 1231 ret
1247 1209 1309 1246 per
1329 1210 1379 1245 ea,
1401 1197 1534 1247 quibus
1554 1212 1590 1235 se
1608 1198 1765 1236 defendit
1786 1215 1793 1234 :
1815 1201 1875 1236 Me
1899 1199 1952 1236 illi
1970 1200 2075 1237 semel
2096 1200 2163 1251 eje-

1175 1265 1317 1302 cerunt,
1346 1266 1378 1294 et
1412 1258 1496 1296 hinc
1527 1273 1583 1296 me
1610 1259 1855 1297 damnandum
1887 1269 2035 1311 putant⁷
2068 1261 2164 1311 quod

1176 1319 1358 1357 ostendant
1387 1334 1442 1357 me
1470 1320 1505 1357 in
1535 1322 1709 1359 Caesarem
1742 1323 2040 1375 peccasse:apud
2060 1323 2163 1360 illuni

1175 1380 1309 1433 ipsum,
1326 1383 1386 1433 qui
1406 1383 1507 1421 laesus
1524 1394 1586 1432 est,
1596 1385 1750 1436 judicari
1765 1386 1860 1424 volo.
1880 1386 1944 1424 His
1957 1386 2062 1424 dictis
2079 1387 2164 1423 sub-

1171 1442 1292 1494 jungit
1307 1459 1315 1480 :
1329 1446 1478 1483 Judaeis
1495 1447 1595 1483 nihil
1611 1449 1737 1492 nocui,
1763 1456 1804 1484 ut
1824 1450 1941 1485 etiam
1962 1456 2003 1484 tu
2024 1448 2163 1484 melius

1178 1507 1292 1542 nosti.
1312 1506 1523 1557 perstringit
1542 1507 1645 1544 illum
1660 1508 1737 1559 jam
1755 1507 1854 1557 quasi
1873 1508 2008 1546 Judaeis
2027 1508 2165 1559 gratifi-

1177 1573 1324 1602 cantem.
1335 1566 1471 1604 Deinde
1483 1576 1673 1619 postquam
1684 1568 1950 1619 perstrinxerat,
1959 1583 2083 1606 rursus
2096 1568 2164 1606 sol-

1127 1619 1151 1649 C
1179 1624 1229 1661 vit
1247 1639 1454 1675 sermonem,
1465 1627 1598 1665 addens
1617 1631 1778 1679 :Itaque
1794 1631 1827 1666 si
1847 1631 2000 1681 quidem
2023 1632 2164 1682 injuste

1175 1691 1247 1739 egi,
1270 1690 1338 1726 vel
1366 1691 1526 1741 dignum
1556 1692 1711 1743 aliquid
1730 1701 1851 1729 morte
1867 1694 1964 1743 feci,
1997 1706 2073 1729 non
2102 1707 2162 1729 re—

1175 1763 1265 1788 cuso
1283 1754 1392 1789 mori.
1407 1753 1535 1790 Contia
1550 1767 1607 1790 me
1623 1754 1831 1791 sententiam
1844 1755 1918 1791 fero
1919 1755 2068 1805 ,inquit.
2082 1754 2162 1792 Hoc

1175 1825 1244 1848 non
1259 1821 1310 1849 est
1328 1826 1401 1850 sese
1420 1813 1623 1862 occidentis,
1639 1814 1701 1851 sed
1714 1814 1820 1852 valde
1834 1814 1939 1852 dictis
1956 1815 2028 1852 suis
2043 1814 2160 1852 fiden-

1174 1872 1219 1909 tis
1243 1888 1250 1909 :
1274 1888 1356 1911 nam
1370 1888 1451 1911 cum
1467 1874 1632 1925 loquendi
1650 1875 1783 1912 fiducia
1798 1874 1891 1912 adsit
1907 1890 1994 1927 0p01
1998 1884 2159 1927 tetjusti-

1174 1933 1223 1971 tia
1249 1934 1294 1972 ad
1316 1935 1586 1973 confutandum.
1607 1936 1647 1973 Si
1669 1944 1797 1973 autem
1819 1937 1918 1973 nihil
1936 1945 1991 1973 est
2012 1950 2157 1985 eorum,

1175 1995 1222 2031 de
1231 1997 1368 2046 quibus
1382 1997 1444 2033 illi
1456 2004 1654 2045 accusant,
1668 2010 1777 2033 nemo
1786 2005 1911 2047 potest
1927 2011 1985 2033 me
1996 1998 2156 2034 donare.

1174 2055 1323 2093 Etiamsi
1340 2056 1437 2105 velit,
1458 2057 1585 2107 inquit7
1605 2071 1673 2094 non
1692 2056 1833 2108 poterit.
1856 2058 1935 2094 Non
1950 2057 2059 2107 dixit,
2074 2059 2158 2096 Non

1173 2114 1303 2166 dignus
1322 2131 1401 2154 sum
1415 2117 1476 2167 qui
1491 2117 1633 2165 moriar,
1652 2131 1777 2167 neque,
1789 2117 1861 2163 Qui
1877 2117 2040 2157 absolvar
2051 2133 2063 2168 3
2079 2118 2156 2167 sed,

1174 2179 1322 2217 Paratus
1351 2194 1431 2217 sum
1457 2180 1614 2231 judicari
1639 2180 1737 2231 apud
1755 2181 1927 2217 Caesarem
1948 2196 1956 2216 ε
1976 2181 2082 2218 simul
2103 2196 2158 2218 so-

1172 2240 1260 2277 mnii
1275 2255 1421 2290 memor,
1438 2240 1606 2278 fidentius
1625 2251 1807 2292 provocat.
1823 2243 1945 2292 Neque
1959 2242 2065 2291 dixit,
2087 2243 2158 2289 Tu,

1171 2300 1246 2349 sed,
1271 2303 1412 2347 Nemo;
1436 2310 1468 2339 et
1494 2301 1655 2352 addidit,
1688 2303 1881 2340 Caesarem
1914 2304 2088 2354 appeIZO,
2116 2317 2160 2340 ne

1170 2360 1224 2398 illi
1247 2362 1498 2399 contumeliam
1528 2362 1656 2399 inferre
1681 2361 1858 2400 videatur.
1886 2364 1992 2401 Tunc
2019 2365 2158 2401 Festus

1122 2220 1147 2249 D

1171 2424 1352 2476 loquutus
1373 2439 1460 2462 cum
1479 2426 1643 2462 concilio
1664 2427 1764 2463 dixit
1780 2442 1790 2462 .·
1810 2427 2002 2464 Coesarem
2022 2427 2158 2478 appel-

1170 2485 1278 2530 lasti,·
1293 2488 1346 2523 ad
1367 2488 1558 2524 Coesarem
1578 2489 1662 2524 ibis.
1682 2486 1857 2526 Vidistin’
1878 2488 2056 2539 quomodo
2077 2502 2158 2539 gra·

1169 2549 1346 2586 tificetur?
1368 2550 1492 2587 Gratia
1512 2549 1606 2586 enim
1627 2558 1712 2597 erat,
1734 2550 1887 2600 colloqui
1908 2565 1990 2588 cum
2013 2565 2156 2588 accusa-

1167 2610 1316 2657 toribus,
1335 2610 1429 2659 quod
1452 2619 1503 2647 est
1522 2609 1679 2660 corrupti
1699 2610 1823 2656 animi,
1847 2618 1880 2646 et
1902 2609 2061 2647 ordinem
2080 2619 2154 2647 tur-

1167 2670 1295 2708 bantis.
1313 2670 1408 2709 Vide
1424 2670 1552 2706 iterum
1578 2669 1676 2706 illius
1701 2679 1932 2720 prorogatum
1953 2670 2152 2721 judicium,

1167 2740 1201 2769 et
1228 2731 1374 2769 insidias
1400 2729 1662 2782 praedicationis
1684 2729 1904 2767 occasionem
1928 2731 2050 2767 factas.
2070 2731 2154 2768 Hmc

1168 2793 1262 2831 enim
1286 2792 1548 2843 dispensantur,
1568 2799 1607 2827 ut
1632 2790 1735 2827 facile
1759 2799 1792 2826 et
1814 2804 1896 2827 cum
1916 2791 2075 2828 custodia
2096 2793 2154 2830 Je-

1169 2853 1386 2904 rosolymam
1415 2851 1638 2898 adducatur,
1666 2849 1805 2887 nemine
1837 2850 2026 2889 insidiante
2051 2867 2058 2888 :
2084 2865 2152 2889 non

1115 2929 1139 2958 Ε
1165 2916 1258 2954 idem
1276 2923 1348 2952 erat
1374 2913 1460 2950 illuc
1484 2911 1693 2964 simpliciter
1711 2912 1913 2962 adventare,
1933 2922 1966 2951 et
1989 2927 2069 2951 cum
2090 2915 2154 2951 tali

1192 3043 1208 3067 b
1224 3042 1282 3084 [A.
1296 3042 1332 3072 B.
1349 3041 1387 3072 C.
1410 3043 1495 3073 αὐτοί
1510 3038 1613 3082 (αὑτοῦ
1634 3037 1701 3080 Α.)·
1719 3040 1814 3080 τούτῳ
1837 3038 1938 3079 (τοῦτο
1955 3039 2008 3078 Α.)
2023 3053 2089 3081 volu.
2113 3055 2155 3082 με

1148 3109 1290 3138 κατακρἿ
1305 3100 1338 3124 et
1362 3091 1409 3123 sic
1427 3090 1542 3139 Ssavil.;
1562 3089 1619 3121 sed
1640 3094 1732 3123 τοῦτο
1754 3088 1884 3121 videtur
1901 3100 1969 3122 esse
1991 3094 2154 3123 accusati-

1148 3157 1207 3178 vus
1228 3143 1398 3177 criminis:
1421 3142 1536 3177 Semel
1551 3141 1628 3185 jam
1657 3153 1707 3172 me
1731 3140 1912 3184 ejecerunt,
1930 3150 1962 3172 et
1980 3142 2040 3173 hoc
2064 3155 2152 3174 nunc

1146 3204 1267 3240 putant
1289 3207 1425 3239 arguere
1442 3194 1512 3238 (up.
1533 3193 1658 3225 crimen
1681 3191 1874 3237 objectum),
1892 3193 1969 3224 dum
1985 3195 2153 3226 ostendere

1150 3248 1482 3286 concnztw·....Quare
1498 3247 1695 3287 scripturam
1709 3243 1842 3277 Codicis
1859 3246 1898 3278 D.
1919 3247 2151 3288 servavimus]

1183 3310 1195 3324 ⁰
1212 3299 1300 3331 Alius
1313 3300 1363 3340 [B.
1379 3299 1434 3339 C.]
1451 3301 1483 3331 σὺ
1499 3301 1618 3341 βέλτιον
1634 3304 1789 3338 γινώσκεις.

1185 3352 1201 3375 d
1218 3350 1277 3382 Alii
1297 3354 1335 3383 ὧν
1352 3351 1431 3384 οὔτοί
1443 3364 1501 3392 μου
1518 3353 1739 3393 κατηγοροῦσιν.

1186 3409 1197 3422 ⁸
1214 3404 1225 3444 [
1240 3406 1327 3437 αὐτόν
1349 3401 1439 3434 deest
1458 3400 1490 3433 in
1506 3401 1564 3442 D.]

2218 1017 2300 1044 Pauli
2321 1017 2366 1043 lo-

2177 1059 2286 1094 quendi
2330 1058 2364 1083 fi-

2177 1100 2272 1125 ducia.
