2502 3810
668 279 708 307 ΙΝ
748 277 861 307 ACTA
902 276 1235 307 APOSTOLORUM.

98 359 309 406 Ἔκκλησίας
336 359 411 398 οὐδὲ
446 363 505 397 τοῦ
539 359 683 409 αἵματος
708 359 868 412 ἐφείσατο
886 362 945 397 τοῦ
972 361 1112 406 ἑαυτοῦ,

97 424 197 470 ἡμεῖς
224 419 258 457 δὲ
276 424 337 466 τῆς
366 424 434 458 τῶν
455 422 610 472 ἀδελφῶν
629 421 803 473 σωτηρίας
821 424 1113 474 καταφρονοῦμεν.

99 481 169 518 Καὶ
187 483 314 524 ἐκεῖνος
331 481 392 532 μὲν
412 481 467 519 ἵνα
487 481 631 533 ἐχθροὺς
649 481 848 532 καταλλάξῃ
862 512 871 528 ,
887 481 946 519 καὶ
968 481 1007 518 τὸ
1028 475 1115 530 αἷμα

99 541 231 593 ἐξέχεε·
262 541 303 580 σὺ
329 543 363 580 δὲ
393 543 467 580 οὐδὲ
487 542 604 594 φίλους
629 542 828 594 γενομένους
858 541 987 593 ἷσχύεις
1006 557 1115 580 κατα-

102 608 208 654 σχεῖν.
229 602 325 653 Ἰζγὼ
348 602 414 655 γὰρ
435 597 510 640 οἶδα
529 607 646 650 τοῦτο,
667 602 719 640 ὅτι
750 602 999 641 εἰσελεύσονται
1030 601 1118 653 μετὰ

102 662 164 709 τὴν
180 662 291 714 ἄφιξίν
310 679 374 713 μου
393 663 491 701 λύκοι
517 667 633 716 βαρεῖς
651 665 697 706 εἷς
717 666 825 712 ὑμᾶς,
857 663 905 713 μὴ
926 664 1119 715 φειδόμενοι

103 727 162 761 τοῦ
182 723 353 773 ποιμνίου.
373 723 485 762 Πάλιν
503 724 645 762 ὀίλλοΟεν
672 722 791 766 αὐτοὺς
823 723 1019 776 ἐπιστρέφει
1052 723 1120 760 ἀπὸ

104 786 172 820 τῶν
194 784 378 834 ἐσομένων·
397 783 515 835 ὥσπερ
537 783 620 822 ὅταν
641 785 795 834 ἀλλαχοῦ
813 783 897 834 λε’γῃ
909 798 916 806 ·
938 785 1014 820 Οὐκ
1029 783 1119 820 ἔστιν

105 847 188 894 ἡμῖν
211 849 232 890 ἡ
252 845 347 891 πάλη
368 845 453 896 πρὸς
471 839 557 894 αἷμα
576 843 635 880 καὶ
650 843 776 895 σάρκα.
799 842 884 879 (Ότι
909 842 1122 879 εἰσελεύσον-

106 917 163 938 ται
175 932 183 948 ,
199 902 300 953 φησὶ,
320 901 406 952 μετὰ
425 901 487 945 τὴν
505 900 616 952 ἄφιξίν
632 917 696 950 μου
712 900 810 938 λύκοι
826 903 942 951 βαρεῖς
960 903 1006 943 εἷς
1022 903 1121 949 ὑμᾶς.

107 963 258 1000 Διπλοῦν
283 963 322 999 τὸ
348 961 466 1008 κακὸν,
483 961 534 999 ὅτι
553 977 590 998 τε
621 959 720 1001 αὐτὸς
740 962 777 997 οὐ
797 959 967 1010 πάρεστι,
991 959 1052 997 καὶ
1071 959 1124 997 ὅτι

109 1023 218 1075 ἕτεροι
244 1022 478 1068 ἐπιθήσονται.
496 1020 542 1058 Τί
561 1014 617 1058 οῦν
647 1019 784 1072 ἀπέρχῃ
798 1048 807 1066 ,
829 1021 857 1057 εἷ
886 1022 987 1057 τοῦτο
1006 1026 1126 1072 προοῖ-

110 1085 190 1130 δας-ς
212 1084 264 1121 Τὸ
282 1083 429 1133 Πνεῦμα
444 1098 488 1131 με
506 1081 623 1128 ἕλκει,
641 1080 738 1132 φησί.

165 1209 234 1247 Καὶ
250 1208 312 1261 ὅρα
324 1223 331 1231 ·
342 1209 407 1260 οὐχ
423 1209 542 1252 ἅπλῶς
555 1201 632 1245 εἷπε
647 1237 655 1256 ,
672 1207 779 1246 Λύκοι
790 1237 799 1255 ,
811 1207 901 1246 ἀλλὰ
915 1208 1127 1260 προσέθηκε,

111 1272 253 1322 Repete,
276 1270 315 1307 τὸ
334 1270 477 1322 σφοδρὸν
512 1272 622 1308 αὐτῶν
642 1269 701 1306 καὶ
727 1269 850 1320 ἰταμὸν
880 1269 1130 1320 αἰνιττόμενος·

112 1332 171 1368 καὶ
192 1331 231 1369 τὸ
260 1330 517 1383 χαλεπώτερον,
540 1333 592 1368 ὅτι
627 1330 746 1373 αὐτοὺς
780 1330 916 1374 τούτους
951 1331 985 1375 ἐξ
1020 1332 1130 1368 αὐτῶν

113 1392 367 1438 ἀναστήσεσθαι
391 1391 504 1443 λέγει·
528 1390 623 1429 ὃκαὶ
656 1391 788 1443 σφόδρα
816 1391 888 1430 ἐστὶ
920 1390 1027 1443 βαρὺ,
1050 1391 1131 1430 ὅταν

114 1453 173 1490 καὶ
193 1452 357 1504 ἐμφύλιος
376 1455 393 1490 ὅ
411 1452 561 1503 πόλεμος
595 1446 630 1503 ἦ.
650 1452 720 1490 Καὶ
751 1453 866 1496 καλῶς
888 1446 962 1490 εἷπε
976 1482 985 1499 ,
1010 1454 1133 1506 Προσ-

115 1513 229 1564 έχετε,
258 1512 390 1556 δεικνὺς
422 1512 720 1566 περισπούδαστον
753 1513 885 1565 σφόδρα
918 1513 958 1551 τὸ
987 1521 1135 1566 πρᾶγμα

115 1573 339 1621 (Ἐκκλησία
357 1574 424 1625 γάρ
446 1574 559 1624 ἐστι),
580 1574 638 1612 καὶ
659 1573 710 1611 ὅτι
734 1574 841 1625 μέγας
862 1577 879 1611 ὁ
898 1573 1051 1617 κίνδυνος
1066 1573 1137 1621 (αἵ-

119 1651 203 1685 ματι
216 1633 283 1685 γὰρ
306 1634 411 1681 αὐτὴν
432 1633 672 1686 ἐλυτρώσατο)
687 1665 696 1682 ,
712 1635 771 1672 καὶ
790 1634 843 1672 ὅτι
861 1633 968 1677 πολὺς
996 1637 1013 1672 ὃ
1038 1634 1138 1673 πόλε-

119 1712 181 1746 μος
199 1695 257 1732 καὶ
277 1696 428 1738 διπλοῦς.
448 1697 571 1732 Ταῦτα
588 1694 699 1732 τοίνυν
722 1694 906 1742 ἐδήλωσεν,
927 1694 1050 1732 εἰπών·
1069 1694 1138 1732 Καὶ

118 1756 151 1800 ἐξ
169 1759 266 1806 ὑμῶν
289 1758 399 1793 αὐτῶν
426 1755 682 1801 ἀναστήσονται
711 1756 830 1807 ἄνδρες
856 1758 1040 1799 λαλοῦντες
1066 1757 1138 1793 διε-

119 1815 346 1869 στραμμένα,
362 1821 421 1853 τοῦ
439 1818 601 1867 ἀποσπᾷν
618 1815 696 1859 τοὺς
708 1816 866 1866 μαθητὰς
883 1816 995 1854 ὀπίσω
1015 1818 1140 1854 αὐτῶν.

120 1873 210 1916 Εἶτα
232 1877 350 1923 ἐπειδὴ
368 1876 499 1928 σφόδρα
516 1876 635 1920 αὐτοὺς
650 1877 799 1929 ἐφόῧησε
815 1880 865 1930 τῷ
884 1880 991 1916 εἰπεῖν
1008 1877 1142 1919 Λύκους

121 1942 258 1990 βαρεῖς,
275 1938 334 1976 καὶ
357 1937 389 1981 ἐξ
413 1939 523 1975 αὐτῶν
557 1941 748 1984 ἀναστῆναι
773 1937 851 1981 τοὺς
880 1937 924 1975 τὰ
956 1939 1143 1989 διεστραμ-

122 1999 208 2049 με’να
235 2000 444 2046 λαλοῦντας,
461 1998 578 2049 ὥσπερ
604 1999 671 2036 ὑπό
698 2015 787 2041 τινος
808 1999 1027 2051 διαπορηθεὶς
1040 2029 1049 2047 ,
1069 2002 1143 2041 πῶς

121 2054 200 2107 οῦν,
218 2059 392 2106 εἰπόντος,
413 2059 472 2097 καὶ
488 2059 539 2103 τίς
561 2059 658 2098 ἔσται
675 2059 833 2110 φυλακή,
855 2060 996 2111 ἐπάγει,
1012 2059 1121 2111 λέγων
1136 2075 1143 2082 ·

122 2122 348 2172 Γρηγορεῖτε,
377 2120 666 2170 μνημονεύοντες,
687 2119 739 2157 ὅτι
768 2120 917 2171 τριετίαν
948 2120 1054 2159 νύκτα
1085 2120 1144 2158 καὶ

1143 724 1167 752 D

1275 276 1428 305 HOMIL.
1469 276 1590 305 XLIV.

2065 260 2154 318 373

1183 355 1227 393 de
1241 355 1361 407 parvis
1376 356 1480 394 rebus
1491 369 1563 394 esse
1574 355 1785 407 periculum,
1804 353 1977 404 siquidem
1984 354 2159 391 Dominus

1184 430 1248 468 pro
1267 416 1422 454 Ecclesia
1441 430 1552 467 neque
1569 415 1733 467 sanguini
1751 429 1813 452 suo
1829 414 1997 466 pepercit,
2019 428 2082 452 nos
2095 429 2162 452 au—

1185 487 1255 515 tem
1268 477 1419 515 fratrum
1432 478 1582 515 salutem
1597 475 1863 514 contemnimus.
1873 475 1918 513 Et
1930 475 1990 512 ille
2000 475 2159 525 quidem,

1187 547 1227 575 ut
1247 536 1408 575 inimicos
1427 537 1692 583 reconciliaret,
1717 536 1923 587 sanguinem
1942 536 2068 573 effudit
2083 551 2094 584 3
2125 543 2164 572 tu

1186 613 1271 638 vero
1290 612 1402 649 neque
1427 599 1558 637 amicos
1576 599 1724 636 retinere
1741 608 1848 650 potes.
1874 598 1936 636 29.
1960 599 2044 649 Ego
2063 599 2167 635 enim

1188 662 1266 698 scio
1282 661 1367 706 hoc,
1383 661 1488 711 quod
1504 661 1766 711 ingredientur
1788 667 1874 710 post
1899 659 2168 697 discessionem

1191 733 1314 757 meam
1332 722 1411 771 lupi
1431 734 1568 772 graves
1580 723 1621 757 in
1638 734 1724 769 vos,
1747 734 1824 757 non
1836 728 2036 771 parcentes
2051 722 2167 771 gregi.

1192 783 1328 819 Rursus
1340 781 1410 818 alio
1428 781 1535 818 modo
1554 781 1633 819 illos
1646 790 1776 827 versat,
1791 796 1811 818 a
1825 782 1953 819 futuris
1975 798 1982 817 :
2002 792 2040 819 ut
2060 796 2169 832 quan-

1191 840 1237 877 do
1258 840 1345 877 alibi
1379 840 1493 877 dicit:
1514 842 1605 878 Non
1633 849 1687 877 est
1713 843 1821 878 nobis
1851 842 1956 879 lacta
1988 844 2172 880 adversus
2186 848 2334 889 Epheso.

1192 904 1417 952 sanguinem
1435 911 1469 938 et
1486 915 1653 939 carnem.
1675 903 1778 952 Quia
1805 904 2092 954 ingredientur,
2112 905 2173 942 in-
2191 901 2238 922 ¹²·

1195 961 1286 1011 quit,
1309 970 1396 1012 post
1416 963 1684 1000 discessionem
1710 977 1835 1000 meam
1860 964 1940 1014 lupi
1974 979 2109 1015 graves
2137 969 2179 1003 in

1197 1035 1282 1059 vos.
1294 1022 1583 1073 Duplexmalum
1598 1038 1606 1059 ε
1625 1023 1721 1073 quod
1734 1023 1808 1075 ipse
1822 1037 1892 1061 non
1907 1023 2014 1070 adsit,
2033 1033 2066 1062 et
2084 1025 2180 1075 quod

1197 1081 1359 1119 futurum
1380 1082 1425 1120 sit
1444 1092 1483 1120 ut
1496 1082 1556 1120 alii
1574 1082 1714 1122 instent.
1732 1084 1805 1121 Cur
1833 1097 1916 1134 ergo
1935 1084 2026 1131 abis,
2054 1085 2083 1123 si
2114 1086 2182 1123 1100

1198 1143 1396 1196 praevidisti
1414 1144 1431 1181 P
1452 1143 1606 1196 Spiritus
1624 1158 1680 1182 me
1697 1145 1820 1190 trahit,
1839 1145 1964 1196 inquit.

1254 1205 1290 1242 5.
1308 1204 1356 1241 Et
1374 1204 1470 1252 vide,
1485 1218 1554 1242 non
1573 1204 1783 1257 simpliciter
1793 1204 1901 1248 dixit,
1918 1208 2031 1258 Lupi,
2048 1206 2108 1245 sed
2123 1207 2185 1244 ad-

1200 1264 1306 1313 didit,
1330 1265 1492 1311 Graves,
1511 1264 1655 1302 illorum
1674 1265 1934 1303 vehementiam
1962 1275 1994 1303 et
2020 1268 2186 1318 petulan—

1202 1324 1288 1362 tiam
1302 1323 1530 1362 subindicans
1540 1339 1550 1373 ;
1562 1324 1728 1375 quodque
1742 1325 1887 1375 gravius
1896 1335 1963 1376 est,
1980 1326 2045 1363 1105
2061 1341 2105 1364 ex
2116 1326 2190 1363 illis

1203 1385 1290 1438 ipsis
1309 1394 1528 1423 surrecturos
1547 1399 1621 1423 esse
1643 1385 1731 1423 dicit
1748 1401 1755 1422 ε
1774 1385 1870 1436 quod
1898 1396 1991 1424 certe
2020 1386 2191 1437 gravissi-

1205 1461 1304 1484 mum
1326 1455 1398 1494 est,
1420 1459 1501 1483 cum
1528 1446 1633 1485 civile
1651 1446 1828 1484 excitatur
1846 1447 1995 1484 bellum.
2020 1447 2067 1484 Et
2100 1458 2192 1485 recte

1205 1507 1307 1555 dicit,
1327 1506 1546 1553 Attendite,
1570 1507 1756 1544 ostendens
1780 1521 1855 1544 rem
1874 1508 2030 1545 maxime
2059 1522 2191 1546 curan—

1207 1570 1291 1608 dam
1307 1583 1379 1607 esse
1392 1569 1572 1617 (Ecclesia
1588 1582 1742 1619 namque
1761 1573 1843 1618 est),
1859 1578 1892 1607 et
1911 1583 2081 1621 maguum
2100 1570 2194 1622 peri-

1209 1631 1329 1668 culum
1347 1629 1538 1680 (sanguine
1560 1628 1655 1666 enim
1687 1630 1789 1667 illam
1820 1629 2002 1679 redemit),
2025 1645 2065 1668 ac
2096 1631 2194 1668 mul-

1209 1699 1285 1728 tum
1302 1690 1507 1742 duplexque
1522 1689 1670 1726 bellum.
1687 1690 1771 1727 Haec
1790 1704 1873 1741 ergo
1895 1691 2125 1742 significavit,
2137 1691 2196 1728 di*

1210 1752 1379 1790 cens:50.
1397 1753 1450 1789 Et
1465 1765 1512 1788 esc
1526 1753 1638 1788 vobis
1659 1752 1749 1801 ipsis
1767 1761 1923 1802 surgent
1938 1754 2018 1789 viri
2039 1753 2196 1803 loquen-

1213 1822 1267 1852 tes
1285 1827 1478 1865 perversa,
1510 1821 1551 1850 ut
1570 1814 1767 1851 abducant
1794 1814 2001 1865 discipulos
2025 1823 2111 1865 post
2141 1828 2193 1851 se.

1212 1873 1371 1922 Deinde,
1386 1874 1469 1924 quia
1489 1873 1687 1911 admodum
1711 1873 1793 1911 illos
1813 1874 1953 1922 terruit,
1970 1888 2052 1911 cum
2071 1876 2197 1925 Lupos

1211 1948 1347 1987 graves
1373 1933 1489 1984 dixit,
1507 1943 1541 1971 et
1559 1948 1605 1971 ex
1627 1934 1712 1986 ipsis
1731 1943 1952 1974 surrecturos
1968 1949 2041 1973 esse
2060 1935 2122 1985 qui
2141 1936 2196 1973 lo·

1213 2005 1405 2046 querentur
1440 2009 1604 2047 perversa
1636 2011 1643 2031 :
1672 1995 1774 2045 quasi
1811 1995 1966 2046 quodam
1999 2005 2196 2046 quaerente,

1215 2057 1404 2103 Quomodo
1427 2056 1567 2107 igitur?
1587 2065 1620 2094 et
1641 2071 1719 2107 quae
1748 2057 1907 2095 custodia
1936 2057 2033 2095 erit?
2055 2058 2198 2109 adjicit:

1216 2119 1279 2155 52
1324 2118 1513 2169 ll'gilnte,
1549 2131 1732 2154 memores
1765 2118 1870 2168 quod
1896 2132 1964 2168 per
1995 2120 2202 2155 triennium

122 2181 256 2234 ἡμέραν
277 2183 339 2218 οὐκ
362 2181 571 2231 ἐπαυσάμην
592 2179 682 2230 μετὰ
704 2180 859 2232 δακρύων
893 2184 1061 2219 νουθετῶν
1087 2181 1145 2218 ἕνα
1158 2208 1207 2235 334
1219 2191 1297 2215 non
1324 2179 1554 2215 cessaverim
1583 2186 1692 2214 nocte
1724 2178 1861 2229 dieque
1895 2191 1981 2215 cum
2016 2179 2203 2226 lacrymis

123 2241 281 2279 ἕκαστον.
299 2240 396 2291 ςὈρα
411 2240 516 2278 πόσαι
532 2240 722 2292 ὓπερέολαί
736 2255 743 2263 ·
762 2246 776 2261 ‘¹
791 2240 881 2291 μετὰ
901 2241 1071 2294 δακρύων,
1087 2241 1147 2278 καὶ
1172 2245 1197 2274 Λ
1219 2251 1372 2275 monere
1387 2250 1698 2288 unumquemque
1715 2234 1899 2275 vestrum.
1916 2237 2011 2277 Vide
2027 2251 2134 2288 quam
2150 2237 2203 2274 in-

124 2301 230 2339 νύκτα
249 2301 307 2338 καὶ
331 2301 478 2353 ἡμέραν,
504 2301 563 2338 καὶ
593 2300 653 2338 ἕνα
674 2300 832 2339 ἕκαστον.
853 2302 905 2339 Οὐ
927 2300 995 2353 γὰρ
1014 2303 1043 2339 εἷ
1062 2302 1147 2339 πολ-

124 2361 202 2404 λοὺς
232 2356 320 2408 εἶδε,
351 2361 430 2400 τότε
458 2361 631 2413 ἐφείδετο,
654 2363 730 2399 ἀλλ’
755 2361 831 2412 ᾔδει
862 2362 920 2399 καὶ
941 2361 1028 2414 ὑπὲρ
1066 2368 1147 2412 μιᾶς

125 2424 237 2474 ψυχῆς
256 2421 370 2459 πάντα
389 2428 511 2460 ποιεῖν.
529 2421 634 2460 Οὕτω
654 2427 732 2473 γοῦν
763 2421 884 2466 αὐτοὺς
909 2422 967 2460 καὶ
989 2422 1151 2476 συνεκρό-

126 2499 242 2529 τησεν.
262 2482 311 2521 Ὃ
328 2482 363 2521 δὲ
384 2482 500 2533 λέγει,
514 2482 614 2521 τοῦτό
634 2485 725 2521 ἐστιν
739 2499 746 2507 ·
767 2485 865 2536 ἀρκεῖ
881 2482 925 2521 τὰ
945 2484 1029 2536 παρ’
1046 2485 1149 2533 ἐμοῦ·

132 2543 281 2595 τριετίαν
299 2543 418 2594 ἔμεινα
431 2573 440 2591 ,
461 2546 588 2586 ἱκανῶς
609 2544 867 2596 ἐστερεώθησαν
885 2573 893 2591 ,
911 2546 1037 2588 ἱκανῶς
1059 2547 1153 2596 ἐρρι-

134 2603 305 2649 ζώΟ-ησαν.
326 2603 427 2641 Μετὰ
442 2603 615 2656 δακρύων,
637 2604 751 2656 φησίν.
769 2605 877 2657 Ὁρᾷς
890 2605 943 2643 ὅτι
961 2604 1005 2643 τὰ
1023 2605 1154 2659 δάκρυα

135 2663 191 2702 διὰ
215 2668 334 2711 τοῦτο,
354 2666 478 2702 Ταῦτα
501 2666 655 2714 ποιῶμεν
685 2665 744 2703 καὶ
770 2669 883 2716 ἡμεῖς.
904 2668 981 2704 Οὐκ
1011 2667 1109 2717 ἀλγεῖ
1138 2667 1155 2702 ὁ

133 2724 259 2767 κακός·
289 2725 442 2775 ἄλγησον
475 2724 538 2771 σὺ,
558 2724 639 2767 ἴσως
665 2726 809 2777 ἀλγήσει
838 2729 1007 2770 κάκεῖνος.
1038 2726 1156 2765 ΚαΟοί-

134 2802 200 2838 περ
216 2786 297 2824 ὅταν
314 2785 370 2837 ἴδῃ
388 2790 405 2824 ὃ
418 2785 561 2836 κρίμνων
575 2785 632 2822 τὸν
647 2786 763 2837 ἰατρὸν
782 2787 1008 2837 λαμὸάνοντα
1028 2787 1136 2825 σιτίου
1147 2814 1156 2832 ,

135 2846 196 2884 καὶ
218 2846 317 2889 αὐτὸς
336 2846 592 2898 προτρέπεται·
621 2845 710 2884 οὕτω
731 2845 771 2893 δὴ
795 2847 855 2884 καὶ
873 2849 1018 2886 ἐνταῦθα
1039 2848 1136 2886 ἔσται
1150 2864 1157 2871 ·

139 2907 177 2945 ἂν
199 2907 254 2959 ἴδῃ
286 2923 325 2945 σε
350 2907 567 2959 ὀδυρόμενον,
589 2907 855 2959 μαλαχΟήο-εται
869 2938 877 2954 ,
897 2908 1050 2960 χρηστὸς
1071 2908 1158 2960 ἀνὴρ

138 2968 197 3007 καὶ
216 2975 324 3020 πρᾶος
343 2969 538 3020 γενήσεται.
555 2971 631 3006 Οὐκ
653 2968 772 3016 εἰδὼς,
795 2968 898 3020 φησὶ,
925 2968 969 3006 τὰ
992 2969 1159 3016 συναντή-

101 3071 105 3076 ,
139 3029 243 3068 σοντοί
278 3045 348 3079 μοι.
371 3029 417 3067 Τί
448 3023 526 3077 οῦν,
554 3029 610 3066 διὰ
641 3032 742 3067 τοῦτο
777 3028 1158 3080 ἀπέρχῃ;Ὀύδαμῶς·

139 3091 231 3129 ἀλλὰ
248 3092 307 3129 καὶ
329 3090 460 3143 σφόδρα
474 3090 634 3143 γινώσκω
647 3120 656 3137 ,
677 3090 730 3129 ὅτι
747 3089 858 3140 δεσμὰ
885 3090 944 3127 καὶ
967 3091 1097 3143 θλίψεις
1117 3107 1159 3142 με

143 3151 315 3201 μένουσιν.
339 3151 422 3189 υΟτι
454 3151 514 3201 μὲν
553 3146 608 3190 οῦν
643 3150 830 3203 πειρασμοὶ
863 3150 1065 3202 ἐκδέχονταί
1094 3168 1136 3202 με
1149 3182 1159 3200 ,

142 3205 238 3260 οἶδα,
259 3214 370 3249 ὁποῖοι
406 3211 459 3258 δὲ,
495 3213 555 3249 οὐκ
579 3206 674 3249 οἶδα·
709 3211 793 3263 ὅπερ
827 3204 868 3257 ἦν
896 3211 1158 3263 χαλεπώτερον.

146 3272 205 3319 Μὴ
247 3272 356 3309 τοίνυν
387 3271 553 3322 νομίσητέ
587 3288 629 3323 με
668 3271 924 3322 ἀποδυρόμενον
959 3275 1068 3311 ταῦτα
1105 3273 1159 3311 λε’-

194 3404 206 3417 ·'¹
232 3398 312 3435 μετὰ
330 3395 461 3436 δακρύων
479 3391 570 3424 deest
588 3392 618 3424 in
638 3404 714 3426 uuo.

1219 2298 1322 2336 solita
1341 2296 1456 2335 dicat:
1476 2311 1558 2334 cum
1577 2296 1760 2348 lacrymis,
1782 2306 1883 2334 nocte
1902 2296 2043 2348 dieque,
2068 2311 2204 2335 unum—

1221 2372 1407 2410 quemque.
1428 2359 1508 2396 Non
1527 2357 1622 2395 enim
1638 2357 1667 2394 si
1687 2357 1817 2395 multos
1833 2358 1997 2408 vidisset,
2015 2359 2065 2396 eis
2080 2373 2206 2410 peper-

1221 2420 1337 2466 cisset,
1360 2419 1423 2457 sed
1438 2418 1568 2456 sciebat
1584 2418 1689 2456 ctiam
1706 2434 1770 2470 pro
1782 2434 1849 2457 una
1864 2420 1981 2457 anima
2000 2420 2118 2457 onmia
2133 2433 2205 2458 0550
2220 2434 2410 2462 prounam.

1223 2479 1396 2521 facienda.
1418 2479 1478 2518 Sic
1497 2492 1579 2530 ergo
1593 2479 1673 2516 illos
1685 2479 1792 2516 etiam
1812 2480 2012 2532 conjunxit.
2029 2481 2105 2518 Hoc
2121 2493 2205 2519 vero

1223 2539 1525 2593 significattSatis
1544 2548 1625 2577 sunt
1650 2553 1702 2588 ea,
1730 2554 1806 2590 quae
1825 2540 1892 2577 feci
1903 2556 1915 2590 3
1935 2555 1997 2592 per
2015 2541 2207 2579 triennium

1224 2601 1359 2650 mansi,
1378 2599 1578 2638 confirmati
1607 2608 1702 2649 sunt,
1724 2600 1941 2637 sufficienter
1962 2600 2098 2638 radices
2119 2601 2209 2638 fixe-

1228 2671 1321 2701 runt.
1349 2663 1443 2700 Cum
1478 2662 1679 2709 lacrymis,
1710 2660 1837 2711 inquit.
1871 2660 2002 2700 Viden’
2033 2661 2211 2713 lacrymas

1229 2723 1308 2762 ideo
1326 2721 1524 2760 fundendas
1555 2722 1656 2759 esse?
1677 2721 1761 2758 Haec
1781 2730 1815 2758 et
1845 2735 1907 2759 nos
1926 2722 2108 2760 faciamus.
2132 2724 2212 2760 Non

1229 2785 1326 2823 dolet
1344 2784 1529 2837 improbus
1545 2782 1647 2820 :dole
1666 2792 1724 2833 tu,
1744 2783 1834 2821 forte
1852 2792 1885 2821 et
1905 2784 1980 2835 ipse
1994 2784 2140 2822 dolebit.
2164 2786 2214 2823 Ut

1232 2861 1314 2886 cum
1327 2846 1428 2885 videt
1448 2859 1539 2896 aeger
1550 2845 1732 2882 medicum
1749 2844 1870 2882 cibum
1887 2855 2094 2895 sumentem,
2109 2846 2214 2883 etiam

1233 2909 1308 2960 ipse
1327 2906 1518 2945 incitatur:
1537 2906 1587 2944 ita
1602 2916 1634 2944 et
1653 2905 1712 2942 1110
1731 2905 1816 2955 erit,
1838 2905 1865 2942 si
1886 2915 1919 2943 te
1938 2905 2070 2945 viderit
2088 2908 2214 2958 lugen-

1232 2977 1317 3016 tem,
1332 2966 1533 3005 emollietur
1546 2981 1554 3013 ;
1565 2966 1679 3004 bonus
1698 2965 1754 3004 vir
1768 2974 1801 3002 et
1815 2965 1911 3003 mitis
1925 2966 2002 3003 erit.
2018 2967 2212 3013 Neseiens,

1234 3028 1362 3080 inquit,
1378 3041 1462 3079 (μαι)
1478 3027 1573 3064 milii
1589 3035 1772 3064 eventura
1787 3028 1875 3063 sint.
1890 3025 1987 3073 Quid
2001 3027 2109 3077 ergo?
2122 3027 2217 3064 ideo-

1234 3104 1276 3128 ne
1301 3089 1404 3127 abis?
1427 3088 1596 3135 Minime3
1617 3087 1679 3126 sed
1697 3086 1808 3139 probe
1838 3086 1923 3135 scio,
1945 3087 2043 3137 quod
2074 3088 2219 3127 vincula

1235 3161 1267 3189 et
1282 3151 1527 3189 tribulationes
1548 3164 1602 3187 me
1620 3157 1793 3186 maneant.
1811 3148 1919 3195 Quod
1937 3149 2145 3187 tentationes
2164 3164 2220 3187 me

1235 3221 1438 3265 exspectent
1468 3211 1550 3249 novi
1568 3226 1579 3261 3
1609 3211 1730 3260 quales
1766 3223 1862 3255 vero,
1899 3210 2030 3259 nescio,
2059 3211 2099 3249 id
2126 3211 2221 3261 quod

1237 3273 1382 3325 gravius
1398 3281 1483 3311 erat.
1501 3273 1553 3309 Ne
1569 3270 1697 3323 putetis
1714 3283 1796 3321 ergo
1814 3284 1868 3307 me
1884 3270 2129 3322 deplorantem
2149 3272 2223 3308 haic

1950 3446 2013 3481 20¹.

2219 2487 2265 2503 ma
2313 2476 2408 2501 omnia.

2222 2516 2335 2544 sacicnd
2347 2527 2364 2541 ι.
