2466 3805
708 229 750 257 {N
787 229 901 258 ACTA
943 223 1285 258 APOSTOLORUM.

1324 221 1482 253 nonu..
1521 222 1585 254 ΠΙ.

2126 204 2182 263 37

117 329 218 367 μενος
231 314 340 366 λέγω,
363 314 439 352 ἀλλ’
459 317 555 364 ὑμῶν
573 315 728 366 ἐπισχεῖν
743 313 806 361 τὴν
829 313 1024 365 ἐπιθυμίαν.
1035 310 1135 363 Ποίῳ
1156 314 1180 343 Β
1203 306 1503 356 50111111ᾶᾶ111,εώ
1518 315 1556 344 ut
1570 314 1723 346 vestram
1738 304 1924 344 cohibeam
1940 301 2184 354 cupiditatem.

114 375 183 428 γὰρ
211 374 379 412 συνειδότι
399 374 437 412 ἂν
456 375 537 427 γένῃ
559 375 792 420 σπουδάσαςῆ
813 375 868 413 διὰ
888 371 1070 419 σαυτοῦ,ἢ
1091 373 1132 409 δι’

117 435 255 488 ἑτέρου;
275 434 383 478 ποίοις
402 437 590 487 ὀφθαλμοῖς
610 435 826 487 ἀντιὸλέψεις
848 433 966 486 ἐκείνῳ
992 436 1042 486 τῷ
1063 447 1134 471 συν-

119 496 306 548 εργήσαντι
317 511 326 544 ;
348 496 382 534 τί
404 496 487 540 ἕξεις
502 496 805 546 ἀπολογήσασθαι;
820 496 864 535 Ὁ
881 494 941 547 μὲν
961 494 1028 546 γὰρ
1043 493 1134 531 ἄκων

120 557 179 595 καὶ
199 557 367 608 βιασθεὶς,
390 558 448 595 καὶ
477 559 538 595 οὐκ
569 558 712 603 ἐθέλων,
735 557 808 610 ἔχοι
831 558 871 595 ἄν
898 573 975 594 τινα
1011 556 1137 593 ἀπολο·

120 619 213 670 γίαν,
233 621 262 656 εἷ
279 619 337 657 καὶ
353 620 396 657 τὰ
420 619 573 669 μάλιστα
599 619 658 657 καὶ
682 613 778 662 οὗτος
804 617 1037 668 ἀπεστέρηται
1058 631 1139 665 συγ-

122 678 280 730 γνώμης·
303 679 393 727 πλὴν
415 680 503 718 ἀλλὰ
521 680 618 734 παρὰ
635 684 733 718 τοῦτο
751 679 823 731 ἔχει
842 678 920 716 τινὰ
940 675 1139 726 ἀπολογίαν.

125 741 310 787 Ἐννόησον
330 741 363 778 τί
379 742 498 792 Σίμων
513 740 637 788 ἔπαθε;
657 741 703 779 Τί
730 739 817 792 γὰρ,
849 741 879 776 εἷ
905 737 953 788 μὴ
983 736 1143 789 ἀργύριον

122 802 241 849 δίδως,
263 802 341 839 ἀλλ’
355 801 430 839 ἀντὶ
448 801 608 854 ἀργυρίου
624 799 838 846 κολακεύεις,
857 798 916 835 καὶ
935 795 1148 834 κατασκευά-

125 864 193 905 ζεις
212 862 341 909 πολλὰ,
358 862 418 900 καὶ
433 868 593 913 μηχανῇ
612 863 644 898 Τ
647 860 664 898 ὸ
683 858 842 912 ἀργύριόν
865 874 924 896 σου
944 856 1005 894 σὺν
1027 855 1079 893 σοὶ
1093 854 1146 899 εἴη

127 922 175 963 εἷς
207 921 394 959 ἀπώλειαν.
425 921 519 972 Πρὸς
547 923 672 958 ἐκεῖνον
694 913 790 966 εἶπε,
823 917 882 954 καὶ
909 916 1040 958 τούτοις
1059 917 1146 966 ἐρεῖ·

124 986 147 1028 ἡ
169 982 300 1029 σπουδὴ
324 984 420 1032 ὑμῶν
450 984 524 1031 μεθ’
556 984 652 1031 ὑμῶν
682 980 771 1018 ἔστω
806 978 852 1022 εἰς
878 976 1069 1024 ἀπώλειαν,
1096 975 1148 1012 ὅτι

128 1043 310 1094 ἐνομίσατε
323 1043 514 1094 περιδρομῇ
532 1039 728 1094 ἀνθρωπίνῃ
745 1039 807 1087 τὴν
827 1038 957 1091 δωρεὰν
978 1043 1037 1076 τοῦ
1057 1038 1149 1075 Θεοῦ

127 1107 288 1141 κτᾶσθαι.
312 1104 404 1141 Ἀλλ’
436 1102 545 1145 οὐδείς
575 1104 648 1139 ἐστι
675 1105 845 1147 τοιοῦτος
874 1098 975 1146 Μηδὲ
1003 1097 1148 1149 γένοιτο.

129 1164 222 1202 Οὐδὲ
240 1164 306 1216 γὰρ
328 1163 494 1215 βούλομαι
514 1162 608 1201 οὐδὲν
633 1163 718 1216 πρὸς
741 1165 832 1214 ὑμᾶς
852 1155 939 1199 εἶναι
961 1163 1029 1198 τῶν
1051 1161 1149 1210 λεγο-

129 1223 258 1275 μένων·
279 1224 350 1262 νυνὶ
369 1223 404 1261 δὲ
423 1225 461 1261 ἐκ
484 1227 546 1270 τῆς
571 1222 772 1266 ἀκολουθίας
793 1224 839 1265 εἷς
866 1221 1006 1264 τούτους
1030 1219 1151 1259 ἐνεπέ-

127 1300 234 1336 σομεν
255 1284 333 1328 τοὺς
357 1284 488 1336 λόγους.
514 1283 606 1322 Οὐδὲ
635 1283 702 1335 γὰρ
727 1283 809 1322 ὅταν
832 1282 922 1321 κατὰ
955 1280 1152 1325 πλεονεξίας

129 1346 299 1396 λέγωμεν,
316 1345 400 1398 πρὸς
419 1348 508 1396 ὑμᾶς
524 1344 683 1396 λέγομεν,
705 1346 780 1382 ἀλλ’
803 1343 880 1382 οὐδὲ
895 1343 978 1395 πρὸς
998 1342 1071 1380 ἕνα.
1083 1340 1154 1379 -Γέ-

132 1421 223 1444 νοιτο
245 1408 319 1457 εἰκῇ
338 1405 382 1444 τὰ
398 1406 566 1459 φάρμακα
589 1405 674 1456 παρ’
695 1408 795 1455 ἡμῶν
825 1403 1153 1447 κατασκευάζεσθαι.

134 1470 179 1505 Αἱ
207 1468 275 1505 τῶν
309 1469 435 1518 ἰατρῶν
458 1466 557 1518 εὐχαὶ
586 1466 743 1504 τοιαῦταί
762 1468 859 1512 εἰσιν,
892 1467 954 1502 οὐκ
986 1464 1075 1503 ἄλλα
1103 1465 1156 1500 αἷ-

136 1526 316 1575 τοῧσαι,ἢ
341 1526 431 1565 ὥστε
459 1527 548 1578 μετὰ
577 1526 635 1565 τὸν
654 1525 762 1564 πολὺν
783 1525 885 1564 πόνον
913 1526 1032 1568 ἁπλῶς
1056 1527 1157 1576 ῥιφῆ-

137 1604 193 1626 ναι
208 1588 252 1626 τὰ
275 1587 455 1640 φάρμακα.
475 1590 599 1626 Ταῦτα
623 1587 681 1626 καὶ
702 1591 805 1638 ἡμεῖς
825 1585 1020 1639 εὐχόμεθα,
1038 1586 1158 1627 ἁπλῶς

136 1651 185 1693 εἷς
218 1649 302 1701 ἀέρα
338 1649 500 1700 λέγεσθαι
532 1648 577 1687 τὰ
608 1648 749 1701 ῥήματα
769 1648 814 1686 τὰ
845 1648 1001 1699 ἡμέτερα
1020 1675 1030 1693 ,
1069 1645 1158 1683 ὥστε

139 1710 280 1763 ῥήματα
309 1710 409 1761 μόνον
435 1704 532 1748 εἶναι.
560 1710 685 1748 Ποίντα
705 1713 897 1756 ὑποστῆναι
916 1708 1051 1759 ἕτοιμος
1072 1707 1158 1759 ἐγὼ,

139 1771 229 1808 ὥστε
252 1770 299 1822 μὴ
332 1772 378 1813 εἷς
410 1770 531 1822 χρείαν
558 1775 775 1818 καταστῆναι
810 1775 869 1809 τοῦ
897 1774 1007 1808 ταῦτα
1031 1769 1158 1821 λέγειν.

140 1833 185 1870 Εἰ
217 1831 250 1869 δὲ
285 1831 472 1883 βούλεσθε,
500 1832 559 1869 καὶ
582 1832 773 1884 σιγήσομεν
790 1848 797 1856 ·
817 1832 919 1883 μόνον
946 1831 1034 1868 ἔστω
1060 1829 1162 1868 ἀκίν-

141 1894 237 1936 δυνος
276 1896 298 1939 ἡ
336 1893 429 1945 σιγή.
463 1895 515 1931 Οὐ
542 1892 610 1945 γὰρ
641 1886 740 1944 οἶμαι
775 1892 913 1940 οὐδένα,
948 1892 1011 1929 κᾶν
1031 1890 1163 1942 σφόδρα

140 1952 314 1996 κενόδοξος
333 1948 372 2004 ᾗ,
402 1953 449 2004 μὴ
480 1954 651 2000 καλούσης
670 1953 789 2004 χρείας
809 1955 953 1998 θελῆσαι
974 1951 1013 1989 ἂν
1045 1953 1164 1993 ἁπλῶς

141 2013 410 2051 ἐπιδείκνυσθαι.
466 2014 779 2065 Παραχωρήσομεν
832 2015 894 2059 τῆς
941 2011 1164 2055 διδασκαλίας

144 2076 242 2123 ὑμῖν·
277 2072 361 2119 αὕτη
394 2073 462 2124 γὰρ
496 2073 621 2123 μείζων
639 2077 660 2119 ἡ
682 2073 890 2111 διδασκαλία
908 2076 955 2118 δὴ
985 2072 1040 2109 διὰ
1069 2089 1164 2125 πρα-

146 2133 306 2184 γμάτιον·
328 2133 401 2171 ἐπεὶ
432 2134 489 2171 καὶ
509 2138 576 2172 τῶν
599 2136 724 2186 ἰατρῶν
747 2137 777 2171 οἱ
799 2134 954 2186 ἄριστοι,
982 2133 1096 2170 καίτοι
1127 2148 1167 2184 γε

146 2197 208 2240 τῆς
223 2194 321 2231 νόσου
355 2197 423 2232 τῶν
449 2195 649 2245 καμνόντων
673 2194 839 2246 φερούσης
864 2195 979 2237 αὐτοῖς
1007 2194 1166 2243 μισθοὺς,

148 2255 322 2306 βούλοιντο
342 2255 380 2293 ἂν
398 2256 561 2307 ὑγιαίνειν
586 2256 663 2299 τοὺς
697 2258 808 2293 αὐτῶν
827 2255 955 2307 φίλους.
976 2254 1045 2292 Καὶ
1068 2258 1168 2305 ἡμεῖς

147 2316 340 2367 βουλόμεθα
355 2317 510 2359 ἅπαντας
527 2316 702 2368 ὑγιαίνειν.
719 2319 772 2355 Οὐ
791 2316 858 2369 γὰρ
880 2316 935 2354 ἵνα
955 2320 1055 2367 ἡμεῖς
1073 2316 1168 2354 δόκι-

147 2391 207 2427 μοι
226 2370 319 2427 ὦμεν
342 2377 556 2428 βουλόμεθα,
580 2378 677 2428 ὑμεῖς
698 2377 733 2415 δὲ
755 2377 915 2429 ἀδόκιμοι
940 2372 1015 2424 ἦτε.
1041 2377 1168 2415 'Eeou-

146 2438 259 2489 λόμην
281 2440 310 2475 εἶ
325 2433 394 2477 οἷόν
411 2454 449 2476 τε
465 2438 540 2490 ὄψει
563 2440 648 2489 αὐτῇ
665 2437 728 2485 τὴν
741 2438 878 2490 ἀγάπην
892 2469 900 2487 ,
917 2438 960 2484 ἣν
980 2439 1059 2490 περὶ
1079 2442 1169 2489 ὑμᾶς

147 2499 240 2550 ἔχω,
262 2498 515 2543 ἐπιδείξασθαι·
541 2499 650 2542 οὐδεὶς
688 2499 755 2552 γάρ
787 2515 846 2550 μοι
872 2499 991 2538 λοιπὸν
1010 2499 1105 2538 οὐδὲν
1128 2500 1167 2538 ἂν

147 2559 347 2598 ἐνεκάλεσεν
359 2590 369 2608 ,
389 2562 417 2598 εἰ
434 2560 493 2598 καὶ
513 2560 644 2613 σφόδρα
659 2560 790 2612 τραχὺς
804 2555 844 2607 ἦν
862 2564 879 2598 ὃ
899 2560 1010 2612 λόγος.
1031 2561 1089 2599 Τὰ
1103 2561 1170 2613 γὰρ

148 2619 245 2672 παρὰ
264 2621 371 2673 φίλων
394 2620 584 2671 λεγόμενα,
616 2620 679 2659 κᾶν
701 2621 798 2673 ὕὸρις
821 2616 860 2673 ᾗ,
887 2622 1036 2674 φορητά.
1067 2621 1171 2666 Ἀξιο-

148 2681 336 2735 πιστότερα
355 2681 421 2734 γὰρ
437 2681 622 2734 τραύματα
644 2682 762 2735 φίλου,
783 2682 803 2729 ἢ
822 2686 961 2722 ἑκούσια
990 2683 1171 2735 φιλήματα

150 2745 286 2795 ἐχθροῦ.
310 2742 418 2781 Οὐδὲν
439 2742 516 2794 ἐμοὶ
535 2743 769 2796 ποθεινότερον
787 2746 883 2795 ὑμῶν
896 2775 905 2792 ,
921 2744 995 2783 οὐδὲ
1017 2749 1117 2782 τοῦτο
1133 2746 1172 2783 τὸ

150 2808 232 2856 φῶς.
250 2804 422 2857 Μυριάκις
440 2804 507 2856 γὰρ
531 2803 570 2842 ἂν
593 2804 758 2856 εὐξαίμην
779 2806 878 2849 αὐτὸς
896 2810 1122 2859 πηρωθῆναι,
1144 2807 1174 2845 εἴ

149 2881 190 2917 γε
217 2867 295 2912 ἐνῆν
321 2865 378 2903 διὰ
395 2864 517 2903 τούτου
536 2865 597 2909 τὰς
619 2866 785 2918 ὑμετέρας
811 2867 1017 2919 ἐπιστρέψαι
1038 2868 1151 2920 ψυχάς
1166 2883 1174 2891 ·

153 2925 260 2969 οὕτως
282 2929 385 2965 αὐτοῦ
417 2931 476 2964 τοῦ
507 2928 619 2979 φωτὸς
653 2928 803 2978 γλυκίων
832 2928 909 2979 ἐμοὶ
926 2933 948 2976 ἠ
972 2932 1128 2983 σωτηρία
1150 2934 1171 2977 ἡ

154 2986 316 3037 ὑμετέρα.
334 2986 382 3024 Τί
406 2987 472 3039 γὰρ
507 2988 626 3040 ὄφελός
652 3005 710 3040 μοι
728 2991 796 3026 τῶν
820 2989 968 3028 ἀκτίνων
988 2993 1055 3027 τῶν
1077 2992 1174 3036 ἡλια-

1206 367 1286 414 Quo
1317 367 1425 405 uteris
1451 366 1610 415 conscio,
1628 366 1656 403 si
1673 365 1809 403 ambias
1833 364 1890 402 vel
1914 371 2024 415 perte
2043 361 2101 399 vel
2127 372 2189 412 per

1205 426 1345 466 alium?
1360 427 1487 477 quibus
1501 426 1612 465 oculis
1627 425 1792 478 respicies
1803 438 1883 462 euni
1896 423 1958 473 qui
1971 422 2038 459 tibi
2051 421 2118 458 fuit
2128 434 2190 458 au-

1206 488 1313 526 xilio?
1324 489 1412 539 quid
1422 488 1550 540 poteris
1560 487 1606 525 ad
1613 487 1665 525 tui
1676 486 1910 524 defensionem
1919 482 2091 536 proferre?
2100 482 2191 519 Nam

1207 549 1270 600 qui
1286 548 1421 591 invitus
1444 558 1582 587 coactus
1597 548 1665 586 fuit
1675 578 1685 597 ,
1700 547 1855 598 aliquam
1873 545 1981 582 babet
1994 542 2193 581 excusatio-

1209 624 1303 657 nem,
1318 610 1456 647 etiamsi
1471 610 1680 662 plerumque
1691 609 1750 646 1110
1764 620 1904 659 quoque
1917 605 2055 643 nullam
2067 604 2195 640 habeat

1211 671 1354 709 veniam
1379 686 1386 706 :
1413 680 1579 708 caeterum
1607 671 1764 720 aliquam
1789 679 1905 706 tamen
1935 665 2197 705 excusationem

1213 731 1334 767 habet.
1358 730 1500 780 Cogita,
1524 730 1611 779 quid
1628 729 1796 767 acciderit
1815 728 1965 767 Simoni.
1990 726 2091 774 Quid
2105 724 2200 763 enim

1217 792 1338 841 refert,
1360 791 1390 828 si
1413 800 1599 841 argentum
1624 805 1693 828 non
1713 790 1873 840 dederis;
1898 790 1927 827 si
1951 788 2084 839 argenti
2106 788 2197 837 loco,

1218 851 1389 901 aduleris,
1406 860 1438 888 et
1455 851 1635 888 machinas
1652 851 1846 888 adhibeas?
1862 850 2080 901 Argentum
2095 859 2201 887 tuum
2214 863 2283 892 Act.
2298 862 2328 893 8.
2348 869 2397 889 20.

1220 920 1343 949 tecum
1358 913 1461 949 sitin
1482 912 1749 962 perditionem.
1770 910 1846 947 Hoc
1867 910 1921 947 illi
1941 909 2054 959 dixit3
2078 910 2202 960 hisque

1219 971 1511 1009 dicet2Amhitio
1535 979 1651 1009 vestra
1677 970 1864 1009 vobiscum
1895 970 1939 1007 sit
1969 969 2005 1006 111
2034 969 2203 1020 perditio-

1218 1046 1313 1083 nem,
1329 1032 1413 1084 quia
1426 1032 1577 1084 putastis
1595 1046 1659 1070 vos
1678 1031 1834 1068 humana
1850 1030 2055 1068 circuitione
2069 1029 2204 1066 donum

1218 1093 1284 1131 Dei
1299 1107 1518 1145 possessuros
1539 1106 1626 1130 esse.
1652 1095 1700 1129 At
1721 1092 1840 1129 nullus
1859 1091 1940 1128 talis
1959 1091 2038 1128 est?
2060 1090 2207 1128 Utinam

1221 1167 1289 1192 non
1306 1154 1363 1192 sit.
1383 1154 1555 1206 Cuperem
1576 1166 1658 1191 sane
1679 1153 1810 1189 horum
1836 1151 1929 1189 nihil
1948 1150 1993 1189 ad
2012 1165 2075 1190 vos
2100 1150 2208 1203 perti-

1222 1228 1304 1252 nere
1321 1230 1329 1251 :
1352 1228 1446 1252 nunc
1459 1224 1577 1252 autem
1596 1228 1641 1252 ex
1661 1214 1854 1252 verborum
1874 1213 1961 1250 serie
1977 1212 2013 1249 in
2034 1212 2099 1249 hos
2119 1211 2208 1249 inci-

1220 1275 1342 1313 dimus
1365 1289 1553 1313 sermones.
1572 1276 1693 1325 Neque
1722 1274 1831 1324 enim,
1849 1273 1990 1325 quando
2019 1273 2207 1312 avaritiam

1222 1337 1451 1388 insectamur,
1470 1346 1591 1375 eontra
1612 1350 1676 1375 vos
1694 1336 1890 1386 loquimur,
1910 1335 1970 1373 sed
1989 1350 2100 1386 neque
2124 1350 2208 1374 0011-

1222 1407 1278 1436 tra
1301 1413 1411 1436 unum
1434 1398 1592 1449 quidem.
1614 1397 1764 1435 Utinam
1780 1411 1866 1435 vero
1886 1397 1962 1434 haec
1988 1396 2175 1449 pharmaca
2193 1411 2213 1433 a

1223 1459 1326 1498 nobis
1346 1460 1477 1497 frustra
1506 1468 1673 1511 parentur
1693 1474 1700 1494 ι
1716 1458 1792 1503 hice
1807 1467 1889 1496 sunt
1906 1458 2128 1496 medicorum
2146 1472 2211 1496 vo-

1224 1530 1275 1571 ta,
1294 1520 1387 1558 nihil
1415 1520 1516 1557 aliud
1540 1519 1816 1572 postulantium,
1841 1533 1949 1569 quam
1970 1528 2009 1556 ut
2029 1527 2107 1570 post
2123 1518 2215 1555 mul-

1225 1591 1303 1619 tum
1320 1581 1479 1618 laborem
1500 1579 1655 1618 remedia
1676 1580 1806 1617 frustra
1827 1589 1948 1632 parata
1970 1579 2214 1631 projiciantur.

1226 1644 1312 1681 Haec
1327 1652 1361 1680 et
1378 1657 1438 1680 nos
1456 1651 1634 1694 optamus,
1658 1650 1695 1678 ut
1709 1642 1816 1680 verba
1839 1651 1956 1678 nostra
1976 1641 2109 1678 frustra
2128 1649 2161 1677 et
2182 1639 2216 1677 in

1183 1715 1206 1744 D
1228 1718 1344 1742 aerem
1364 1704 1510 1752 abeant,
1527 1712 1560 1740 et
1577 1703 1683 1740 verba
1700 1711 1840 1739 tantum
1859 1702 1941 1739 sint.
1960 1701 2137 1752 Equidem
2155 1716 2216 1752 pa-

1227 1775 1326 1803 ratus
1350 1779 1429 1803 sum
1450 1764 1495 1802 ad
1518 1763 1636 1801 omnia
1670 1763 1887 1811 sustinenda,
1908 1772 1948 1800 ut
1966 1776 2039 1800 non
2058 1763 2102 1800 sit
2128 1775 2217 1814 opus

1229 1828 1304 1864 hacc
1322 1826 1448 1864 dicere.
1475 1825 1572 1872 Quin
1597 1825 1627 1862 si
1653 1825 1785 1870 vultis,
1813 1824 2033 1872 tacebimus,
2057 1824 2146 1861 dum
2166 1823 2215 1861 si-

1229 1887 1379 1924 lentium
1396 1887 1441 1923 sit
1456 1887 1531 1925 sine
1549 1886 1720 1938 periculo.
1738 1887 1857 1936 Neque
1878 1885 1971 1922 enim
1988 1894 2075 1936 puto
2096 1898 2220 1935 quem-

1231 1948 1329 1999 piam
1347 1947 1576 1997 quantumvis
1601 1961 1700 1985 vanae
1720 1946 1840 1997 gloriae
1860 1946 2050 1998 cupidum,
2072 1946 2140 1984 nisi
2157 1960 2217 1984 vo—

1234 2019 1285 2047 cet
1305 2009 1505 2058 necessitas,
1529 2008 1619 2047 velle
1640 2009 1770 2045 frustra
1792 2022 1865 2045 sese
1887 2008 2023 2045 efferre.
2047 2007 2221 2045 Concede-

1236 2085 1315 2108 mus
1326 2071 1427 2109 vobis
1441 2070 1642 2108 doctrinam
1662 2085 1669 2105 τ
1687 2070 1762 2107 haec
1776 2069 1907 2120 quippe
1921 2070 2035 2120 major
2047 2068 2220 2118 doctrina,

1238 2148 1316 2183 quce
1330 2132 1431 2170 factis
1448 2132 1560 2169 docet.
1577 2130 1875 2180 Quandoquidem
1890 2139 1922 2167 et
1936 2130 2063 2182 optimi
2077 2130 2221 2180 medici,

1237 2194 1375 2231 etiamsi
1398 2206 1573 2244 aegrorum
1603 2192 1719 2229 morbi
1745 2191 1943 2229 mercedem
1962 2191 2049 2244 ipsis
2068 2192 2220 2244 pariant,

1237 2255 1363 2292 malint
1382 2263 1497 2291 tamen
1513 2252 1644 2291 amicos
1660 2266 1740 2290 suos
1759 2253 1848 2290 bene
1865 2252 1995 2292 valere.
2014 2252 2060 2290 Et
2079 2266 2142 2290 nos
2162 2267 2223 2290 cu-

1239 2316 1359 2369 pimus
1377 2329 1505 2354 omnes-
1517 2315 1606 2352 bene
1628 2314 1756 2353 valere.
1776 2315 1857 2352 Non
1869 2314 1964 2351 enim
1980 2314 2145 2366 cupimus
2161 2327 2223 2352 nos

1240 2379 1404 2430 probatos
1422 2390 1509 2427 esse,
1528 2391 1590 2416 vos
1604 2385 1721 2413 autem
1737 2376 1916 2427 reprobos.
1931 2376 2084 2426 Vellem,
2101 2376 2130 2413 si
2146 2375 2223 2413 fieri

1240 2448 1357 2491 posset
1370 2469 1379 2487 ,
1402 2452 1516 2475 meam
1536 2451 1617 2489 erga
1641 2450 1704 2475 vos
1729 2437 1909 2474 caritatem
1929 2436 2015 2488 ipsis
2034 2437 2146 2474 oculis
2163 2450 2225 2474 ex-

1240 2502 1363 2539 hibere
1397 2516 1404 2536 z
1434 2500 1554 2537 nullus
1597 2499 1691 2536 enim
1730 2508 1851 2551 postea
1886 2513 1942 2536 me
1982 2498 2221 2550 redargueret,

1239 2563 1378 2601 etiamsi
1391 2576 1514 2613 aspero
1528 2575 1686 2599 sermone
1698 2570 1824 2598 uterer.
1834 2562 1925 2598 Nam
1937 2562 2037 2598 Fide
2046 2562 2223 2613 digniora
2238 2565 2418 2607 [νομοῖο.

1241 2633 1331 2662 sunt
1351 2624 1518 2660 vulnera
1549 2623 1677 2668 amici,
1707 2635 1825 2674 quam
1852 2631 2066 2673 spontanea
2091 2623 2224 2661 oscula

1241 2686 1401 2722 inimici.
1424 2684 1525 2722 Nihil
1544 2681 1632 2720 mihi
1651 2683 1765 2720 carius
1784 2683 1899 2733 vobis,
1923 2697 1967 2720 ne
1986 2683 2061 2734 ipsa
2078 2684 2224 2734 quidem

1242 2747 1319 2783 lux.
1348 2744 1513 2799 Optarim
1541 2744 1634 2781 enim
1661 2743 1717 2783 vel
1748 2743 1876 2781 millies
1908 2744 2095 2792 excaecari,
2119 2745 2148 2782 si
2174 2745 2224 2783 sic

1242 2806 1376 2844 animas
1391 2815 1526 2844 vestras
1545 2814 1747 2843 convertere
1760 2818 1898 2856 possem
1916 2820 1923 2840 ε
1944 2804 1996 2842 sie
2020 2805 2110 2842 mihi
2128 2806 2224 2844 salus

1243 2877 1359 2907 vestra
1379 2867 1454 2920 ipsa
1474 2867 1552 2904 luce
1573 2866 1712 2904 dulcior
1740 2875 1803 2903 est.
1826 2865 1924 2912 Quid
1957 2865 2050 2903 enim
2077 2877 2225 2918 prosunt

1244 2929 1334 2967 mihi
1365 2930 1494 2967 solares
1526 2927 1631 2975 radii,
1658 2927 1686 2964 si
1716 2926 1818 2964 dolor
1846 2936 1990 2979 propter
2017 2942 2079 2967 vos
2102 2929 2225 2979 jomus,

1249 2991 1368 3028 oculos
1405 2990 1556 3027 tenebris
1595 2988 1780 3026 offundat?
1810 2989 1914 3025 Tunc
1940 2988 2006 3026 lux
2033 2989 2127 3027 bona
2154 3000 2224 3037 est,

156 3048 225 3083 κῶν
238 3077 247 3094 ,
267 3046 348 3085 ὅταν
375 3052 396 3095 ἡ
419 3049 462 3086 δι’
477 3051 565 3099 ὑμᾶς
583 3049 714 3100 ἀθυμία
732 3051 819 3088 πολὺ
847 3051 1086 3103 κατασκεδάζῃ
1103 3055 1171 3089 τῶν
1195 3084 1226 3108 32
1247 3051 1389 3102 quando
1405 3065 1485 3088 cum
1504 3050 1625 3087 laetitia
1656 3049 1774 3101 prodit
1792 3065 1799 3085 :
1817 3049 1978 3086 moerenti
2006 3050 2137 3102 quippe
2153 3051 2229 3088 ani-

156 3108 343 3159 ὀφθαλμῶν
361 3111 400 3148 τὸ
423 3110 559 3160 σκότος;
580 3112 632 3150 Τὸ
662 3112 729 3165 γὰρ
754 3115 824 3164 φῶς
853 3112 930 3151 τότε
950 3113 1068 3161 καλὸν,
1091 3113 1172 3152 ὅταν
1198 3122 1224 3149 Α
1247 3128 1313 3151 mae
1335 3112 1481 3150 molesta
1500 3120 1562 3149 est.
1583 3110 1689 3157 Quod
1715 3124 1798 3148 vero
1817 3124 1886 3148 non
1904 3110 2067 3161 mentiar,
2092 3112 2228 3149 utinam

158 3170 191 3206 ἐν
213 3169 402 3222 εὐφροσύνῃ
424 3172 599 3224 φαίνηται·
622 3173 696 3211 ἐπεὶ
714 3178 757 3225 τῇ
777 3174 978 3226 λυπουμένῃ
1001 3177 1095 3227 ψυχῇ
1116 3176 1175 3214 καὶ

158 3230 383 3280 παρενοχλεῖν
401 3231 504 3268 δοκεῖ.
523 3231 610 3270 εὈτι
636 3231 671 3270 δὲ
702 3234 738 3271 οὐ
759 3233 948 3285 ψεύδομαι,
969 3234 1017 3285 μὴ
1044 3234 1176 3286 γένοιτο

205 3367 218 3380 ³
244 3355 292 3389 Al.
312 3363 330 3396 ἢ
349 3363 365 3397 ἡ
383 3362 430 3393 διὸ.
446 3366 645 3406 πραγμάτων.

404 3436 496 3460 ΤΟΜ.
534 3438 586 3461 IX.
606 3439 613 3444 “

1247 3188 1444 3225 numquam
1471 3172 1649 3223 contingat
1678 3171 1917 3222 experimento
1945 3170 2090 3210 discere.
2117 3172 2228 3210 Cente-

1250 3250 1332 3273 rum
1354 3235 1383 3273 si
1401 3233 1541 3285 quando
1563 3232 1747 3283 contigerit
1764 3232 1965 3284 quempiam
1980 3243 2136 3273 vestrum
2151 3248 2231 3284 pee-
