2502 3810
691 261 735 289 IN
774 261 798 289 A
805 261 887 290 CTA
925 260 949 290 A
955 261 1176 291 POSTOLOR
1184 263 1207 291 [J
1218 263 1248 292 M
1257 283 1265 292 .

89 340 177 378 ὥστε
200 341 372 391 διαφυγεῖν
394 339 448 377 τὸν
470 339 635 377 κίνδυνον.
654 340 799 378 Ἵίνεκεν
819 341 885 392 γὰρ
916 344 1012 391 ὑμῶν
1043 342 1104 387 τὴν

90 401 208 437 ἅλυσιν
235 401 364 446 ταύτην
394 400 609 450 περίκειμαι.
636 402 807 439 Τοσοῦτον
829 401 965 452 ἀπέχω,
986 402 1108 453 φησὶν,

89 464 218 512 ἐχθρῶς
250 462 334 511 πρὸς
353 464 447 510 ἡμᾶς
469 462 662 498 διακεῖσθαι
679 491 687 507 ,
707 461 761 499 ὅτι
793 461 852 497 καὶ
889 461 952 507 τὴν
989 463 1109 500 ἅλυσιν

88 522 301 573 περίκειμαι.
322 523 368 559 Τί
401 517 458 558 οὖν
489 525 628 568 ἐκεῖνοι;
649 521 769 565 Οὕτως
795 521 1028 574 ἐχειρώθησαν
1061 525 1110 573 τῷ

88 582 181 633 λόγῳ
195 611 203 627 ,
224 585 270 624 ὡς
286 581 334 632 μὴ
352 582 452 631 μόνον
471 582 557 634 ὑπὲρ
577 585 726 629 ἑαυτῶν,
744 582 832 620 ἀλλὰ
855 582 914 619 καὶ
936 582 1022 633 ὑπὲρ
1042 586 1110 620 τῶν

88 645 262 693 συγγενῶν
291 642 594 693 ἀπολογήσασθαι·
614 641 688 679 ὅθεν
710 646 810 680 τοῦτο
836 643 947 689 δηλῶν
967 642 1109 693 ἐπάγει·

89 705 134 740 Οἱ
162 703 196 740 δὲ
214 697 306 740 εἶπον
336 703 419 754 πρὸς
447 702 565 739 αὐτόν·
586 705 687 751 ἡμεῖς
707 702 782 740 οὔτε
804 702 999 753 γράμματα
1030 701 1110 752 περὶ

88 767 148 800 σοῦ
168 763 356 813 ἐδεξάμεθα
382 763 449 800 ἀπὸ
477 765 538 807 τῆς
554 761 743 809 Ἰουδαίας,
763 761 841 799 οὔτε
869 761 1110 814 παραγενόμε-

88 824 142 866 νος
174 841 224 867 τις
255 827 322 860 τῶν
348 824 502 874 ἀδελφῶν
519 821 769 872 ἀπήγγειλενῆ
799 821 949 867 ἕλάλησέ
968 836 1001 858 τι
1032 822 1112 873 περὶ

89 887 148 920 σοῦ’
170 883 327 935 πονηρόν.
349 882 522 933 Ἀξιοῧμεν
545 882 580 919 δὲ
601 881 697 933 παρὰ
726 885 785 918 σοῦ
818 882 963 918 ἀκοῦσαι
985 881 1006 917 ἃ
1027 895 1112 931 φρο-

89 949 171 986 νεῖς’
194 945 273 995 περὶ
292 944 353 994 μὲν
372 943 439 995 γὰρ
456 947 516 989 τῆς
529 942 689 993 αἱρέσεως
709 940 834 987 ταύτης
848 940 997 990 γνωστόν
1018 941 1111 977 ἐστιν

88 1008 184 1054 ἡμῖν,
211 1004 262 1041 ὅτι
292 1009 472 1054 πανταχοῦ
494 1002 722 1052 ἀντιλέγεται.
744 1000 842 1038 Ώσεὶ
863 1000 979 1050 ἔλεγον
993 1015 1000 1023 ·
1031 999 1110 1037 οὔτε

85 1065 140 1101 διὰ
156 1065 390 1115 γραμμάτιον,
407 1063 483 1100 οὔτε
499 1064 540 1100 δι’
562 1061 752 1111 ἀνθρώπων
771 1060 960 1111 ἐγνώρισαν
976 1077 1010 1097 τι
1026 1060 1106 1111 περὶ

86 1127 146 1159 σοῦ
183 1123 349 1173 πονηρόν·
384 1121 474 1166 πλὴν
496 1122 571 1158 ἀλλ’
600 1122 744 1157 ἀκοῦσαι
768 1119 961 1169 βουλόμεθα
980 1123 994 1139 ²¹
1011 1119 1107 1170 παρὰ

85 1186 157 1219 σοῦ’.
199 1184 303 1219 Οὕτω
335 1180 594 1232 προκατέὲαλον
623 1179 686 1224 τὴν
719 1178 848 1216 οἰκείαν
879 1177 1022 1228 γνώμην
1043 1180 1106 1215 δει-

84 1243 236 1289 κνύντες,
265 1241 324 1278 καὶ
345 1240 448 1292 φασί·
480 1240 568 1292 Περὶ
586 1239 648 1289 μὲν
668 1239 734 1291 γὰρ
757 1243 819 1285 τῆς
843 1238 1007 1291 αἱρέσεως
1025 1239 1107 1276 ταύ-

84 1319 144 1349 της
163 1301 313 1354 γνωστόν
331 1304 421 1339 ἐστιν
443 1303 548 1350 ἡμῖν,
577 1300 629 1338 ὅτι
663 1304 843 1351 πανταχοῦ
878 1300 1105 1350 ἀντιλέγεται.

83 1365 158 1400 Οὐκ
183 1357 295 1409 εἶπον,
314 1362 366 1400 ὅτι
388 1361 630 1411 ἀντιλέγομεν,
654 1362 729 1398 ἀλλ’
744 1389 753 1406 ,
775 1360 1026 1410 Ἀντιλέγεται,
1042 1375 1106 1397 κα-

82 1424 244 1475 τηγορίας
275 1422 413 1465 ἑαυτοὺς
450 1421 667 1464 ἀπολύοντες.
711 1420 909 1471 Ταξάμενοι
947 1420 982 1458 δὲ
1011 1423 1105 1482 αΰτζῤ

82 1485 214 1534 ἡμέραν
229 1514 238 1530 ‚
257 1478 341 1528 ἧκον
360 1482 444 1534 πρὸς
470 1481 571 1519 αὐτὸν
594 1483 641 1523 εἷς
657 1481 719 1527 τὴν
736 1481 847 1524 ξενίαν
867 1480 1020 1524 πλείονες
1033 1497 1040 1504 ·
1057 1485 1105 1525 οἱς

83 1545 246 1588 ἐξετίθετο
269 1543 584 1595 διαμαρτυρόμενος
613 1542 675 1589 τὴν
699 1542 877 1593 βασιλείαν
897 1548 956 1581 τοῦ
988 1545 1102 1589 Θεοῧ,

83 1606 208 1644 πείθων
230 1621 266 1643 τε
290 1604 410 1646 αὐτοὺς
439 1604 482 1641 τὰ
499 1604 580 1654 περὶ
606 1609 665 1641 τοῦ
685 1603 800 1649 Ἰησοῦ
826 1603 895 1642 ἀπό
909 1619 946 1640 τε
972 1608 1031 1641 τοῦ
1050 1604 1105 1642 νό-

84 1682 148 1715 μου
178 1665 354 1707 Μωϋσέως
383 1663 442 1701 καὶ
476 1666 543 1700 τῶν
576 1667 763 1715 προφητῶν
777 1694 786 1711 ,
811 1664 878 1701 ἀπὸ
915 1662 1009 1714 πρωῒ
1042 1663 1106 1706 ἕως

84 1727 242 1777 ἑσπέρας.
264 1725 333 1763 Καὶ
354 1728 384 1762 οἳ
405 1724 465 1774 μὲν
488 1723 662 1762 ἐπείθοντο
683 1730 752 1767 τοῖς
775 1723 990 1775 λεγομένοις,
1012 1726 1042 1761 οἱ
1071 1725 1106 1763 δὲ

84 1787 262 1831 ἠπίστουν.
285 1780 384 1827 Εἶδες
407 1788 479 1827 πῶς
505 1786 567 1822 οὐκ
593 1785 717 1828 εὐθέως
736 1786 983 1837 ἀποκρίνεται,
1016 1785 1106 1823 ἀλλὰ

83 1847 221 1883 δίδωσιν
240 1849 354 1889 αὐτοῖς
385 1845 520 1896 ’ἡμέραν
554 1849 613 1882 τοῦ
649 1847 759 1883 ἐλθεῖν
779 1846 838 1883 καὶ
871 1849 1034 1884 ἀκοῦσαι·
1058 1841 1106 1889 οἷς

82 1907 140 1944 καὶ
161 1906 450 1959 παραγενομένοις
469 1906 640 1956 διελέγετο
660 1907 730 1944 ἀπό
748 1922 785 1944 τε
805 1911 864 1944 τοῦ
880 1906 985 1957 νόμου
1002 1909 1106 1945 Μωϋ-

81 1968 167 2010 σε’ως
182 1968 241 2005 καὶ
259 1970 327 2004 τῶν
347 1970 546 2019 προφητῶν.
567 1967 636 2004 Καὶ
661 1971 692 2005 οἱ
722 1967 785 2018 μὲν
806 1968 997 2013 ἐπείθοντο,
1018 1971 1048 2007 οἱ
1069 1970 1104 2006 δὲ

81 2026 261 2071 ἠπίστουν.
284 2024 503 2076 Ἀσύμφωνοι
525 2024 560 2061 δὲ
582 2024 676 2067 ὄντες
694 2025 779 2076 πρὸς
799 2026 990 2073 ἀλλήλους,
1013 2029 1104 2064 ἀπε-

79 2086 197 2124 λύοντο
210 2116 219 2132 ,
252 2086 405 2128 εἶπόν-τος
440 2090 499 2123 τοῦ
530 2085 671 2122 Παύλου
705 2089 801 2137 ῥῆμα
834 2086 868 2123 ἕν
882 2102 889 2109 ·
921 2088 1036 2129 καλῶς
1066 2087 1104 2125 τὸ

79 2148 225 2196 Πνεῦμα
256 2147 294 2185 τὸ
322 2147 416 2197 ἅγιον
437 2146 586 2192 ἐλάλησε
608 2145 664 2182 διὰ
684 2145 829 2183 εΗσαίου
847 2150 906 2184 τοῦ
925 2146 1102 2197 προφήτου

78 2207 163 2258 πρὸς
180 2207 257 2250 τοὺς
273 2208 426 2257 πατέρας
442 2209 543 2257 ἡμῶν
557 2236 566 2252 ,
583 2206 682 2257 λέγον
697 2222 704 2228 ·
727 2207 923 2257 Πορεύθητι
943 2208 1027 2258 πρὸς
1045 2208 1102 2245 τὸν

79 2268 160 2305 λαὸν
178 2272 308 2313 τοῦτον,
324 2267 382 2304 καὶ
403 2267 510 2304 εἰπόν·
532 2269 618 2316 ἀκοῇ
638 2266 803 2304 ἀκούσετε
824 2267 883 2304 καὶ
903 2269 940 2304 οὐ
955 2267 1003 2318 μὴ
1027 2283 1104 2306 συν-

77 2332 159 2375 ἦτε,
186 2329 245 2366 καὶ
267 2327 451 2379 βλέποντες
479 2328 625 2379 βλέψετε
645 2328 703 2365 καὶ
722 2330 759 2365 οὐ
791 2327 839 2378 μὴ
858 2329 967 2375 ἴδητε.
989 2329 1103 2367 Ἐπα-

75 2388 183 2441 χύνθη
204 2389 270 2440 γὰρ
298 2392 319 2434 ἢ
343 2388 471 2439 καρδία
491 2393 550 2426 τοῦ
576 2390 660 2425 λαοῦ
690 2388 833 2437 τούτου,
855 2389 914 2426 καὶ
941 2394 1012 2431 τοῖς
1037 2389 1102 2427 ὠσὶ

77 2449 210 2502 βαρέως
227 2449 395 2495 ἤκουσαν,
416 2448 476 2486 καὶ
506 2448 583 2491 τοὺς
611 2447 810 2500 ὀφθαλμοὺς
837 2451 950 2487 αὐτῶν
985 2451 1101 2501 ἐκάμ-

78 2525 188 2558 μυσαν
201 2540 210 2557 ,
227 2509 276 2559 μή
297 2524 380 2546 ποτε
401 2509 500 2546 ἴδωσι
521 2515 591 2552 τοῖς
622 2511 812 2561 ὀφθαλμοῖς
840 2509 899 2547 καὶ
918 2517 988 2554 τοῖς
1017 2512 1101 2548 ὠσὶν

76 2570 268 2617 ἀκούσωσι,
288 2569 346 2605 καὶ
365 2573 407 2620 τῇ
439 2570 564 2621 καρδίᾳ
597 2573 744 2617 συνῶσι,
775 2570 834 2608 καὶ
865 2571 1101 2623 ἐπιστρέψωσι

76 2629 134 2666 καὶ
154 2630 307 2679 ἷάσωμαι
327 2629 456 2674 αὐτούς.
476 2629 565 2668 ϋΟτε
581 2630 777 2682 ἀνεχώρουν
797 2632 1100 2682 ἀντιτασσομένων

77 2692 200 2735 αὐτῶν,
219 2691 296 2728 τότε
308 2691 365 2728 τὸν
379 2690 528 2729 εΗσαίαν
544 2691 738 2742 ἐφίστησιν,
755 2694 816 2730 οὐκ
836 2692 984 2736 ἐκείνους
1001 2693 1099 2746 1369(-

75 2765 134 2786 σαι
152 2750 372 2800 βουλόμενος,
393 2751 483 2789 ἀλλὰ
499 2751 638 2794 τούτους
667 2751 839 2803 στηρίξαι.
861 2753 908 2790 Τί
928 2753 1096 2804 λέγοντα,

73 2810 174 2861 Ἀκοῇ
195 2811 356 2849 ἀκούσετε
387 2812 445 2849 καὶ
467 2814 503 2850 οὐ
523 2813 571 2863 μὴ
590 2816 731 2859 συνῆτε.
752 2812 861 2866 Ὁρᾷς
881 2817 955 2857 πῶς
976 2814 1098 2859 αὐτοὺς

74 2869 212 2912 ἐξέὸαλε
232 2873 345 2918 πάσης
365 2872 593 2924 συγγνώμης,
628 2872 659 2910 εἴ
687 2889 726 2924 γε
751 2874 810 2910 καὶ
837 2874 895 2912 τὸν
914 2875 1097 2926 προφήτην

75 2930 209 2981 ἔχοντες
227 2934 571 2984 προαναφωνήσαντα
591 2934 767 2986 πόρρωθεν
789 2939 899 2973 ταῦτα
931 2936 993 2972 οὐκ
1014 2939 1098 2974 ἀπε·

75 2991 291 3041 στράφησαν.
311 2995 372 3044 Τῷ
393 2993 427 3031 δὲ
450 2997 573 3040 εἰπεῖν,
601 2996 746 3042 Καλῶς,
768 2994 919 3032 δείκνυσι
951 2995 1011 3032 καὶ
1044 2997 1097 3033 δι-

76 3052 182 3094 καίως
193 3053 596 3103 ἑκΕεὸλημ.ένους.”Ωστε
608 3061 678 3098 τοῖς
692 3055 804 3093 ἔθνεσι
815 3056 952 3094 δέδοται
969 3059 1097 3107 γνῶναι

75 3120 113 3156 το
135 3121 321 3172 μυστήριον
334 3127 443 3160 τοῦτο.
463 3122 573 3161 Οὐδὲν
594 3119 650 3161 οὖν
666 3125 884 3175 θαυμαστὸν,
904 3127 933 3162 εἷ
954 3125 1091 3164 ἀντέλε-

75 3201 153 3235 γον·
182 3187 308 3224 ἀνωθεν
334 3191 434 3226 τοῦτο
452 3190 667 3241 προελέγετο,
687 3185 777 3228 Εἶτα
796 3191 901 3229 πάλιν
916 3191 974 3229 τὸν
991 3193 1093 3237 ζῆλον

77 3255 151 3289 κατ’
167 3255 275 3290 αὐτῶν
287 3260 372 3291 κινεῖ
384 3255 440 3292 τὸν
455 3255 489 3299 ἐξ
502 3258 619 3304 ἐθνῶν,
638 3257 776 3309 ἐπάγων
789 3259 848 3296 καὶ
861 3258 982 3309 λέγων·
999 3261 1094 3298 Γνω-

101 3396 112 3410 a
133 3386 245 3418 Morel.
262 3392 327 3431 περὶ
345 3392 392 3420 τοῦ
404 3413 411 3426 ,
430 3387 527 3421 male.

1305 263 1464 292 nomi„
1506 264 1579 292 ΙΝ.
2072 256 2164 314 449

1186 356 1261 390 quo
1280 352 1429 394 gentem
1451 357 1574 380 meam
1592 356 1767 381 accusem
1786 360 1798 388 ;
1815 343 1882 381 hoc
1898 354 1962 394 est,
1984 346 2168 398 Appellavi

1186 404 1372 452 Caesarem,
1398 417 1467 439 non
1497 412 1535 439 ut
1563 413 1776 453 accusarem,
1805 405 1866 442 scd
1899 415 1937 442 ut
1970 407 2169 457 periculum

1183 465 1388 515 effugerem.
1414 465 1563 516 Propter
1581 479 1643 503 vos
1670 465 1763 502 enim
1785 466 1850 503 hac.
1865 475 1987 504 catena
2011 468 2167 506 circum—

1183 523 1287 561 datus
1317 538 1407 561 sum.
1435 525 1592 561 Tantum
1620 525 1718 562 abest
1737 555 1750 575 ‚
1786 526 1929 576 inquit,
1957 536 1997 564 ut
2025 528 2169 566 inimico

1181 597 1263 634 erga
1283 597 1345 621 vos
1371 584 1439 621 sim
1464 584 1597 634 animo,
1620 593 1658 621 ut
1685 585 1752 622 hac
1779 595 1899 624 catena
1930 587 2168 626 circumdatus

1182 643 1263 681 sim.
1288 643 1384 689 Quid
1401 658 1484 695 ergo
1501 644 1583 682 illi?
1602 645 1772 683 Sermone
1797 648 1871 698 ejus
1890 648 1937 685 ita
1959 649 2053 701 capti
2070 659 2166 699 sunt,

1182 713 1305 741 utnon
1323 704 1438 741 solum
1458 719 1523 756 pro
1542 719 1594 752 se,
1617 705 1678 743 sed
1699 707 1801 744 etiam
1824 723 1887 758 pro
1909 710 2066 760 cognatis
2096 712 2170 748 suis

1181 763 1417 801 defensionem
1433 773 1597 815 pararent
1615 780 1622 800 :
1644 767 1740 815 quod
1760 766 1943 806 declarans
1963 769 2012 807 sic
2030 771 2168 822 pergit:

1181 824 1251 860 Illi
1276 837 1370 860 vero
1400 824 1581 860 dixerunt
1607 827 1642 860 ei
1663 840 1672 859 .·
1695 827 1758 861 21.
1779 828 1859 864 ZVos
1888 843 2009 880 neque
2038 831 2170 868 literas

1184 887 1230 923 de
1247 895 1283 923 te
1298 888 1515 936 accepimus
1531 899 1556 922 a
1571 887 1724 932 Judaea,
1744 903 1866 940 neque
1879 892 2091 930 adveniens
2104 895 2172 930 ali-

1125 969 1171 994 412
1184 948 1268 996 quis
1292 947 1465 996 fratrum
1493 948 1687 982 nuntiavit
1717 957 1786 984 aut
1811 950 1990 1000 loquutus
2019 962 2073 990 est
2099 955 2171 991 ali-

1136 1008 1160 1034 Λ
1184 1008 1278 1056 quid
1297 1008 1344 1043 cle
1365 1015 1400 1043 te
1419 1008 1529 1044 mali.
1553 1011 1618 1044 92.
1640 1010 1831 1059 Rogamus
1846 1022 1973 1049 autem
1996 1029 2019 1050 a
2042 1024 2077 1051 te
2100 1030 2165 1053 au«

1183 1068 1266 1104 dire
1283 1081 1368 1118 quoe
1388 1070 1506 1105 sentis
1529 1084 1539 1103 :
1564 1083 1655 1105 nam
1674 1071 1721 1106 de
1740 1080 1844 1109 secta
1864 1074 1939 1110 Izac
1960 1063 2091 1113 notum
2114 1087 2169 1114 est

1182 1130 1304 1174 nobis,
1319 1129 1426 1180 quod
1441 1131 1582 1181 ubique
1597 1132 1631 1166 ei
1647 1134 1940 1173 contradicitur.
1955 1138 2005 1173 Ac
2020 1137 2047 1174 si
2068 1138 2168 1175 dice-

1179 1200 1256 1228 rent
1274 1207 1281 1227 :
1304 1192 1428 1241 Neque
1449 1206 1512 1243 per
1525 1191 1644 1230 literas
1658 1223 1670 1239 ,
1690 1208 1801 1244 ncqne
1814 1211 1875 1248 per
1889 1198 2048 1237 homines
2061 1201 2170 1252 signi-

1178 1254 1331 1291 ficarunt
1350 1254 1487 1305 aliquid
1512 1256 1597 1293 mali
1619 1256 1663 1293 de
1682 1267 1715 1294 te
1736 1274 1743 1294 z
1762 1268 1915 1299 attamen
1936 1276 1956 1298 a
1982 1272 2016 1300 te
2045 1264 2169 1301 audire

1175 1315 1357 1355 volumus.
1382 1316 1442 1353 Sic
1456 1328 1751 1369 praeoccuparunt
1765 1322 1972 1360 sententiam
1987 1323 2169 1364 declarare

1177 1392 1278 1415 suam
1296 1408 1307 1427 ,
1332 1387 1364 1415 et
1383 1379 1483 1416 aiunt
1506 1395 1514 1415 ε
1537 1381 1642 1417 Nam
1667 1382 1715 1418 de
1733 1392 1837 1421 secta
1860 1386 1936 1423 lzac
1956 1397 2089 1425 notum
2111 1400 2170 1427 est

1180 1443 1301 1491 nobis,
1318 1443 1422 1493 quod
1431 1445 1570 1494 ubique
1583 1446 1617 1480 ei
1633 1447 2012 1488 contradicitur-‚Non
2029 1451 2167 1496 dicunt,

1178 1504 1464 1543 contradicimus
1476 1521 1488 1555 3
1521 1505 1597 1556 sed,
1642 1508 1954 1561 Contradicitur,
1981 1523 2014 1551 et
2047 1529 2084 1552 se
2123 1517 2169 1553 ab

1176 1566 1397 1603 accusatione
1421 1566 1626 1605 absolvunt.
1661 1571 1724 1607 95.
1754 1572 1851 1609 Cum
1880 1577 2168 1615 constituissent

1177 1634 1306 1662 autem
1321 1628 1357 1662 ei
1376 1627 1492 1677 diem,
1513 1639 1704 1668 venerunt
1723 1633 1777 1668 ad
1792 1647 1877 1671 eum
1894 1637 1936 1672 in
1958 1637 2167 1688 hospitium

1175 1687 1335 1736 plurimi
1356 1701 1367 1722 .·
1389 1690 1526 1739 quibus
1543 1694 1757 1740 exponebat
1773 1696 1988 1747 testificans
2007 1713 2166 1750 regnum

1178 1750 1268 1795 Dei,
1285 1750 1528 1800 suadensque
1546 1754 1600 1789 eis
1622 1753 1668 1790 de
1684 1755 1778 1793 Jesu
1799 1771 1846 1794 ex
1866 1761 2009 1807 ,Moyse
2023 1771 2060 1799 et
2070 1778 2164 1813 pro-

1175 1811 1315 1860 phetis,
1334 1824 1359 1848 a
1379 1825 1492 1849 mane
1507 1827 1626 1864 usque
1643 1816 1696 1852 ad
1712 1831 1925 1868 vesperam.
1947 1823 2010 1859 Q.
2026 1825 2079 1860 Et
2093 1825 2166 1862 alii

1178 1872 1331 1922 quidem
1365 1873 1573 1911 credebant
1600 1878 1659 1922 iis,
1695 1891 1780 1929 quoe
1811 1881 2053 1930 dicebantur,
2087 1886 2159 1922 alii

1178 1947 1272 1975 ‘vero
1288 1947 1365 1970 non
1380 1935 1602 1973 credebant.
1617 1938 1750 1976 Viden'
1769 1943 1946 1990 quomodo
1958 1958 2025 1982 non
2043 1946 2163 1984 statim

1176 1991 1372 2042 respondit,
1386 1991 1445 2029 scd
1467 1993 1565 2030 diem
1579 1995 1651 2032 illis
1665 1996 1835 2036 audiendi
1852 2002 2035 2040 constituit
2057 2019 2064 2039 :
2081 2018 2163 2041 cum

1174 2058 1293 2086 autem
1311 2050 1489 2088 venissent
1509 2081 1519 2100 ,
1547 2051 1742 2092 disserebat
1766 2071 1786 2093 a
1814 2057 1890 2108 lege
1922 2061 2060 2112 Moysis
2081 2071 2113 2099 et
2144 2078 2164 2100 a

1174 2110 1357 2161 prophetis
1381 2126 1388 2150 :
1410 2113 1464 2148 Et
1499 2113 1571 2150 alii
1595 2117 1802 2154 credebant
1825 2147 1834 2164 ‚
1868 2121 1940 2156 alii
1967 2135 2061 2158 vero
2088 2137 2166 2160 non

1174 2172 1395 2208 credebant.
1417 2173 1480 2209 913.
1500 2174 1531 2210 C
1534 2187 1597 2210 um
1614 2185 1744 2213 autem
1767 2192 1845 2215 non
1861 2190 1987 2218 essent
2002 2196 2165 2220 consen—

1174 2234 1310 2268 tientes
1341 2234 1443 2269 inter
1461 2246 1501 2270 se
1518 2262 1531 2279 ,
1555 2235 1805 2274 discedebant
1824 2268 1836 2284 ‚
1867 2241 2017 2278 dicente
2035 2244 2165 2281 Paulo

1175 2305 1295 2329 unum
1309 2294 1469 2330 verbum
1480 2308 1491 2328 :
1505 2295 1611 2332 Bene
1623 2296 1787 2347 Spiritus
1804 2310 1962 2339 sanctus
1981 2303 2163 2354 loquutus

1173 2360 1229 2388 est
1244 2367 1312 2403 per
1336 2355 1485 2390 Isaiam
1501 2357 1731 2406 prophetam
1757 2360 1812 2396 ad
1828 2370 1959 2411 patres
1979 2373 2129 2403 nostros
2146 2396 2158 2412 ,

1128 2402 1151 2432 C
1172 2414 1234 2450 QG.
1256 2413 1387 2450 dicens
1412 2429 1419 2449 z
1445 2416 1552 2452 Vade
1574 2418 1628 2453 ad
1649 2420 1834 2469 populum
1861 2425 1978 2461 istum
1994 2454 2006 2473 ‚
2034 2434 2070 2463 et
2100 2427 2162 2464 dic
2174 2438 2246 2466 lsai.
2261 2438 2289 2467 6.
2305 2450 2334 2477 9-

1173 2475 1226 2510 eis
1255 2489 1263 2510 :
1296 2475 1408 2511 Aure
1437 2477 1632 2524 audietis,
1667 2488 1704 2516 et
1733 2494 1811 2518 non
1839 2485 2064 2537 intelligetis
2082 2503 2098 2531 ,·
2125 2497 2161 2525 et

1171 2536 1350 2573 videntes
1370 2537 1555 2575 videbitis
1570 2568 1582 2584 ,
1604 2548 1640 2576 et
1663 2554 1740 2577 non
1756 2547 1987 2594 percipietis.
2012 2550 2075 2585 Ἢ.
2096 2551 2161 2584 In-

1170 2605 1386 2633 crassatum
1406 2606 1463 2634 est
1491 2601 1593 2635 enim
1615 2613 1682 2637 cor
1695 2604 1831 2653 populi
1859 2606 1976 2657 liujus
1991 2637 2003 2652 ‚
2027 2617 2063 2645 et
2091 2623 2159 2646 au-

1170 2659 1276 2694 ribus
1291 2660 1464 2708 graviter
1483 2661 1692 2698 audierunt
1708 2692 1720 2712 ,
1745 2672 1781 2699 et
1796 2666 1927 2703 oculos
1948 2681 2036 2705 suos
2055 2683 2157 2706 com—

1165 2727 1400 2768 presserunt,
1427 2733 1474 2755 ne
1476 2721 1590 2771 sorte
1609 2723 1774 2761 videant
1793 2727 1928 2772 oculis,
1943 2736 1979 2765 et
1999 2732 2156 2768 auribus

1169 2779 1347 2824 audiant,
1371 2787 1408 2815 et
1427 2782 1542 2817 corde
1555 2783 1778 2834 intelligant
1795 2814 1807 2831 ,
1827 2795 1863 2823 et
1879 2798 2157 2828 convertantur

1168 2848 1205 2877 et
1221 2853 1353 2876 sanem
1378 2854 1451 2877 eos.
1476 2841 1567 2879 Cum
1591 2842 1820 2883 discedebant
1847 2847 1939 2885 inter
1957 2864 1993 2887 se
2019 2850 2154 2889 dissen-

1166 2898 1316 2947 tientes,
1344 2908 1428 2936 tunc
1456 2901 1586 2939 Isaiam
1613 2904 1823 2955 prophetam
1852 2907 1954 2946 affert
1969 2940 1980 2958 ,
2016 2924 2084 2948 non
2114 2922 2153 2950 ut

1167 2959 1239 2996 illis
1259 2959 1492 3008 convicietur,
1508 2962 1569 2999 sed
1590 2972 1628 3000 ut
1645 2963 1709 3001 hos
1725 2965 1855 3004 firmet.
1878 2969 1978 3014 Quid
1994 2971 2043 3009 ait
2059 2973 2119 3010 ille
2134 2975 2150 3011 Ξ)

1167 3020 1279 3057 Aure
1300 3022 1478 3071 audietis,
1495 3031 1531 3059 et
1553 3038 1631 3060 non
1650 3027 1888 3078 intelligetis.
1913 3031 2042 3069 Viden⁷
2063 3048 2149 3084 quo-

1166 3081 1274 3118 modo
1292 3081 1372 3118 illos
1395 3082 1490 3119 omni
1513 3085 1614 3121 venia
1633 3085 1797 3136 indignos
1825 3090 1975 3128 ostendit
1994 3092 2010 3128 Ξ)
2039 3093 2150 3144 siqui-

1120 3134 1145 3162 D
1167 3140 1248 3177 dem
1276 3141 1487 3193 prophetam
1507 3143 1674 3182 habentes
1690 3146 1764 3196 jam
1787 3147 1872 3186 olim
1892 3149 1965 3187 haec
1984 3166 2151 3203 praenun-

1166 3202 1313 3239 tiantem
1332 3232 1343 3251 ,
1376 3217 1445 3241 non
1479 3206 1637 3243 conversi
1667 3216 1760 3244 sunt.
1789 3210 1878 3247 Cum
1902 3221 2018 3250 autem
2044 3214 2147 3265 dieii,

1168 3264 1273 3300 Bene
1292 3292 1303 3312 ,
1333 3263 1484 3301 ostendit
1513 3265 1592 3304 illos
1620 3267 1713 3318 juste
1735 3269 1860 3320 ejectos
1885 3272 2006 3311 fnisse.
2038 3276 2151 3327 Atque
