2502 3810
348 258 436 319 716
801 273 838 301 ε.
876 271 1060 302 smmis
1096 270 1334 300 cnm-sosr.
1375 270 1582 303 Ancnnzp,
1621 271 1976 304 consrsiix'rison

343 351 485 402 quidem
505 351 654 402 gentiles
674 351 856 398 incessere,
890 352 1107 402 illorumque
1131 350 1222 388 altos
1251 350 1326 402 spi·
1398 352 1589 399 ἀπώλειαν,
1606 354 1700 393 οὐδὲν
1717 354 1752 393 δὲ
1772 354 1922 407 εὑρίσκει
1944 354 2000 393 διὰ
2028 355 2090 401 τὴν
2113 356 2180 392 τῶν
2199 355 2418 407 πραγμάτιον

341 412 430 448 ritus
447 411 659 462 deprimere,
689 412 819 450 sensim
838 421 956 449 autem
975 411 1143 452 Judaeum
1161 411 1325 459 vellicat,
1398 412 1509 464 φύσιν.
1530 414 1600 452 Καὶ
1620 414 1687 467 γὰρ
1722 414 1757 459 ἐξ
1788 409 1834 452 ὧν
1857 414 1995 467 εἴρηκε,
2016 415 2168 465 μείζονος
2192 409 2281 462 ἦσαν
2301 431 2416 460 κατη-

342 481 375 509 et
396 471 637 523 circumspicit
659 471 806 522 quidem
829 486 989 523 quaerens
1018 472 1164 509 illorum
1189 480 1324 509 tantam
1345 481 1373 510 E
1396 473 1515 525 γορίας
1531 474 1641 523 ἄξιοι,
1656 475 1739 513 ὅταν
1759 474 1803 512 τὰ
1819 475 1932 517 αὐτοῖς
1947 476 2198 527 εὐτρεπισμέναι
2211 474 2321 526 ἕτεροι
2341 475 2420 526 σφό-

341 532 534 584 perniciem
550 541 667 582 tegere
683 541 715 570 et
731 532 1009 584 mitigare,nihil
1025 547 1108 570 vero
1125 532 1261 570 invenit
1280 533 1326 570 ob
1397 534 1461 585 δρα
1491 537 1605 573 αὐτῶν
1624 535 1827 578 ἀποδέοντες
1859 536 2034 587 εἰληφότες
2063 529 2141 575 Fue-z.
2160 536 2228 574 Διὰ
2259 535 2299 582 δὴ
2318 539 2420 573 τοῦτο

338 606 457 630 rerum
476 601 640 630 naturam
668 602 701 630 et
719 593 969 632 conditionem.
999 595 1091 631 Nam
1112 608 1157 632 ex
1177 593 1219 631 iis
1245 608 1323 644 quae
1395 593 1464 631 ἀπὸ
1482 598 1550 632 τῶν
1568 595 1745 634 Ἰουδαίων
1766 595 1824 633 ἐπὶ
1842 595 1921 639 τοὺς
1940 595 1974 639 ἐξ
1994 597 2097 634 ἐθνῶν
2117 596 2339 647 μεταδαίνει,
2359 596 2419 634 καὶ

340 653 445 702 dixit,
465 653 589 704 majori
605 653 658 690 illi
675 663 773 692 erant
786 654 1034 692 criminatione
1047 654 1163 705 digni,
1182 653 1323 704 quando
1394 655 1498 705 μέσον
1516 655 1740 708 παρεντίθησι
1763 656 1819 694 τὸν
1836 656 2059 710 περὶτούτων
2072 657 2186 709 λόγον,
2206 656 2418 701 ἐνδείξασθαι

339 713 413 761 illa,
427 726 504 762 quae
518 712 567 750 eis
581 722 703 764 parata
718 723 830 760 erant,
848 714 911 752 alii
925 714 1030 765 longe
1040 714 1128 765 ipsis
1141 713 1323 751 inferiores
1393 715 1600 767 βουλόμενος
1612 746 1622 764 ,
1644 716 1696 754 ὅτι
1723 720 1833 754 ταῦτα
1862 716 1978 755 πάντα
1995 716 2110 768 λέγει,
2125 717 2186 755 ἵνα
2208 717 2330 761 αὐτοὶῑς
2350 733 2419 767 μεἡ

339 782 556 825 acceperant.
580 773 663 811 Ideo
678 788 698 811 a
717 774 850 813 Judaeis
869 773 914 812 ad
933 774 1081 826 gentiles
1100 775 1240 825 transit,
1263 774 1323 812 de·
1391 776 1542 828 τριάζειν
1566 777 1748 828 παιδεύσῃ.
1769 776 1926 815 Ἐπαινῶ
1945 777 2011 828 γὰρ
2031 780 2140 828 ὑμᾶς,
2156 777 2261 829 φησὶ,
2286 777 2343 815 διὰ
2360 777 2420 816 δύο

339 850 406 887 que
425 837 482 874 his
510 836 668 875 medium
699 837 875 875 interserit
894 851 1104 884 sermonem,
1142 846 1181 874 ut
1203 846 1322 875 osten-
1391 841 1522 875 ταῦτα·
1548 838 1591 875 δι’
1626 837 1661 875 ἓν
1685 837 1760 887 μὲν,
1794 837 1847 875 ὅτι
1881 837 2036 889 ἀνάγκην
2059 838 2130 889 ἔχω
2150 838 2212 882 τὴν
2241 838 2417 876 διακονίαν

337 898 411 947 dat,
429 913 465 937 se
483 898 558 936 haec
577 898 695 936 omnia
722 898 853 949 dicere,
882 908 922 936 ut
942 899 1022 937 illos
1041 899 1199 937 modeste
1219 912 1322 950 agere
1391 899 1487 948 ὑμῶν
1506 897 1804 951 ἐγκεχειρισμένος
1817 914 1824 921 ·
1837 899 1880 935 δι’
1896 897 2012 949 ἕτερον
2023 897 2078 945 δὲ,
2095 898 2152 936 ἵνα
2165 900 2207 936 δι’
2226 901 2324 949 ὑμῶν
2340 898 2414 936 ἑτέλ

336 959 470 997 doceat.
489 959 614 996 Laudo
629 973 704 1008 vos,
721 959 847 1010 inquit,
865 959 1002 1011 duplici
1021 959 1164 997 nomine
1181 959 1321 1012 :primo
1394 974 1470 1009 ρους
1491 957 1609 996 σώσω.
1631 958 1702 998 Καὶ
1734 960 1771 996 οὖ
1790 957 1903 1010 λέγει,
1924 957 2003 1002 τοὺς
2030 959 2195 1010 ἀδελφούς
2231 974 2296 1009 μου
2309 989 2318 1006 ,
2338 959 2416 1003 τοὺς

336 1020 420 1069 quia
451 1019 488 1057 id
509 1028 647 1071 oportet
666 1034 722 1058 me
740 1020 867 1069 facere,
913 1020 970 1058 cui
995 1019 1235 1057 ministerium
1259 1033 1321 1058 ve·
1332 1045 1381 1072 657
1393 1026 1566 1070 συγγενεῖς
1584 1034 1649 1069 μου
1662 1048 1672 1067 ,
1694 1018 1806 1066 ἀλλὰ,
1833 1019 1910 1065 Τὴν
1929 1018 2053 1070 σάρκα.
2077 1013 2167 1057 Εἶτα
2187 1019 2248 1066 τὴν
2269 1021 2418 1071 φιλονει-

335 1089 451 1119 strum
468 1080 712 1119 concreditum
731 1089 800 1129 est;
821 1080 987 1129 secundo,
1008 1089 1048 1118 ut
1066 1094 1129 1133 per
1147 1095 1212 1118 vos
1233 1081 1321 1121 alios
1344 1082 1370 1111 Α
1393 1079 1470 1118 κίαν
1488 1082 1600 1118 αὐτῶν
1621 1079 1898 1130 ἐνδεικνύμενος,
1919 1081 1956 1117 οὗ
1976 1079 2092 1130 λέγει,
2120 1079 2152 1118 εἴ
2180 1096 2253 1123 πως
2283 1080 2417 1128 πείσω,

335 1142 452 1180 salvos
471 1142 613 1179 faciam.
636 1142 710 1179 Nee
728 1141 829 1191 dicit,
852 1143 993 1180 Fratres
1011 1156 1121 1192 meos,
1146 1143 1322 1193 Cognatos
1393 1141 1505 1188 ἀλλὰ,
1531 1139 1786 1192 Παραζηλώσω
1819 1141 1879 1178 καὶ
1916 1139 2040 1188 σώσω,
2068 1140 2127 1178 καὶ
2162 1140 2238 1179 οὐδὲ
2268 1144 2416 1179 ἐνταῦθα

335 1216 444 1251 meos,
465 1202 540 1251 sed,
560 1203 729 1241 Carnem
750 1217 888 1241 meam.
911 1202 1050 1240 Deinde
1068 1212 1108 1240 ut
1127 1203 1321 1241 contentio-
1391 1201 1564 1245 ἅπαντας,
1583 1200 1686 1247 ἀλλὰ,
1702 1199 1811 1243 Τινὰς
1828 1200 1862 1244 ἐξ
1881 1202 2006 1238 αὐτῶν·
2026 1201 2134 1244 οὕτως
2149 1196 2238 1248 ἦσαν
2258 1202 2415 1253 σκληροί.

335 1276 415 1300 nem
436 1262 645 1302 Judaeorum
661 1262 834 1312 ostendat,
855 1276 922 1300 non
942 1262 1041 1311 dicit,
1064 1263 1102 1302 Si
1124 1277 1194 1313 quo
1215 1262 1320 1301 modo
1390 1260 1461 1299 Καὶ
1479 1263 1513 1299 ἐν
1535 1263 1621 1312 αὐτῇ
1643 1263 1685 1312 τῇ
1706 1260 1908 1310 ἐπιτιμήσει
1936 1261 1971 1298 δὲ
2001 1261 2149 1314 λαμπρὰ
2171 1261 2320 1300 δείκνυσι
2339 1262 2414 1300 πά-

333 1323 584 1374 persuadeam3
605 1322 676 1371 sed,
696 1323 736 1360 Si
756 1337 830 1374 quo
850 1324 962 1360 modo
985 1324 1039 1361 ad
1057 1324 1320 1362 oemulandztm
1389 1323 1442 1359 λιν
1459 1321 1502 1358 τὰ
1523 1323 1590 1358 τῶν
1614 1322 1718 1358 ἐθνῶν
1731 1336 1738 1343 ·
1761 1320 1793 1357 εἴ
1807 1336 1844 1371 γε
1869 1321 1927 1358 καὶ
1949 1321 2052 1358 αἴτιοι
2068 1321 2220 1372 γίνονται
2241 1322 2416 1373 σωτηρίας

331 1399 549 1436 provocem,
587 1394 629 1422 ut
648 1386 778 1423 salvos
792 1387 966 1437 faciam,
992 1399 1104 1436 neque
1123 1386 1184 1423 hic
1208 1386 1316 1435 dixit,
1389 1383 1524 1428 αὐτοῖς,
1540 1381 1598 1418 καὶ
1618 1382 1655 1419 οὗ
1677 1381 1733 1418 διὰ
1757 1384 1825 1418 τῶν
1846 1382 1975 1418 αὐτῶν·
1997 1383 2119 1419 ἐκεῖνοι
2150 1381 2210 1431 μὲν
2229 1381 2299 1432 γὰρ
2330 1383 2414 1421 τού-

333 1448 478 1494 Omnes,
493 1446 565 1494 sed,
580 1445 751 1497 Aliquos
764 1459 810 1482 ex
821 1449 875 1483 eis
882 1463 898 1490 ,·
911 1446 958 1483 ita
973 1460 1099 1498 nempe
1109 1446 1191 1483 duri
1206 1457 1317 1485 erant.
1388 1456 1459 1484 τοις
1473 1443 1507 1486 ἐξ
1528 1441 1691 1484 ἀπιστίας
1699 1471 1708 1488 ‚
1736 1436 1829 1478 Οῧῒῡῑ
1850 1441 1884 1478 δὲ
1904 1440 2045 1485 ἐκείνως
2067 1441 2136 1479 ἀπὸ
2157 1442 2306 1485 πίστεως
2326 1443 2415 1494 πρό-

332 1507 495 1557 Atquein
511 1506 587 1558 ipsa
600 1506 668 1543 hac
681 1506 920 1558 increpatione
930 1520 1054 1544 rursus
1064 1520 1116 1544 res
1131 1507 1317 1557 gentilium
1390 1501 1476 1545 ξῑνῠῑ
1495 1502 1647 1552 γίνοντᾱῑ
1674 1503 1742 1539 ’ἰῶν
1772 1503 1924 1552 ἀγαθῶν·
1945 1500 2053 1540 ζΌθεν
2073 1503 2165 1541 δοκεῖ
2189 1502 2249 1540 καὶ
2271 1502 2415 1551 ἰσάζειν,

330 1567 534 1620 splendidas
562 1582 635 1605 esse
662 1567 828 1617 ostendit,
861 1567 1037 1618 siquidem
1067 1568 1171 1605 etiam
1192 1568 1317 1608 salutis
1387 1562 1446 1600 καὶ
1465 1565 1682 1601 πλεῦνῐκτεῖν
1701 1561 1746 1600 τὰ
1765 1564 1834 1599 τῶν
1854 1564 1973 1600 ἐθνῶν-

330 1637 489 1666 :uictores
508 1628 594 1665 fiant
615 1627 707 1675 illis,
727 1641 839 1678 neque
865 1636 985 1665 tamen
1007 1626 1130 1665 eadem
1153 1627 1287 1667 ratione
1305 1644 1313 1665 :

330 1688 445 1728 Judaei
469 1688 563 1726 enim
587 1688 660 1725 illis
680 1702 724 1725 ex
740 1687 1000 1736 incredulitate,
1020 1688 1158 1725 bivero
1181 1688 1320 1727 ‚Iudaeis

330 1767 374 1791 ex
390 1752 462 1790 fide
478 1752 655 1790 bonorum
675 1760 835 1789 auctores
853 1751 1010 1788 fuerunt.
1025 1750 1130 1789 Unde
1147 1750 1316 1790 videntur

329 1829 366 1852 ea
385 1828 462 1865 quae
479 1822 598 1865 gentes
616 1821 773 1864 spectant
789 1812 890 1864 paria
907 1826 991 1861 esse,
1012 1812 1084 1850 imo
1100 1811 1311 1852 redundare.

381 1875 419 1913 4.
443 1873 542 1921 Quid
555 1874 650 1912 enim
665 1871 820 1923 dixeris,
840 1872 1069 1920 JiidaeePan,
1090 1872 1119 1910 si
1135 1887 1198 1911 nos
1214 1873 1315 1925 ejecti
1440 1873 1487 1912 Τί
1505 1874 1572 1928 γὰρ
1592 1874 1632 1912 ἂν
1653 1875 1780 1924 εἴποις,
1800 1868 1829 1913 J>
1851 1867 2020 1925 Ἷουδαῖε,
2044 1877 2088 1913 Εἰ
2108 1875 2156 1926 μὴ
2177 1874 2414 1927 ἐξεῖληθημεν

328 1950 397 1974 non
417 1936 608 1974 fuissemus
623 1965 633 1984 ,
659 1949 724 1973 vos
750 1947 818 1972 non
840 1934 960 1972 statim
978 1933 1094 1972 vocati
1123 1934 1278 1973 fuissetis
1297 1936 1314 1972 Ξ)
1385 1938 1511 1986 ἡμεῖς,
1531 1938 1593 1974 οὐκ
1608 1935 1648 1973 ἂν
1669 1936 1838 1984 ἐκλήθητε
1853 1935 1975 1979 εὐθέως
1995 1937 2112 1986 ὑμεῖς,
2129 1938 2242 1974 Τοῦτο
2261 1935 2297 1973 δὲ
2316 1936 2412 1987 λέγει

327 1999 373 2034 At
392 1996 529 2048 reponit
560 1994 722 2046 gentilis,
743 1994 782 2032 Si
813 2008 881 2032 non
906 1994 1056 2032 salutem
1076 2004 1199 2033 nactus
1219 1995 1313 2034 fuis·
1339 2011 1362 2041 Β
1386 1996 1446 2034 καὶ
1462 1999 1479 2034 ὃ
1501 1995 1535 2039 ἐξ
1555 1998 1672 2044 ἐθνῶν,
1694 1998 1723 2034 εἷ
1745 1996 1794 2047 μὴ
1815 1995 1948 2043 ἐσώθην
1968 1996 2036 2048 ἐγὼ
2050 2027 2059 2045 ,
2089 1998 2152 2033 οὐκ
2173 1996 2212 2034 ἃν
2232 1996 2411 2042 ἐζήλωσας

327 2071 400 2095 sem
420 2071 508 2108 ego,
528 2070 598 2094 non
612 2055 657 2093 ad
669 2055 930 2093 aemulationem
946 2064 1162 2107 provocatus
1177 2056 1314 2095 fuisses.
1387 2057 1439 2095 σύ.
1463 2058 1507 2095 Εἰ
1535 2056 1572 2094 δὲ
1591 2057 1672 2094 ἂκαὶ
1692 2057 1709 2096 ὃ
1728 2060 2000 2108 πλεονεκτοῦμεν
2035 2057 2149 2108 βούλει
2177 2061 2314 2108 μαθεῖν,
2341 2056 2412 2109 ἐγὼ

327 2118 366 2157 Si
381 2128 499 2156 autem
514 2118 601 2156 seire
614 2117 703 2155 velis
715 2146 724 2164 ,
756 2131 826 2167 qua
845 2117 881 2154 in
901 2131 942 2155 re
957 2131 1020 2155 nos
1040 2117 1237 2169 superiores
1266 2119 1316 2157 si·
1387 2119 1450 2169 μὲν
1470 2120 1509 2156 ἐκ
1527 2123 1587 2157 τοῦ
1605 2122 1812 2165 πιστεῦσαι,
1840 2119 1878 2157 σὲ
1899 2119 1999 2163 σώζω
2013 2135 2020 2142 ·
2049 2118 2088 2157 σὺ
2109 2117 2144 2156 δὲ
2170 2134 2409 2171 προσκεκρου-

326 2193 426 2217 mus:
447 2193 511 2230 ego
533 2178 619 2216 dum
635 2175 739 2215 credo
753 2206 765 2223 ,
782 2178 931 2215 salutem
948 2177 1012 2215 tibi
1027 2178 1149 2229 pario3
1171 2187 1210 2216 tu
1231 2193 1316 2218 vero
1386 2178 1474 2227 κὼς,
1490 2179 1640 2232 πάροδον
1659 2183 1743 2231 ἡμῖν
1762 2180 1914 2223 δέδωκάς
1933 2195 1994 2217 σου
2019 2179 2202 2232 προτέραν.
2224 2174 2315 2225 Εἶτα
2333 2179 2408 2218 πά-

326 2239 467 2290 lapsus,
484 2238 624 2276 aditum
642 2237 747 2275 nobis
766 2237 896 2275 dedisti
916 2247 954 2275 ut
974 2238 1110 2290 priores
1128 2239 1314 2278 accedere·
1386 2241 1440 2276 λιν
1463 2239 1684 2290 αἰσθόμενος,
1714 2240 1768 2279 ὅτι
1801 2240 1983 2292 καθήψατο
2004 2241 2132 2286 αὐτῶν,
2166 2241 2205 2278 τὸ
2241 2241 2410 2292 πρότερον

326 2313 420 2336 mus.
451 2298 588 2336 Deinde
617 2297 768 2335 sentiens
796 2311 832 2335 se
865 2297 946 2335 illos
970 2298 1127 2349 tetigisse
1145 2328 1156 2348 ,
1196 2300 1315 2351 priora
1387 2300 1628 2350 ἀναλαμὸάνει
1656 2300 1718 2338 καί
1745 2316 1869 2352 φησιν·
1898 2302 1944 2338 Εἰ
1970 2300 2037 2351 γὰρ
2055 2303 2076 2346 ἡ
2103 2300 2259 2346 ἀποὲολὴ
2296 2303 2409 2338 αὐτῶν

326 2360 473 2397 resumit
491 2369 524 2397 et
539 2358 589 2396 ait
611 2375 618 2395 ε
643 2358 707 2395 15.
725 2359 767 2396 Si
786 2360 888 2395 enim
907 2361 1063 2410 rejectio
1079 2373 1233 2408 eorum,
1253 2374 1316 2398 re·
1386 2360 1590 2411 κοιταλλαγνὲι
1610 2361 1742 2411 κόσμου
1755 2391 1765 2409 ,
1785 2360 1837 2404 τίς
1858 2365 1879 2408 ἦ
1901 2361 2119 2412 πρόσληψις,
2141 2362 2171 2397 εἷ
2192 2359 2240 2410 μὴ
2269 2360 2339 2407 ζωὴ
2370 2363 2408 2399 ἐκ

327 2420 537 2457 concitatio
555 2426 610 2455 est
626 2418 787 2460 mundi;
809 2431 896 2468 qzcoe
914 2420 985 2454 erit
1005 2421 1215 2466 assumtio,
1240 2423 1316 2458 nisi
1385 2423 1535 2471 νεκρῶν;
1555 2420 1659 2458 Ἀλλὰ
1678 2421 1737 2459 καὶ
1756 2425 1857 2459 τοῦτο
1884 2420 2006 2464 αὐτοὺς
2036 2421 2261 2465 καταδικάζει
2287 2421 2408 2468 πάλιν,

326 2482 415 2517 vita
431 2493 478 2516 ex
494 2480 656 2516 mortuis
674 2481 690 2513 ?
711 2476 783 2515 Sed
803 2485 836 2514 et
863 2477 931 2514 hoc
949 2491 1094 2515 rursum
1118 2478 1199 2517 illos
1225 2493 1313 2517 con-
1385 2480 1418 2518 εἴ
1428 2496 1466 2530 γε
1481 2482 1580 2519 ἄλλοι
1596 2481 1657 2531 μὲν
1673 2484 1712 2520 ἐκ
1724 2483 1792 2520 τῶν
1805 2481 2069 2534 ἁμαρτημάτων
2086 2483 2199 2519 αὐτῶν
2215 2481 2410 2534 ε’κέρδανον,

327 2539 486 2589 demnat;
499 2539 527 2577 si
543 2537 688 2589 quidem
703 2537 767 2574 alii
785 2551 830 2575 ex
846 2537 990 2575 illorum
1008 2540 1160 2590 peccatis
1184 2541 1315 2580 lucrati
1385 2540 1401 2562 ¹³

328 2609 422 2648 sunt,
452 2600 521 2652 ipsi
551 2612 635 2637 vero
662 2612 705 2635 nc
732 2598 876 2648 quidem
903 2612 948 2636 ex
966 2598 1113 2637 illorum
1144 2602 1314 2652 praeclare
1337 2613 1360 2643 C
1385 2604 1506 2647 θησαν.
1535 2604 1579 2640 Εἰ
1607 2602 1643 2640 δὲ
1671 2602 1710 2640 τὸ
1741 2602 1776 2646 ἐξ
1805 2602 1960 2653 ἀνάγκης
1980 2601 2131 2653 συμὸὰν,
2151 2605 2253 2640 τοῦτο
2268 2602 2408 2640 ἐκείνων

326 2662 433 2712 gestis
452 2660 640 2712 resipuere.
664 2659 702 2697 Si
722 2672 827 2710 porro
844 2658 904 2708 id,
928 2660 1024 2709 quod
1045 2675 1089 2698 ex
1108 2662 1314 2702 necessitate
1383 2656 1472 2700 εἷναί
1494 2678 1599 2714 φησι,
1621 2662 1669 2714 μὴ
1692 2662 1895 2715 θαυμάσῃς·
1925 2662 1981 2700 ἵνα
2011 2662 2080 2715 γὰρ
2106 2662 2165 2700 καὶ
2195 2662 2336 2706 τούτους
2352 2692 2362 2710 ,
2390 2662 2409 2700 ὃ

328 2721 502 2773 contigit,
534 2720 606 2758 illis
637 2719 833 2769 attribuat,
859 2733 902 2757 ne
930 2720 1069 2759 mireris
1092 2736 1100 2757 τ
1120 2731 1160 2760 ut
1183 2722 1279 2760 enim
1298 2753 1310 2774 ,
1383 2723 1552 2766 πολλάκις
1586 2717 1700 2769 εἷπον,
1739 2722 1951 2774 καταστείλῃ
1988 2722 2168 2766 κάκείνους
2206 2722 2408 2776 προτρέψῃ,

326 2783 421 2834 quod
436 2783 513 2834 jam
531 2795 622 2833 sa‘pe
640 2779 718 2817 dixi
735 2809 745 2829 ,
760 2779 825 2817 hos
845 2780 1016 2832 reprimat
1036 2790 1071 2819 et
1086 2781 1167 2820 illos
1185 2782 1312 2821 horte-
1383 2784 1472 2822 οὕτω
1491 2784 1702 2836 σχηματίζει
1721 2784 1778 2822 τὸν
1798 2783 1913 2835 λόγον.
1932 2782 2050 2836 εὈττερ
2074 2783 2140 2835 γὰρ
2161 2783 2266 2835 ἔφθην
2287 2783 2407 2830 εἰπὼν,

324 2853 395 2892 tur,
416 2843 467 2881 sic
483 2855 677 2880 sermonem
694 2848 877 2892 temperat.
890 2841 984 2879 Nam
998 2871 1008 2889 ,
1028 2850 1067 2879 ut
1083 2841 1267 2892 dicebam,
1282 2844 1312 2883 si
1382 2845 1446 2883 κᾶν
1469 2845 1630 2897 μυριάκις
1657 2845 1905 2892 ἀπεὸλήθησαν
1925 2844 2088 2883 Ἰουδαῖοι
2101 2873 2111 2890 ,
2143 2845 2261 2882 πίστιν
2293 2844 2330 2883 δὲ
2358 2845 2407 2895 μὴ

325 2906 456 2944 millies
475 2904 594 2956 rejecti
618 2904 765 2942 fuissent
789 2904 811 2942 J
815 2902 905 2940 udaei
919 2931 928 2948 ‚
951 2904 1100 2954 gentiles
1114 2905 1182 2943 nisi
1203 2906 1312 2944 fidem
1383 2905 1599 2949 ἐπεδείξαντο
1614 2904 1658 2942 τὰ
1675 2905 1753 2952 ἔθνη
1766 2935 1776 2953 ,
1793 2906 1855 2943 οὐκ
1871 2905 1910 2943 ἂν
1926 2904 2108 2952 ἓσώθησάν
2122 2920 2218 2944 ποτε.
2234 2905 2340 2943 Ἀλλὰ
2357 2908 2407 2958 τῷ

326 2966 560 3018 suscepissent
573 2994 584 3014 ,
625 2964 775 3003 salutem
807 2963 902 3001 nacti
938 2977 1008 3001 non
1043 2965 1204 3004 fuissent.
1241 2966 1312 3005 Sed
1382 2965 1589 3013 ἠσθενηκότι
1609 2965 1826 3017 παρίσταται
1848 2965 1965 3016 μέρει,
1995 2965 2055 3003 καὶ
2085 2968 2202 3016 βοηθεῖ
2225 2968 2276 3017 τῷ
2301 2981 2408 3004 πεπο-

325 3024 509 3077 aegrotanti
540 3023 632 3076 parti
676 3023 795 3073 adest,
823 3031 858 3060 et
889 3022 1066 3060 laboranti
1099 3025 1310 3076 opitulatur.
1381 3026 1513 3073 νηκότι.
1533 3025 1630 3078 “opu
1657 3025 1692 3062 δὲ
1718 3025 1778 3062 καί
1805 3027 1841 3062 ἐν
1873 3020 1922 3068 οἷς
1947 3025 2130 3078 χαρίζεται
2149 3025 2206 3076 διὰ
2240 3025 2406 3076 ῥημάτων

323 3085 419 3125 Vide
435 3094 554 3124 autem
573 3084 608 3121 in
627 3082 757 3134 quibus
777 3082 1011 3133 gratificetur,
1033 3083 1153 3122 verbis
1172 3093 1309 3123 tantum
1383 3087 1507 3130 αὐτοὺς
1534 3085 1847 3139 παραμυθούμενος
1875 3086 1990 3136 μόνον.
2019 3089 2063 3125 Εἰ
2094 3086 2161 3140 γὰρ
2189 3089 2210 3133 ἡ
2247 3088 2404 3135 &meet-t,

323 3149 404 3186 illos
426 3147 624 3185 consolans.
652 3147 755 3184 Nam
776 3148 809 3183 si
822 3147 957 3197 ejectio
977 3146 1133 3183 illorum
1149 3176 1158 3195 ,
1178 3147 1306 3198 inquit,
1382 3151 1508 3196 αὐτῶν,
1535 3147 1643 3200 φησὶ,
1670 3146 1875 3198 καταλλαγὴ
1896 3147 2040 3198 κόσμου.
2061 3147 2132 3185 Καὶ
2150 3147 2184 3185 τί
2201 3152 2301 3186 τοῦτο
2319 3149 2405 3202 πρὸς

324 3212 588 3251 reconciliatio
605 3218 659 3247 est
677 3209 824 3246 mundi.
838 3208 884 3246 Et
895 3207 982 3259 quid
995 3209 1063 3246 hoc
1073 3208 1120 3247 ad
1133 3209 1308 3249 Judaeos?
1332 3221 1356 3251 D
1381 3209 1567 3253 Ἰουδαίους
1584 3227 1595 3256 ·,
1621 3210 1685 3252 Τίς
1701 3212 1722 3255 ἡ
1739 3208 1954 3261 πρόσληψις,
1985 3212 2013 3247 εἷ
2032 3209 2080 3261 μὴ
2101 3209 2171 3257 ζωὴ
2192 3212 2231 3248 ἐκ
2249 3214 2401 3262 νεκρῶν,

1409 2536 1502 2579 οὗτοι
1519 2541 1554 2579 δὲ
1576 2542 1651 2580 οὐδὲ
1669 2544 1709 2580 ἐκ
1730 2545 1799 2580 τῶν
1823 2542 1949 2594 ἑτέρων
1966 2541 2249 2593 κατορθωμάτων
2271 2542 2411 2593 ὠφελή-

368 3353 379 3366 a
402 3343 479 3373 Mss.
496 3347 543 3374 καὶ
558 3344 579 3383 ᾧ
598 3345 840 3382 πλεονεκτοὶμεν,
858 3352 929 3382 quse
946 3342 1044 3373 et'an]
1061 3340 1160 3374 lectio
1175 3342 1329 3384 quadrat.
1396 3347 1507 3387 ἐτέρων
1525 3347 1768 3388 κατορθωμάτων
1786 3345 1834 3375 οἰκ
1851 3346 2055 3387 (ἠμελήθησαν,
2075 3343 2120 3375 sic
2137 3341 2199 3374 levi
2216 3344 2405 3383 mutatione⁸

368 3395 384 3418 b
410 3394 462 3425 Sic
481 3393 695 3434 Manuceripii
720 3399 817 3424 recte.
837 3391 926 3425 Editi
945 3404 1040 3435 vern,
1060 3393 1137 3428 οὗτοι
1161 3397 1191 3428 δὲ
1215 3400 1245 3428 ἐν.
1273 3406 1330 3429 τῶν
1396 3394 1544 3427 auctoris
1560 3394 1657 3427 series
1675 3405 1741 3426 non
1760 3393 1840 3426 nihil
1858 3393 1998 3427 laeditur.
