2502 3810
790 256 833 285 IN
864 256 1004 286 EPIST.
1045 255 1102 285 AD
1141 256 1244 286 ROM.

124 336 183 375 καὶ
200 335 345 389 ὒὸρίζειν
362 335 462 373 αὐτόν
477 352 485 382 ·,
506 334 608 373 Οὕτω
627 335 685 372 καὶ
701 336 910 386 Χριστιανοῦ
927 336 1020 375 οὐδὲν
1041 336 1138 375 ἔσται

122 396 239 447 κέρδος
255 396 370 434 πίστιν
392 396 452 447 μὲν
473 395 609 447 ἔχοντος
624 395 683 432 καὶ
697 394 759 441 τὴν
778 397 847 434 ἀπὸ
864 402 923 435 τοῦ
940 396 1138 446 βαπτίσμα-

121 471 178 498 τος
197 455 338 506 δωρεὰν,
360 463 447 494 πᾶσι
461 455 496 493 δὲ
513 462 582 498 τοῖς
598 455 723 493 πάθεσι
742 456 968 507 ὑποκειμένου
985 472 991 478 ·
1010 456 1136 506 μείζων

149 515 157 530 x
237 514 252 529 -r
395 515 437 535 erp
530 516 543 529 ν
727 516 735 529 x
848 516 856 529 t
941 520 950 531 e
1001 519 1010 530 ³
1036 532 1043 536 ³
1070 515 1079 529 t

121 532 188 566 γαρ
216 532 322 559 ουτως
344 519 365 562 ἡ
394 531 492 569 υορις
526 531 646 561 εσται,
681 530 740 553 και
774 518 902 554 πλειων
935 531 955 562 η
976 532 1136 567 αισΛυνη.
1162 523 1185 553 C

121 575 262 627 εΏσττερ
297 576 363 627 γὰρ
395 578 520 619 ἐκεῖνος
548 577 623 614 orb
643 576 796 626 διάδημα
824 576 1060 628 περικείμενος
1079 576 1138 614 καὶ

121 634 182 681 τὴν
208 636 395 688 ἁλουργίδα
410 667 419 683 ,
440 639 476 674 οὐ
498 636 598 685 μόνον
619 636 715 673 οὖῗὲν
737 637 804 674 ἀπὸ
823 640 884 682 τῆς
914 638 1039 682 στολῆς
1059 651 1137 686 κερ-

122 695 214 731 δανεῖ
232 695 357 741 ταύτης
375 698 420 739 εἷς
439 696 500 741 τὴν
520 695 649 733 οἰκείαν
674 695 792 745 τιμὴν,
813 695 902 733 ἀλλὰ
926 696 985 732 καὶ
1005 694 1136 741 ἐκείνην

120 756 318 807 καθυὸρίζει
347 756 404 794 διὰ
431 759 492 801 τῆς
508 756 636 799 οἰκείας
657 756 837 807 αἰσχύνης·
858 756 948 793 οὕτω
968 755 1027 793 καὶ
1043 759 1060 792 ὁ
1078 771 1137 792 πι-

123 817 200 861 στὸς
217 818 288 868 βίον
315 817 559 869 διεφθαρμένον
577 819 655 864 ζῶν,
678 819 715 854 οὐ
745 816 846 866 μόνον
867 815 961 853 οὐδὲν
983 817 1136 853 ἐντεῦθεν

122 877 296 927 αἰδέσιμος
318 878 435 924 ἔσται,
472 877 561 916 ἀλλὰ
590 876 649 914 καὶ
677 876 839 927 μειζόνως
867 875 1135 925 καταγέλαστος.

122 935 224 975 ιὍσοι
242 938 320 988 γὰρ,
339 938 453 989 φησὶν,
477 937 613 986 ἀνόμως
634 936 804 987 ἥμαρτον,
821 935 958 985 ἀνόμως
973 935 1031 972 καὶ
1049 937 1136 972 ἀπο-

121 999 258 1035 λοῦνται
276 1014 282 1021 ·
304 999 362 1035 καὶ
388 999 460 1035 ὅσοι
477 1000 510 1035 ἐν
533 997 627 1048 νόμῳ
637 996 807 1047 ἥμαρτον,
822 995 877 1033 διὰ
891 995 996 1044 νόμου
1016 995 1135 1047 κριθή-

120 1071 247 1094 σονται.
266 1057 335 1094 Καὶ
352 1055 528 1107 Ἑὸραίοις
547 1056 581 1092 δὲ
597 1056 821 1102 ἐπιστέλλων,
841 1054 956 1105 ἔλεγεν
970 1070 977 1077 ·
999 1055 1135 1101 Ἀθετή-

118 1131 179 1157 σας
209 1132 259 1158 τις
286 1116 388 1165 νόμον
420 1115 610 1161 Μωϋσέως,
627 1116 734 1166 χωρὶς
756 1117 944 1166 οἰκτιρμῶν
965 1114 1022 1153 ἐπὶ
1039 1114 1132 1153 δυσὶν

117 1175 139 1220 ἢ
161 1176 252 1226 τρισὶ
272 1175 439 1226 μάρτυσιν
463 1175 687 1221 ἀποθνήσκει.
722 1175 829 1227 Πόσῳ
860 1177 990 1213 δοκεῖτε
1018 1175 1133 1226 χείρο-

116 1251 170 1278 νος
189 1235 416 1282 ἀξιωθήσεται
434 1236 603 1288 τιμωρίας
617 1239 634 1274 ὁ
662 1236 719 1274 τὸν
736 1237 819 1275 Υἱὸν
836 1242 894 1275 τοῦ
913 1238 1006 1275 Θεοῦ
1025 1253 1133 1275 κατα-

116 1296 292 1343 πατήσας,
319 1296 389 1334 Καὶ
417 1297 511 1347 μάλα
537 1296 696 1340 εἰκότως·
726 1297 784 1335 καὶ
813 1296 880 1349 γὰρ
899 1296 1050 1340 ὑπέταξα
1077 1312 1132 1335 σοι

117 1357 230 1394 πάντα
246 1356 289 1394 τὰ
305 1357 398 1403 πάθη
416 1387 426 1404 ,
446 1357 541 1408 φησὶ,
571 1357 627 1394 διὰ
646 1361 704 1395 τοῦ
727 1357 979 1408 βαπτίσματος.
1010 1356 1058 1395 Τί
1073 1351 1130 1395 οἶν

116 1417 252 1468 γέγονεν
268 1448 277 1464 ‚
303 1419 355 1455 ὅτι
376 1420 421 1460 εἷς
440 1417 608 1464 τοσαύτην
629 1417 809 1469 ἐξύὲρισας
829 1417 973 1469 δωρεὰν,
999 1417 1059 1456 καὶ
1077 1418 1131 1468 γέ-

115 1493 216 1527 γονας
241 1477 354 1530 ἕτερος
386 1478 458 1514 ἀνθ’
484 1478 622 1529 ἑτέρου;
643 1478 842 1516 Ἀπέκτεινα
861 1478 921 1516 καὶ
940 1478 1052 1530 ἔθαψά
1072 1495 1131 1517 σου

116 1538 158 1575 τὰ
178 1539 329 1592 πρότερα
350 1539 662 1590 πλημμελήματα,
682 1539 838 1590 καθάπερ
858 1538 1042 1586 σκώληκας
1057 1555 1064 1563 ’
1099 1540 1132 1577 τί

117 1599 228 1636 τοίνυν
256 1599 358 1651 ἕτερα
387 1599 520 1647 ἔτεκες,
555 1599 614 1637 καὶ
641 1599 706 1651 γὰρ
732 1599 923 1645 σκωλήκων
950 1599 1061 1650 χείρω
1089 1599 1133 1637 τὰ

119 1659 357 1710 ἁμαρτήματα
374 1675 380 1682 ·
411 1654 504 1697 οὗτοι
520 1659 582 1710 μὲν
598 1659 664 1711 γὰρ
684 1660 723 1697 τὸ
740 1663 844 1710 σῶμα
859 1690 867 1706 ,
885 1661 1000 1697 ἐκεῖνα
1017 1658 1053 1697 δὲ
1070 1659 1131 1706 τὴν

117 1719 230 1770 ψυχὴν
260 1720 488 1770 λυμαίνεται,
518 1720 576 1758 καὶ
596 1720 739 1758 πλείονα
757 1725 848 1758 ποιεῖ
867 1719 930 1766 τὴν
953 1720 1133 1759 δυσωδίαν.

116 1779 206 1817 Ἀλλ’
222 1784 322 1830 ἡμεῖς
338 1783 398 1818 οὐκ
415 1781 647 1831 αἰσθανόμεθα
660 1797 667 1804 ·
685 1780 803 1834 διόπερ
818 1779 922 1827 αὐτὴν
940 1780 1017 1818 οὐδὲ
1034 1783 1134 1819 ἐκκα-

114 1844 215 1891 θᾶραι
235 1840 437 1891 σπεύδομεν.
470 1841 562 1880 Οὔῗὲ
580 1840 647 1892 γὰρ
671 1844 688 1879 ὃ
715 1840 845 1890 μεθύων
874 1835 942 1879 οἶδε
962 1841 1053 1888 πόση
1072 1845 1132 1879 τοῦ

116 1900 306 1947 σεσηπότος
323 1901 412 1939 οἴνου
429 1905 450 1948 ἡ
471 1901 676 1952 βδελυγμία,
693 1902 770 1939 ἀλλ’
785 1905 802 1939 ὃ
820 1901 867 1952 μὴ
885 1902 1020 1952 μεθύων
1036 1903 1132 1954 ἀκρι-

116 1961 184 2005 ὅῶς
195 1966 305 1999 ταῦτα
315 1962 430 2000 εἶπίστρ
442 1979 510 2000 ται.
527 1964 630 2001 Οὕτω
644 1962 702 2000 καὶ
717 1962 773 2000 ἐπὶ
786 1965 853 2000 τῶν
870 1963 1133 2015 ἁμαρτημάτων

116 2025 133 2059 ὃ
152 2021 212 2071 μὲν
233 2022 415 2074 σωφρόνως
436 2025 513 2070 ζῶν,
535 2023 623 2072 μετὰ
649 2022 825 2076 ἀκριὸείας
845 2016 914 2061 οἶδε
930 2023 987 2060 τὸν
1010 2023 1132 2077 βόρὸο-

118 2098 172 2134 ρον
193 2082 330 2120 ἐκείνων
358 2083 416 2120 καὶ
436 2083 497 2130 τὴν
519 2084 664 2130 κηλῖδα·
686 2086 703 2120 ὃ
723 2083 758 2121 δὲ
781 2087 822 2135 τῇ
842 2083 990 2136 πονηρίᾳ
1012 2085 1131 2122 ἑαυτὸν

115 2142 242 2189 ἐκδοὺς,
270 2144 426 2195 καθάπερ
447 2144 535 2195 μέθῃ
565 2145 633 2182 τινὶ
662 2144 914 2196 κεκαρωμένος,
947 2144 1022 2183 οὐδὲ
1048 2146 1132 2184 αὐτὸ

116 2207 215 2241 τοῦτο
231 2198 331 2251 οἶδεν,
348 2203 401 2242 ὅτι
420 2210 522 2242 νοσεῖ.
553 2205 624 2243 Καὶ
643 2209 743 2243 τοῦτο
764 2204 916 2254 μάλιστα
929 2209 991 2251 τῆς
1007 2205 1131 2250 κακίας

116 2263 154 2301 τὸ
173 2263 421 2314 χαλεπώτατον
433 2294 443 2312 ,
462 2264 514 2302 ὅτι
531 2264 606 2303 οὐδὲ
630 2266 712 2302 ἰδεῖν
730 2265 853 2317 ἀφίησι
868 2265 946 2308 τοὺς
963 2268 1009 2309 εἰς
1023 2266 1128 2313 αὐτὴν

111 2323 325 2373 ἐμπεσόντας
338 2328 399 2371 τῆς
414 2324 540 2368 οἰκείας
553 2324 665 2375 λύμης
681 2325 720 2363 τὸ
735 2324 889 2377 μέγεθος,
905 2328 981 2364 ἀλλ’
999 2328 1034 2364 ἐν
1050 2330 1128 2380 βορ-

110 2383 202 2436 ὅόρῳ
233 2384 385 2435 κείμενοι
416 2384 533 2438 μύρων
562 2385 747 2424 ἀπολαύειν
773 2386 971 2436 νομίζουσι·
1008 2387 1127 2440 διόπερ

1159 1183 1182 1212 D
1206 1179 1353 1216 duobus
1383 1179 1451 1215 vel
1485 1182 1606 1217 tribus
1642 1182 1798 1218 testibus
1830 1183 2004 1219 moritur.

2100 241 2184 305 591

1209 352 1277 387 que
1295 338 1447 376 afferre?
1467 338 1527 379 Sic
1546 347 1578 376 et
1598 337 1798 376 Christiano
1817 338 1908 378 nihil
1927 338 2018 378 lucri
2039 340 2193 388 accedet,

1210 398 1238 435 si
1258 399 1365 437 fidem
1384 409 1417 437 et
1440 399 1610 452 baptismi
1630 399 1764 438 donum
1780 400 1920 449 habeat,
1943 400 2004 439 sed
2027 401 2193 440 omnibus

1209 459 1254 496 sit
1269 459 1452 497 affectibus
1469 460 1637 498 subditus
1652 477 1659 497 z
1677 461 1790 513 major
1805 460 1900 498 enim
1915 461 1965 499 sic
1981 461 2193 499 contumelia

1209 519 1274 556 erit
1293 528 1326 556 et
1344 520 1459 571 majus
1478 519 1643 559 dedecus.
1664 520 1977 566 Quemadmodum
1996 521 2090 558 enim
2108 521 2191 568 ille,

1209 578 1270 628 qui
1290 579 1491 616 diademate
1511 589 1543 617 et
1562 594 1722 632 purpura
1742 589 1886 618 ornatus
1906 589 1967 629 est,
1995 594 2065 618 non
2087 580 2194 618 modo

1209 652 1252 675 ex
1275 639 1482 690 hujusmodi
1507 649 1632 677 ornatu
1651 640 1743 677 nihil
1766 641 1924 678 lucratur
1942 641 2101 691 honoris,
2133 641 2195 679 sed

1207 698 1311 735 illum
1331 713 1470 749 quoque
1499 714 1560 751 per
1578 700 1772 751 ,proprium
1800 700 1951 738 dedecus
1979 702 2193 740 contumelia

1208 759 1319 797 afficit
1335 776 1342 796 z
1359 760 1409 797 sic
1428 760 1488 810 qui
1508 760 1635 811 credit,
1660 770 1694 798 et
1714 771 1916 813 corruptam
1936 762 2036 800 ducit
2053 763 2163 801 vitam
2181 792 2191 810 ,

1208 832 1276 856 non
1297 819 1403 856 modo
1424 833 1493 857 non
1513 820 1727 858 venerabilis
1747 834 1791 856 ex
1812 819 1883 858 fide
1902 821 1980 870 crit,
2005 821 2067 859 sed
2087 822 2193 859 etiam

1284 257 1437 288 HOMIL.
1477 257 1539 288 XI.

1208 877 1408 915 ridiculus:
1433 880 1671 929 Quicumque
1702 882 1817 927 enim,
1842 880 1971 930 inquit,
2004 885 2087 919 sine
2113 883 2194 934 lege
2208 891 2330 920 Rom.2.
2346 901 2393 920 12.

1205 946 1476 988 peccaverunt,
1495 941 1578 975 sine
1594 940 1674 990 lege
1687 942 1866 990 peribunt
1878 957 1893 984 ;
1911 950 1947 978 et
1963 945 2194 993 quicumque

1207 1000 1248 1033 in
1270 998 1350 1049 lege
1374 1007 1645 1048 peceaverunt,
1671 1014 1740 1050 per
1759 1000 1878 1051 legem
1890 1002 2187 1052 judicabuntur.

1206 1057 1253 1094 Et
1274 1056 1319 1094 ad
1347 1057 1516 1095 Hebraeos
1544 1058 1715 1108 scribens,
1737 1058 1900 1096 dicebat:
1924 1063 2080 1098 Irritam
2108 1065 2193 1112 quis
2208 1067 2284 1094 Ileb-
2308 1075 2353 1094 ιο,

1202 1117 1356 1169 faciens
1379 1118 1499 1169 legem
1521 1120 1690 1167 Moysis,
1713 1121 1796 1156 sine
1811 1120 1895 1157 ulla
1914 1122 2190 1168 misericordia,
2208 1108 2258 1138 ’δ’

2052 1182 2194 1228 Quanto

1206 1239 1368 1290 graviore
1387 1239 1518 1291 putatis
1535 1240 1711 1292 supplicio
1727 1241 1899 1292 plectetur
1919 1242 1959 1290 is,
1981 1242 2040 1293 qui
2059 1244 2195 1282 Filium

1206 1300 1273 1337 Dei
1293 1300 1581 1339 conculcaverit?
1609 1301 1656 1338 Et
1669 1302 1753 1353 jure
1772 1302 1917 1352 quidem
1935 1303 2060 1341 merito
2081 1320 2089 1341 z
2111 1319 2194 1343 nam

1204 1356 1484 1413 pcrbaptisma,
1517 1361 1647 1412 inquit,
1673 1376 1794 1400 omnes
1814 1363 1881 1400 tibi
1908 1364 2018 1401 animi
2045 1365 2193 1404 affectus

1206 1421 1364 1459 subdidi.
1386 1421 1488 1468 Quid
1507 1431 1625 1460 actum
1644 1433 1709 1473 est,
1736 1433 1775 1461 ut
1795 1433 1931 1462 tantum
1950 1425 2085 1463 donum
2104 1441 2192 1464 con-

1205 1479 1353 1517 tumelia
1380 1480 1539 1518 afficeres
1559 1490 1592 1518 et
1612 1481 1704 1519 alius
1731 1496 1795 1534 pro
1815 1482 1885 1520 alio
1904 1483 2033 1521 fieres?
2057 1484 2194 1522 Peremi

1205 1549 1310 1590 atque
1325 1541 1475 1593 sepelivi
1491 1542 1610 1594 priora
1625 1542 1751 1580 delicta
1768 1552 1826 1581 tua
1838 1553 2019 1595 tamquam
2037 1559 2191 1583 vermes:

1206 1615 1269 1638 cur
1287 1615 1372 1653 ergo
1391 1611 1431 1639 tu
1450 1602 1520 1640 alia
1538 1603 1827 1656 peperistiPnam
1840 1606 2024 1643 vermibus
2039 1605 2192 1644 deterio-

1205 1677 1244 1700 ra
1264 1671 1345 1700 sunt
1365 1672 1507 1715 peccata
1528 1679 1535 1700 :
1554 1664 1592 1701 hi
1615 1678 1766 1715 namque
1787 1680 1930 1718 corpus,
1951 1667 2013 1704 illa
2038 1667 2194 1705 animam

1203 1723 1428 1773 labefactant,
1458 1738 1498 1762 ac
1517 1726 1687 1777 majorem
1707 1726 1851 1778 pariunt
1870 1727 2040 1766 foetorem.
2063 1730 2111 1765 At
2129 1742 2194 1766 nos

1204 1785 1244 1824 id
1263 1801 1332 1825 non
1369 1788 1541 1826 sentimus
1559 1804 1571 1838 3
1603 1788 1752 1840 ideoque
1782 1789 1881 1827 illam
1911 1804 2110 1842 expurgare
2132 1805 2194 1828 ne-

1206 1846 1389 1898 gligimus.
1427 1849 1549 1898 Neque
1579 1848 1673 1886 enim
1704 1849 1733 1886 is
1762 1849 1824 1900 qui
1849 1849 1968 1887 ebrius
1995 1860 2047 1888 est
2075 1850 2190 1899 novit,

1206 1917 1358 1957 quantus
1374 1909 1419 1946 sit
1433 1909 1506 1947 vini
1525 1909 1758 1962 putrescentis
1772 1910 1875 1948 foetor
1888 1926 1900 1961 3
1921 1910 1983 1948 sed
1998 1911 2058 1961 qui
2074 1911 2195 1949 ebrius

1204 1980 1274 2005 non
1290 1977 1351 2018 est,
1372 1969 1411 2006 id
1425 1969 1535 2021 probe
1553 1969 1663 2008 novit.
1687 1970 1746 2008 Sic
1764 1979 1797 2008 et
1817 1970 1852 2008 in
1866 1971 2018 2023 peccatis
2038 1971 2164 2009 accidit
2179 1988 2187 2008 z

1204 2029 1266 2080 qui
1286 2038 1521 2082 temperanter
1541 2030 1646 2080 vivit,
1679 2045 1816 2069 coenum
1841 2031 1935 2069 illud
1963 2041 1996 2070 et
2015 2033 2193 2070 maculam

1204 2090 1336 2141 optime
1348 2091 1448 2129 novit
1454 2106 1465 2140 3
1484 2091 1546 2142 qui
1561 2106 1644 2130 vero
1658 2092 1824 2142 nequitiae
1838 2107 1911 2130 sese
1922 2092 2072 2142 dedidit,
2089 2093 2191 2143 quasi

1204 2152 1372 2190 ebrietate
1387 2153 1549 2203 obrutus,
1566 2153 1603 2191 id
1620 2167 1688 2192 non
1702 2155 1818 2202 novit,
1830 2157 1927 2205 quod
1941 2170 2066 2207 nempe
2082 2170 2194 2207 aegro-

1204 2222 1262 2251 tet.
1302 2213 1412 2264 Atqui
1444 2214 1512 2251 hoc
1545 2214 1745 2252 maximum
1777 2215 2102 2266 gravissimumque
2141 2225 2193 2253 est

1202 2274 1366 2324 nequitiae
1386 2275 1535 2323 malum,
1556 2274 1653 2326 quod
1672 2289 1740 2324 eos,
1758 2275 1820 2326 qui
1839 2276 1875 2313 in
1895 2276 1994 2314 illam
2014 2277 2190 2326 incidunt,

1200 2335 1354 2387 propriae
1382 2350 1453 2373 suae
1476 2336 1644 2388 perniciei
1671 2336 1954 2387 magnitudinem
1977 2338 2099 2376 videre
2121 2352 2192 2376 non

1200 2396 1292 2434 sinat
1312 2412 1319 2433 :
1339 2411 1464 2435 verum
1490 2397 1558 2445 illi,
1583 2397 1671 2435 dum
1691 2397 1727 2435 in
1747 2398 1823 2436 luto
1846 2400 1976 2451 jacent,
2000 2401 2194 2451 unguentis

108 2444 183 2482 Οὐδὲ
199 2446 482 2484 ἀπαλλάττεσθαι·
497 2446 671 2495 δύνανῗαῑ,
689 2446 779 2485 ἀλλὰ
795 2447 986 2494 σκωλήκων
1003 2448 1127 2500 γέμον·
1139 2471 1186 2497 538
1200 2471 1236 2495 se
1252 2458 1323 2495 frui
1345 2467 1473 2510 putant
1490 2473 1497 2496 :
1520 2467 1738 2511 quapropter
1758 2474 1822 2498 nec
1843 2475 1918 2499 sese
1940 2460 2022 2499 inde
2038 2462 2194 2500 eximere

109 2520 184 2549 τῖς,
220 2504 338 2558 ὥσπερ
367 2506 473 2550 λίθοις
503 2506 630 2557 τιμίοις
659 2507 983 2557 καλλωπιζόμενοι,
1018 2508 1127 2554 οὕτως
1150 2511 1175 2538 A
1198 2528 1358 2569 possunt,
1382 2518 1442 2556 sed
1465 2519 1553 2556 dum
1569 2519 1753 2557 vermibus
1772 2529 1918 2568 scatent,
1940 2521 1989 2558 ita
2010 2536 2083 2559 sese
2104 2523 2186 2560 effe-

110 2564 364 2617 ἐναὸρύνονται.
411 2566 478 2604 Διὰ
516 2573 626 2605 ταῦτα
659 2568 780 2611 αὐτοὺς
814 2568 890 2606 οὐδὲ
924 2572 1127 2609 ἀποκτεῖναι

109 2624 299 2672 ἐθέλουσιν,
318 2626 407 2665 ἀλλὰ
426 2627 485 2665 καὶ
509 2627 671 2680 τρέφουσι
694 2629 753 2666 καὶ
770 2630 789 2649 *
805 2628 964 2673 αὔξουσιν
992 2633 1026 2668 ἐν
1049 2633 1127 2668 ἑαυ-

108 2692 177 2729 τοῖς
198 2717 206 2733 ,
253 2686 317 2730 ἕως
363 2688 400 2726 ἂν
447 2688 568 2731 αὐτοὺς
612 2689 697 2740 πρὸς
732 2688 811 2733 τοὺς
844 2694 903 2728 τοῦ
943 2691 1127 2741 μέλλοντος

108 2749 230 2790 αἰῶνος
271 2749 534 2800 παραπέμψωσι
577 2749 776 2795 σκώληκας.
826 2750 896 2788 Καὶ
930 2751 997 2804 γὰρ
1034 2753 1116 2790 ἐκεί-

107 2823 171 2845 νων
208 2803 301 2846 οῧτοι
334 2809 507 2862 πρόξενοι·
544 2812 582 2847 οὐ
609 2810 766 2861 πρόξενοι
805 2809 839 2848 δὲ
874 2810 996 2860 μόνον,
1034 2813 1125 2851 ἀλλὰ

107 2868 165 2905 καὶ
182 2868 327 2920 πατέρες
344 2869 428 2907 εἰσὶν
443 2870 580 2908 ἐκείνων
597 2873 665 2908 τῶν
683 2870 858 2920 μηδέποτε
872 2871 1123 2912 τελευτώντων.

105 2927 150 2965 ‘O
181 2928 247 2979 γὰρ
280 2929 416 2976 σκώληξ
442 2931 554 2968 αὐτῶν
577 2933 614 2968 οὗ
631 2931 855 2978 τελευτήσει,
877 2931 993 2984 φησίν.
1016 2928 1125 2972 Οὗτοι

105 2987 167 3032 τὴν
195 2988 332 3038 γέενναν
364 2989 555 3029 ἀνάπτουσι
577 2989 639 3037 τὴν
672 2991 846 3041 μηδέποτε
877 2992 1122 3044 σὸεννυμένην.

105 3045 169 3084 Ἵν’
198 3041 254 3085 οὖν
288 3051 395 3086 ταῦτα
425 3050 472 3099 μὴ
505 3050 666 3102 γένηται,
697 3051 760 3097 τὴν
782 3051 897 3101 πηγὴν
917 3054 985 3090 τῶν
1006 3056 1122 3090 κακῶν

108 3112 296 3162 ἀνέλωμεν,
315 3114 375 3152 καὶ
400 3114 461 3162 τὴν
481 3115 627 3166 κάμινον
649 3116 842 3166 σὸέσωμεν,
862 3117 922 3155 καὶ
942 3117 1005 3164 τὴν
1028 3117 1122 3168 ῥίζαν

1198 2588 1293 2627 runt,
1313 2589 1353 2616 ut
1371 2580 1399 2617 si
1414 2579 1579 2632 pretiosis
1598 2579 1781 2631 lapidibus
1803 2581 1917 2618 ornati
1936 2592 2067 2619 essent.
2090 2582 2192 2620 Ideo·

1200 2653 1268 2689 que
1294 2654 1428 2677 vermes
1449 2640 1529 2677 illos
1556 2640 1756 2677 interimere
1775 2640 1916 2691 nolunt,
1939 2640 2001 2678 sed
2027 2643 2190 2680 nutriunt

1198 2702 1292 2749 illos,
1321 2711 1354 2739 et
1380 2702 1415 2739 in
1435 2702 1558 2754 seipsis
1583 2710 1728 2752 augent,
1758 2701 1870 2740 donec
1902 2703 1983 2741 illos
2003 2703 2047 2740 ad
2074 2704 2188 2742 futuri

1198 2764 1318 2802 saeculi
1337 2778 1474 2802 vermes
1494 2764 1745 2801 transmittant.
1769 2765 1861 2801 Nam
1879 2764 1917 2801 hi
1938 2765 2083 2803 illorum
2104 2776 2187 2804 sunt

1199 2824 1463 2874 conciliatores,
1491 2838 1554 2861 nce
1575 2823 1680 2861 modo
1707 2824 1964 2873 conciliatores,
1991 2825 2052 2863 sed
2081 2826 2186 2864 etiam

1197 2895 1313 2938 patres
1331 2886 1487 2935 illorum,
1510 2885 1573 2936 qui
1593 2899 1775 2935 nunquam
1796 2885 2014 2924 moriuntur.
2040 2889 2187 2926 Vermis
2206 2899 2302 2925 Mars.
2315 2906 2346 2935 9.

1197 2947 1291 2984 enim
1308 2961 1438 2985 eorum
1460 2960 1537 2984 non
1557 2949 1754 2993 morietur,
1777 2946 1905 2996 inquit.
1923 2947 1967 2984 Hi
1989 2947 2186 2998 gehennam
2203 2937 2255 2976 43·

1197 3007 1392 3046 accendunt
1412 3021 1593 3058 nunquam
1612 3007 1920 3058 exstinguendam.
1949 3009 1998 3046 Ut
2015 3022 2058 3045 ne
2074 3009 2186 3059 igitur

1196 3069 1272 3106 haec
1300 3068 1401 3114 fiant,
1427 3069 1560 3107 fontem
1585 3069 1761 3106 malorum
1791 3069 1974 3118 tollamus,
2005 3070 2186 3108 fornacem

1197 3130 1488 3181 exstinguamus,
1528 3139 1562 3167 et
1611 3128 1768 3166 radicem
1789 3129 1987 3180 iniquitatis
2026 3130 2073 3167 ab
2111 3130 2183 3168 imo

106 3181 167 3223 ‘5703
199 3179 364 3231 πονηρῖῦις
391 3181 543 3219 κάτωθεν
568 3183 846 3233 ἀνασπάσωμεν·
867 3183 942 3222 ἐπεὶ
970 3185 1028 3222 καὶ
1049 3185 1123 3223 ὃέν-
1150 3194 1172 3223 Β
1197 3191 1448 3242 exstirpemus.
1481 3191 1572 3228 Nam
1597 3189 1627 3227 si
1649 3190 1780 3227 malam
1809 3190 1970 3228 arborem
2001 3205 2020 3228 a
2047 3205 2186 3229 summo

112 3246 125 3256 x

108 3261 184 3295 ερον
205 3247 352 3297 πονηρὸν
371 3247 408 3283 ἂν
429 3248 606 3300 ἀποτέμῃς
623 3249 764 3296 ἄνωθεν,
777 3250 870 3288 οὐδὲν
888 3250 991 3289 πλέον
1005 3251 1122 3298 ἐποίη-

153 3375 159 3382 ”
187 3375 247 3415 [Α.
268 3381 296 3405 ‹Jt
315 3386 418 3419 marg.
440 3376 541 3411 Savil.
562 3383 694 3417 αυξουτι,
718 3384 761 3414 ἵνα
780 3384 897 3419 ἑαυτοὺς
914 3382 1014 3425 προς]

1198 3252 1385 3302 excideris,
1417 3250 1507 3289 nihil
1535 3251 1659 3297 fecisti,
1696 3250 1814 3290 radice
1844 3251 1934 3290 infra
1955 3262 2130 3303 manente,
2155 3263 2188 3292 et
