2502 3810
358 249 445 310 760
776 259 814 288 S-

354 348 422 394 xit,
441 355 479 382 ut
501 344 643 394 culpam
663 351 819 392 exueret,
837 350 877 378 ut
895 341 954 379 vel
972 341 1022 378 sic
1040 340 1086 377 ad
1104 339 1218 391 ipsius
1237 352 1336 376 31110-

354 419 429 442 rem
450 411 699 450 reverteretur,
725 410 758 438 et
777 415 858 439 cum
878 400 1045 438 defuncto
1075 399 1309 451 pacisceretur
1326 413 1334 434 ε

355 477 468 514 neque
497 462 590 500 enim
620 461 762 500 volebat
791 475 871 498 eum
904 461 1090 498 inimicum
1116 459 1273 497 defuncti
1294 472 1339 495 ex

355 525 423 562 hoc
438 523 564 560 saeculo
581 521 855 572 migrare.Tales
870 530 951 558 sunt
961 521 1057 570 iiqui
1071 529 1190 558 amant
1205 535 1212 556 ε
1227 533 1338 570 quan·

355 584 401 621 do
418 583 588 620 beneficia
606 583 803 634 praebentes
826 595 894 619 non
927 581 1142 632 diliguntur,
1165 588 1340 631 coguntur

354 643 579 680 vehementes
595 642 673 679 ficri
682 651 715 679 et
730 641 949 689 comminari,
961 655 1030 679 non
1041 650 1164 693 sponte
1177 640 1336 691 quidem,

355 702 415 740 sed
433 703 478 739 ab
505 703 582 754 ipso
603 716 721 739 amore
745 701 871 739 adhoc
887 701 1046 749 deducti,
1065 710 1104 738 ut
1124 701 1180 739 vel
1210 700 1259 738 sic
1281 713 1339 737 eos
1363 699 1386 728 Β

355 762 417 811 qui
434 775 470 799 se
483 761 682 813 despiciunt
695 761 887 799 attrahant.
905 762 1133 811 Quamquam
1151 760 1245 797 enim
1263 759 1339 796 haec

355 822 499 859 dilectio
526 822 766 859 necessitatem
796 820 991 871 quamdam
1021 821 1161 867 asferat3
1184 829 1338 857 attamen

355 883 450 934 ipsos
475 882 582 920 etiam
609 896 673 934 per
698 882 765 919 hoc
794 882 1009 929 consolatur,
1031 880 1128 931 quod
1144 880 1339 918 admodum

352 941 481 993 diligat
497 958 503 978 :
520 942 638 992 itaque
649 942 706 980 vel
719 941 796 993 ipsa
812 941 950 992 punitio
963 955 1008 978 ex
1024 955 1143 978 amore
1159 940 1334 992 procedit.

356 1003 448 1039 Nam
467 1003 529 1052 qui
549 1017 619 1040 non
639 1002 759 1040 dolent
782 1001 879 1052 quod
905 1001 986 1039 odio
999 1002 1213 1051 habeantur,
1228 1014 1339 1051 neque

355 1063 482 1114 punire
492 1063 752 1114 cupiuntNide
761 1076 843 1113 ergo
852 1072 884 1100 et
892 1062 1048 1100 Paulum
1056 1062 1132 1099 haec
1140 1061 1338 1099 Corinthiis

158 1143 184 1161 2.
201 1132 292 1161 C0!.2
310 1143 327 1161 2
355 1123 548 1161 dicentem:
571 1125 664 1174 Quis
679 1133 748 1170 est,
764 1124 891 1174 inquit,
907 1127 973 1175 qui
985 1138 1044 1160 me
1064 1124 1245 1175 laetificet,
1264 1126 1338 1160 nisi

147 1669 247 1696 Eirffll.
267 1677 282 1697 2
289 1678 317 1696 Ο.

147 1708 176 1735 5.

354 1186 422 1234 qui
440 1186 692 1221 contristatur
711 1198 758 1220 01,-
776 1198 836 1221 me
848 1188 864 1220 P
882 1184 1005 1233 Itaque
1024 1197 1105 1220 cum
1124 1183 1237 1234 magis
1251 1197 1336 1235 sup—

351 1242 502 1294 plicium
527 1251 645 1293 auget,
667 1251 750 1280 tunc
769 1257 925 1281 amorem
952 1243 1116 1280 ostendit.
1137 1243 1196 1280 Sic
1218 1251 1251 1280 et
1273 1243 1338 1279 AE-

353 1304 478 1355 gyptia
498 1303 592 1353 quod
619 1303 774 1340 multum
804 1312 957 1351 amaret,
978 1303 1204 1340 vehementer
1230 1303 1337 1340 etiam

351 1363 548 1414 Josephum
576 1363 649 1400 ulta
681 1372 742 1400 cst.
772 1363 841 1401 Sed
861 1363 922 1400 illa
942 1363 1087 1413 quidem
1108 1363 1156 1400 ad
1174 1364 1309 1400 malum
1320 1378 1332 1413 3
1358 1366 1381 1396 C

351 1421 555 1472 impudicus
577 1422 672 1459 enim
705 1437 805 1460 amor
824 1432 919 1459 erat:
935 1424 1032 1460 Deus
1063 1431 1181 1459 autem
1206 1423 1253 1459 ad
1271 1423 1335 1461 110-

349 1494 434 1517 1111111
447 1496 457 1529 3
476 1481 585 1532 digna
598 1481 731 1532 quippe
747 1490 819 1518 erat
840 1491 979 1518 amante
995 1481 1152 1518 dilectio.
1165 1484 1333 1533 Propter-

349 1554 387 1577 ea
403 1554 472 1577 non
492 1550 631 1578 recusat
650 1540 694 1578 ad
713 1541 884 1579 crassiora
900 1541 1008 1579 verba
1023 1541 1247 1591 descendere,
1266 1541 1334 1578 hu-

348 1614 602 1651 manorumque
620 1602 812 1638 affectuum
827 1601 947 1639 verbis
971 1601 1037 1650 1111,
1061 1615 1202 1651 seseque
1225 1615 1334 1639 3011111-

346 1660 494 1698 latorem
517 1665 784 1701 vocare:Deu5
806 1665 910 1699 enim
937 1662 1142 1699 (emulator
1165 1676 1263 1709 sum,
1280 1663 1335 1700 in-

347 1721 438 1771 quit,
460 1730 499 1758 ut
531 1721 647 1759 diseas
680 1721 809 1759 amoris
840 1721 1109 1759 vehementiam.
1129 1722 1333 1773 Diligamus

345 1794 428 1831 ergo
448 1781 551 1818 illum
580 1791 618 1819 ut
644 1782 719 1834 ipse
737 1782 816 1820 vult
834 1797 841 1818 :
860 1796 987 1833 magna
1019 1782 1150 1834 quippe
1177 1797 1232 1821 res
1260 1797 1333 1821 esse

344 1850 501 1892 putatur.
529 1842 570 1881 Si
604 1857 668 1880 nos
699 1852 915 1890 avertamus,
934 1851 1051 1880 manet
1072 1843 1280 1893 adhortans3
1301 1846 1331 1883 si

343 1904 503 1941 converti
523 1903 690 1952 nolimus,
705 1904 808 1955 punit
824 1904 905 1954 quia
922 1903 1054 1954 diligit,
1067 1918 1136 1941 11011
1156 1914 1194 1942 111
1208 1919 1330 1956 poenas

342 1972 486 2013 repetat.
503 1963 599 2002 Vide
626 1977 708 2014 ergo
732 1963 818 2014 quid
836 1963 931 2001 dicat
953 1963 989 2000 in
1012 1964 1197 2002 Ezechiele
1216 1965 1261 2002 ad
1280 1966 1329 2003 ci-

341 2023 504 2073 vitatem,
526 2038 604 2074 quae
632 2023 862 2075 diligebatur,
879 2023 940 2062 sed
960 2025 1202 2063 contemnebat
1222 2040 1324 2064 eum:

143 2087 252 2113 Essff‘h·
276 2086 326 2115 23·
341 2085 496 2122 Ducam
523 2086 576 2122 ad
599 2094 634 2122 te
664 2094 857 2123 amatores
883 2094 980 2135 tuos,
1003 2095 1039 2123 et
1061 2088 1214 2124 tradam
1236 2097 1273 2125 te
1286 2091 1325 2125 in

141 2135 191 2155 22,
210 2138 272 2165 sqq.

341 2160 478 2184 manus
494 2160 639 2192 eorum,
657 2156 694 2185 et
714 2148 944 2198 lapidabunt
971 2156 1006 2185 te
1031 2158 1066 2186 et
1086 2151 1273 2195 occident,
1291 2159 1326 2188 et

340 2209 540 2258 auferetur
553 2209 658 2246 zelus
676 2222 780 2245 meus
796 2222 820 2245 a
833 2217 881 2254 te,
888 2217 923 2245 et
933 2210 1182 2259 requiescam,
1199 2219 1235 2247 et
1249 2224 1324 2247 non

339 2271 506 2319 amplius
522 2284 656 2307 curam
673 2273 881 2321 tuigeram.
905 2270 1005 2317 Quid
1019 2271 1174 2322 amplius
1194 2272 1324 2310 dixerit

339 2329 526 2366 vehemens
542 2339 678 2367 amator
708 2331 753 2367 ab
780 2339 894 2367 amata
915 2340 1125 2381 contemtus,
1145 2341 1178 2369 et
1205 2342 1323 2383 postea

159 2392 238 2419 Deus
255 2403 327 2428 quo-
339 2403 481 2426 luisum
493 2404 613 2427 3111010
632 2390 760 2427 illius
750 2404 923 2427 incensus.
945 2390 1045 2427 Nihil
1060 2391 1153 2428 enim
1166 2406 1237 2429 11011
1252 2394 1322 2444 agit

139 2434 225 2460 modo

140 2474 259 2508 gcudus.

256 2435 323 2462 d=li
338 2450 435 2487 Deus
451 2459 489 2487 ut
503 2450 703 2501 diligatura
720 2450 838 2487 nobis·
831 2449 1003 2500 ,ideoque
1021 2465 1132 2501 neque
1152 2452 1244 2489 Filio
1259 2467 1322 2490 suo

335 2511 503 2561 pepeicit.
524 2513 569 2547 At
588 2524 652 2548 nos
672 2510 826 2547 immites
847 2524 887 2548 30
906 2525 944 2548 01
948 2509 1065 2548 udeles
1087 2526 1219 2551 sumus.
1252 2513 1320 2551 Sed

335 2570 446 2608 simus
475 2571 617 2608 tandem
645 2571 834 2620 mansueti,
855 2571 1119 2622 diligamusque
1150 2575 1266 2611 Deum
1283 2585 1320 2613 111

334 2630 483 2681 diligere
498 2645 564 2682 par
575 2641 636 2679 est,
652 2640 691 2668 ut
705 2646 786 2669 cum
802 2632 986 2683 voluptate
1001 2632 1133 2670 virtute
1145 2635 1317 2672 fruamur.

334 2691 372 2729 Si
387 2692 481 2729 enim
501 2692 561 2742 qui
580 2692 765 2729 mulierem
781 2692 889 2729 habet
908 2692 1088 2741 dilectam,
1108 2693 1199 2731 nihil
1214 2697 1317 2734 sentit
1341 2694 1365 2724 Ε

333 2766 376 2790 ex
396 2752 454 2801 iis,
478 2767 554 2803 quae
575 2752 732 2803 quotidie
752 2753 866 2790 tristia
882 2753 1047 2791 accidunt
1063 2770 1070 2790 ε
1086 2755 1148 2805 qui
1166 2754 1233 2793 1100
1258 2756 1316 2794 di-

332 2812 416 2850 vino
432 2822 464 2850 et
479 2827 569 2864 puro
586 2828 704 2851 amore
715 2813 903 2861 tenebitur,
913 2814 1024 2865 cogita
1037 2824 1168 2865 quanta
1179 2816 1317 2854 fruetur

330 2872 526 2924 voluptate.
539 2873 612 2910 Hoc
620 2873 802 2920 enim,hoc
816 2873 974 2923 inquam,
988 2888 1134 2925 regnum
1147 2876 1314 2915 caelorum

329 2941 391 2981 est,
410 2933 478 2970 hoc
500 2933 674 2970 bonorum
692 2933 829 2981 fruitio,
847 2933 915 2971 hoc
929 2933 1105 2985 voluptas,
1125 2936 1192 2973 hoc
1220 2937 1312 2974 13311-

327 2993 397 3041 113,
418 2994 485 3031 1100
505 2993 690 3045 gaudium,
719 2994 785 3031 hoc
816 2994 1022 3044 beatitudo,
1044 2995 1115 3033 imo
1133 2996 1311 3047 quidquid

326 3054 465 3104 dixero,
480 3056 571 3093 nihil
590 3069 758 3105 umquam
770 3065 891 3107 potero
906 3055 1055 3106 dignum
1073 3056 1219 3095 afferre:
1236 3059 1309 3097 sola

326 3116 544 3168 expeiientia
560 3117 628 3154 hoc
647 3116 773 3153 docere
797 3117 933 3154 bonum
951 3126 1077 3168 potest.
1100 3118 1185 3156 Ideo
1217 3119 1309 3158 dice-

127 3179 214 3206 Psal.
239 3180 288 3209 36.
322 3176 383 3214 bat
396 3177 587 3229 propheta.
602 3178 861 3215 Delectarein
874 3181 1064 3223 Domino‚·
1079 3188 1111 3216 et
1124 3180 1308 3226 ‚Gustate

127 3218 308 3260 4-..e1339

324 3247 359 3275 et
380 3241 510 3276 videte
527 3241 713 3291 quoniam
741 3242 871 3277 suavis
891 3248 947 3278 est
966 3241 1168 3279 Dominus.
1189 3243 1306 3280 Obse-

852 256 1035 287 JOANNIS
1069 255 1308 284 CHRYSOST.
1348 251 1554 283 ARCHIEP.
1594 254 1949 285 CONSTANTINOP-

1409 340 1459 388 τῷ
1472 338 1592 390 τρόμῳ
1604 369 1613 386 ,
1626 339 1683 376 ἵνα
1694 339 1909 386 ἀποδύσηται
1924 340 1964 377 τὸ
1979 341 2157 392 ἔγκλημα,
2170 342 2224 379 ἵνα
2241 341 2304 379 κᾶν
2321 341 2429 384 οὕτως

1410 397 1593 436 ἐπανέλθοι
1620 399 1705 450 πρὸς
1734 401 1796 445 τὴν
1834 398 1963 437 ἐκείνου
1995 401 2252 453 φιλοστοργίαν,
2282 401 2338 438 ἵνα
2364 401 2428 438 κᾶν

1411 457 1497 508 πρὸς
1540 459 1735 497 ἀπελΟόντα
1778 460 1965 507 σπείσηται
1980 476 1988 483 ·
2035 461 2111 499 οὐδὲ
2159 463 2226 514 γὰρ
2269 462 2430 500 ἐὸούλετο

1413 517 1533 569 ἐχθρὸν
1560 518 1660 556 αὐτὸν
1699 521 1860 558 ἀπελθεῖν
1896 523 2046 558 ἐντεῦθεν
2076 524 2126 572 τῷ
2155 521 2428 568 τετελευτηκότι.

1413 578 1574 616 Τοιοῦτοι
1599 581 1630 617 οἷ
1663 581 1857 631 φιλοῦντες,
1890 580 1971 618 ὅταν
1999 583 2253 632 εὐεργετοῦντες
2283 581 2331 632 μὴ
2365 597 2428 633 φῖ·-

1411 638 1562 684 λῶνται,
1585 639 1796 691 προάγονται
1817 640 1956 691 σφοδροὶ
1985 640 2141 690 γίνεσθαι
2171 641 2232 678 καὶ
2261 643 2430 685 ἀπειλεῖν,

1412 697 1474 734 οὐκ
1499 698 1670 742 ἐθέλοντες
1692 699 1767 749 μὲν,
1788 700 1855 737 ἀπὸ
1885 699 1920 737 δὲ
1943 704 2001 738 τοῦ
2026 702 2136 752 φιλεῖν
2166 703 2213 744 εἰς
2233 706 2332 739 τοῦτο
2348 700 2429 750 ἀγό-

1411 772 1526 806 μενοι,
1558 758 1614 797 ῗνα
1641 759 1704 796 κᾶν
1725 759 1832 802 οὕτως
1860 760 2116 811 ἐφελκύσωνται
2149 760 2226 804 τοὺς
2249 775 2430 812 καταφρο-

1409 822 1550 861 νοῦντας
1569 820 1695 857 αὐτῶν.
1717 819 1841 857 Καίτοι
1865 836 1904 871 γε
1927 821 2080 871 ἀνάγκης
2106 824 2127 867 ἡ
2149 821 2290 867 τοιαύτη
2308 821 2426 872 φιλία,

1409 879 1486 916 ἀλλ’
1518 878 1612 929 ὅμως
1635 879 1755 923 αὐτοὺς
1785 880 1844 917 καὶ
1871 879 1980 932 τούτῳ
2009 885 2266 932 παραμυθεῖται
2299 882 2355 919 διὰ
2388 882 2428 919 τὸ

1410 938 1541 990 σφόδρα
1561 941 1691 991 φιλεῖν·
1721 939 1812 977 ὥστε
1840 940 1898 977 καὶ
1928 945 1949 987 ἡ
1980 942 2120 985 κόλασις
2144 942 2212 979 ἀπὸ
2232 941 2360 993 φιλίας.
2379 944 2427 980 Οἱ

1407 998 1545 1049 γὰρ“μὴ
1567 1001 1748 1051 ἀλγοῦντες
1763 1000 1819 1038 ἐπὶ
1838 1002 1888 1051 τῷ
1904 1004 2096 1050 μισεῖσθαι,
2114 1000 2190 1039 οὐδὲ
2209 1001 2357 1039 κολάσαι
2373 1003 2426 1038 αῖ-

1409 1062 1557 1110 ροῦνται.
1580 1059 1676 1111 ζὈρα
1700 1059 1814 1097 τοίνυν
1840 1060 1899 1097 καὶ
1919 1061 2058 1098 Παῦλον
2075 1065 2183 1099 ταῦτα
2199 1061 2344 1113 λέγοντα
2359 1064 2428 1099 Κο-

1409 1118 1563 1169 ρινθίοις·
1581 1119 1645 1162 Τίς
1664 1120 1730 1171 γάρ
1749 1121 1843 1167 ἐστι,
1860 1120 1976 1171 φησὶν,
1998 1123 2016 1157 ὃ
2041 1120 2232 1171 εὐφραίνων
2249 1137 2311 1171 με,
2329 1124 2358 1159 εἷ
2376 1122 2424 1172 μὴ

1407 1181 1425 1215 ὃ
1443 1178 1655 1230 λυπούμενος
1680 1180 1712 1224 ἐξ
1740 1182 1844 1231 ἐμοῦ;
1862 1180 1975 1218 υΩστε
1994 1180 2075 1218 ὅταν
2107 1181 2238 1232 σφόδρα
2269 1182 2424 1233 ἐπιτείνῃ

1406 1238 1468 1285 τὴν
1489 1239 1644 1285 κόλασιν,
1671 1240 1749 1278 τότε
1778 1240 1929 1278 δείκνυσι
1956 1241 2012 1278 τὸν
2037 1240 2162 1292 ἔρωτα.
2178 1241 2283 1279 Οὕτω
2313 1242 2372 1279 καὶ
2402 1246 2424 1289 ἡ

1406 1300 1583 1349 Αἰγυπτία
1600 1302 1638 1337 ἐκ
1653 1305 1713 1338 τοῦ
1743 1301 1876 1352 σφόδρα
1895 1302 2004 1351 φιλεῖν
2028 1302 2181 1353 σφοδρῶς
2204 1302 2348 1340 ἐκόλασε
2367 1303 2424 1340 τὸν

1405 1360 1539 1409 Ἰωσήφ
1556 1376 1563 1383 ·
1582 1362 1656 1398 ἀλλ’
1683 1361 1795 1406 ἐκείνη
1817 1360 1879 1410 μὲν
1900 1360 1954 1397 ἐπὶ
1975 1364 2092 1410 κακῷ·
2120 1362 2179 1398 καὶ
2211 1362 2277 1412 γὰρ
2299 1363 2426 1400 ἀκόλα-

1407 1434 1483 1461 στος
1503 1415 1544 1465 ἦν
1562 1423 1579 1456 ὃ
1599 1420 1701 1471 ἔρως·
1722 1423 1738 1457 ὃ
1759 1420 1846 1461 Θεὸς
1866 1420 1901 1456 δὲ
1927 1419 1983 1457 ἐπὶ
2004 1421 2141 1472 ἀγαθῷ·
2159 1420 2240 1458 εικαὶ
2259 1421 2325 1472 γὰρ
2346 1422 2425 1466 ἀξία

1403 1473 1446 1525 ἦν
1465 1484 1525 1517 τοῦ
1541 1481 1716 1530 φιλοῦντος
1740 1482 1761 1525 ἡ
1783 1480 1914 1530 ἀγάπη.
1935 1479 2004 1517 Διὰ
2027 1483 2129 1517 τοῦτο
2148 1480 2224 1518 οὐδὲ
2243 1489 2424 1532 παραιτεῖ-

1404 1555 1462 1577 ται
1481 1541 1528 1582 εἷς
1557 1540 1742 1591 παχύτερα
1770 1539 1926 1577 κατιέναι
1945 1538 2103 1590 ῥήματα,
2124 1540 2183 1577 καὶ
2214 1541 2423 1592 φθέγγεσθαι

1403 1603 1521 1637 παθῶν
1542 1599 1695 1649 ὀνόματα
1718 1599 1955 1650 ἀνθρωπίνων,
1973 1600 2033 1637 καὶ
2052 1600 2208 1647 ζηλωτὴν
2223 1601 2342 1639 ἑαυτὸν
2358 1618 2422 1640 κα-

1402 1661 1491 1697 λεῖν·
1508 1660 1596 1703 Θεος
1624 1660 1691 1734 γάρ
1722 1661 1794 1709 εἶμι
1815 1659 2127 1711 ζη)1ι’1τὴς,ερησίν·

1403 1719 1573 1770 ἀγάπηςτ
1561 1719 1797 1765 ηνέπίτασιν.
1809 1719 1905 1757 Φι)
1884 1735 1969 1770 ησω
1964 1736 2024 1757 υ.εν
2038 1720 2151 1760 τοίνυν
2166 1722 2267 1759 αὐτὸν
2272 1725 2334 1769 ,ὡς
2344 1722 2422 1773 βού-

2161 1660 2217 1698 ῗνα
2235 1661 2345 1711 μάθῃς
2331 1678 2422 1708 ςτης

1400 1780 1510 1817 λεται·
1525 1796 1618 1856 ρεγα
1632 1780 1698 1832 γὰρ
1715 1780 1781 1818 τὸ,
1771 1796 1843 1831 πρα
1845 1795 1919 1831 γμα
1933 1784 2082 1831 ἡγεῖται.
2102 1780 2209 1818 Κᾶν
2191 1797 2423 1834 αποστραφω-

1401 1857 1495 1892 μεν
1491 1858 1531 1878 υ.-
1519 1843 1824 1894 ἶνειπαρακαλων,
1834 1858 1897 1879 καν
1912 1858 1961 1897 μη
1979 1842 2027 1879 θέ
2002 1858 2131 1893 εκωμεν
2147 1845 2422 1895 ἐπιστραφηναι,

1400 1880 1538 1946 κολάζει
1568 1903 1623 1940 διὰ
1649 1903 1688 1940 τὸ
1715 1905 1838 1955 φιλεῖν,
1860 1904 1925 1954 οὐχ
1951 1902 2006 1940 ἵνα
2035 1903 2205 1955 τιμωρίαν
2227 1905 2418 1956 ἀπαιτήσῃ.

1399 1962 1415 1977 t!
1556 1967 1577 1975 ‹x-
1651 1963 1658 1977 J
1810 1966 1820 1978 ο
1884 1967 1904 1974 ω
1928 1963 1936 1975 ³
2057 1963 2065 1979 x
2175 1965 2183 1976 x
2257 1965 2266 1980 x

1351 1964 1376 1993 D
1417 1966 1494 2014 Ορα
1518 1979 1595 2014 γουν
1625 1980 1658 2000 τι
1686 1979 1788 2015 φησιν
1805 1980 1838 2001 εν
1858 1980 1908 2015 τῳ
1941 1965 2096 2011 Ιεζεκιηλ
2124 1980 2209 2015 προς
2230 1981 2292 2012 την
2313 1968 2420 2018 φιλη-

1399 2028 1514 2062 θεῖσαν
1542 2024 1600 2062 καὶ
1631 2024 1944 2075 καταφρονήσασαν
1978 2026 2081 2062 αὐτοῦ
2108 2025 2228 2063 πόλιν·
2248 2025 2337 2069 Ἄξω
2358 2026 2418 2064 ἐπὶ

1398 2085 1436 2124 σὲ
1454 2086 1532 2129 τοὺς
1558 2085 1705 2138 ἐραστάς
1728 2100 1810 2132 σου,
1841 2085 1901 2123 καὶ
1933 2085 2134 2136 παραδώσω
2164 2100 2202 2124 σε
2229 2089 2277 2130 εἷς
2296 2093 2418 2138 χεῖρας

1397 2149 1510 2184 αὐτῶν
1523 2176 1532 2193 ,
1561 2146 1619 2183 καὶ
1652 2145 1921 2191 λιθοὲολῆσουσί
1956 2162 1993 2183 σε
2036 2146 2095 2184 καὶ
2132 2147 2416 2199 κατασφάξουσι,

1396 2207 1455 2245 καὶ
1474 2207 1733 2259 ἐξαιρεθήσεται
1753 2210 1769 2243 ὃ
1795 2206 1895 2251 ζῆλος
1916 2222 1982 2255 μου
2003 2209 2041 2244 ἐκ
2072 2210 2148 2253 σοῦ,
2169 2207 2231 2244 καὶ
2259 2207 2416 2245 ἀναπαύ-

1396 2283 1520 2317 σομαι,
1540 2268 1598 2304 καὶ
1617 2270 1654 2304 οὗ
1686 2267 1733 2315 μὴ
1766 2266 1970 2316 μεριμνήσω
2001 2266 2064 2303 ἔτι.
2085 2267 2133 2304 Τί
2169 2267 2289 2305 τούτου
2311 2267 2414 2305 πλέον

1395 2328 1433 2364 ἂν
1455 2322 1531 2364 εἶπε
1549 2326 1692 2378 σφοδρὸς
1712 2325 1859 2376 ἐραστὴς
1879 2325 1944 2362 ὑπὸ
1963 2328 2026 2370 τῆς
2053 2326 2228 2376 ἐρωμένης
2244 2341 2415 2378 καταφρο·

1393 2387 1571 2437 νούμενος,
1586 2386 1645 2423 καὶ
1662 2385 1749 2435 μετὰ
1759 2390 1868 2422 ταῦτα
1885 2385 1990 2422 πάλιν
2004 2386 2269 2436 περικαιόμενος
2284 2387 2415 2432 αὐτῆς,

1391 2448 1515 2485 Πάντα
1535 2446 1601 2498 γὰρ
1620 2449 1637 2483 ὃ
1659 2446 1746 2488 Θεὸς
1765 2445 1930 2496 πράττει,
1950 2444 2006 2482 ἵνα
2035 2447 2162 2496 φιληθῇ
2182 2448 2266 2498 παρ’
2286 2449 2390 2496 ἡμῶν
2405 2461 2414 2470 ·

1393 2508 1449 2546 διὰ
1476 2511 1576 2545 τοῦτο
1605 2506 1681 2545 οὐδὲ
1712 2511 1771 2544 τοῦ
1790 2506 1874 2543 Υἱοῦ
1902 2504 2075 2556 ἐρείσατο.
2098 2505 2187 2543 Ἀλλ’
2206 2510 2307 2556 ἡμεῖς
2323 2507 2414 2553 ἀπη-

1390 2574 1456 2611 νεῖς
1469 2598 1479 2614 ,
1494 2568 1554 2605 καὶ
1570 2567 1673 2616 ὠμοί.
1696 2564 1802 2603 Ἀλλὰ
1817 2564 2004 2620 γενώμεθά.
2016 2580 2099 2602 ποτε
2117 2564 2242 2617 ἥμεροι
2253 2593 2262 2611 ,
2276 2566 2335 2603 καὶ
2354 2582 2412 2617 φι-

1389 2629 1551 2679 λήσωμεν
1565 2627 1622 2664 τὸν
1640 2626 1742 2673 Θεὸν,
1759 2629 1804 2669 ὡς
1822 2628 1931 2677 φιλεῖν
1952 2627 2019 2673 δεῖ,
2036 2626 2091 2663 ἵνα
2108 2626 2195 2677 μετὰ
2213 2628 2411 2673 ’ἡδονῆςτῆς

1392 2692 1516 2740 ἀρετῆς
1541 2686 1807 2737 ἀπολαύσωμεν.
1830 2688 1875 2724 Εἰ
1897 2685 1963 2738 γὰρ
1983 2687 2131 2738 γυναῖκά
2151 2703 2202 2730 τις
2233 2687 2411 2739 ἐρωμένην

1389 2750 1490 2801 ἔχων,
1521 2748 1653 2790 οὐδενὸς
1682 2747 1882 2785 αἰσθάνεται
1903 2750 1970 2784 τῶν
1990 2750 2067 2785 καθ’
2098 2747 2249 2794 ἑκάστην
2275 2747 2410 2799 ἡμέραν

1386 2811 1570 2861 λυπηρῶν·
1588 2812 1605 2846 ὁ
1621 2809 1677 2846 τὸν
1699 2812 1786 2846 Θεῖον
1806 2812 1924 2845 τοῦτον
1935 2807 1995 2844 καὶ
2009 2807 2157 2860 καθαρὸν
2174 2810 2260 2859 ἐρῶν
2277 2807 2410 2860 ἔρωτα,

1387 2871 1546 2917 ἐννόησον
1569 2869 1650 2917 ὅσης
1667 2868 1905 2907 ἀπολαύσεται
1921 2869 2056 2914 ἡδονῆς.
2077 2871 2190 2907 Τοῦτο
2211 2869 2290 2922 γὰρ,
2311 2874 2410 2908 τοῦτο

1386 2934 1444 2971 καὶ
1459 2935 1610 2985 οὐρανῶν
1630 2931 1788 2982 βασιλεία
1801 2960 1810 2977 ,
1823 2934 1924 2967 τοῦτο
1939 2929 2130 2972 ἀπόλαυσις
2145 2933 2297 2980 ἀγαθῶν,
2308 2935 2408 2968 τοῦτο

1386 2993 1505 3041 ἡδονὴ,
1527 2997 1627 3031 τοῦτο
1644 2991 1834 3043 εὐφροσύνη
1847 3021 1856 3037 ,
1871 2995 1970 3028 τοῦτο
1986 2991 2081 3042 χαρὰ
2093 3020 2102 3036 ,
2117 2993 2218 3027 τοῦτο
2236 2990 2406 3042 μακαριό-

1384 3070 1446 3100 της
1460 3070 1467 3077 ·
1483 3055 1613 3103 μᾶλλον
1635 3052 1670 3089 δὲ
1689 3052 1754 3090 ὅσα
1772 3052 1811 3088 ἂν
1825 3051 1929 3095 εἴπω,
1947 3051 2042 3088 οὐδὲν
2059 3050 2194 3088 οὐδέπω
2215 3050 2408 3100 δυνήσομαι

1383 3118 1609 3167 παραστῆσαι
1637 3113 1722 3164 πρὸς
1755 3112 1866 3161 ἀξίαν,
1906 3113 1981 3149 ἀλλ’
2012 3114 2033 3157 ἡ
2062 3117 2166 3162 πεῖρα
2196 3110 2284 3161 μόνη
2307 3115 2407 3148 τοῦτο

1384 3177 1556 3215 διδάσκειν
1584 3168 1652 3213 οἶδε
1680 3173 1719 3211 τὸ
1748 3173 1866 3211 καλόν.
1885 3173 1952 3211 Διὰ
1971 3177 2070 3211 τοῦτο
2097 3172 2156 3210 καὶ
2181 3175 2199 3210 ὃ
2224 3172 2406 3224 προφήτης

1381 3243 1497 3294 ἔλεγε,
1518 3240 1798 3293 Κατατρύφησον
1832 3245 1890 3279 τοῦ
1923 3239 2070 3292 Κυρίου,
2091 3239 2172 3286 καὶ,
2201 3238 2400 3283 Γεύσασθε,

363 3378 375 3392 ³
400 3369 474 3400 MSS·
495 3374 542 3402 καὶ
559 3375 615 3413 γὰρ
633 3375 700 3409 ἀξία
717 3375 750 3410 ἦν
766 3377 817 3404 τοῦ
836 3377 963 3405 θανάτου
985 3378 1001 3410 ἡ
1018 3380 1130 3415 ἀγάπη.
1151 3375 1264 3409 noret.
1286 3381 1315 3410 9)
1334 3383 1390 3421 γὰρ
1408 3382 1489 3416 ἀξια,
