2502 3810
155 1032 298 1068 Arrogan-

113 1075 149 1100 lia
184 1075 298 1102 dissidii

112 1124 206 1143 causa·

97 2513 190 2541 Helu:
202 2510 280 2541 133.

101 2819 217 2861 Isai35.
235 2829 284 2848 21.

868 275 1052 305 JOANMS
1088 274 1326 304 CHRYSOST.

329 264 418 325 746
794 276 831 305 s.

324 360 417 397 enim
436 370 627 394 :erumnam
638 368 973 405 ι1111016101161111635,
989 354 1096 392 induc
1108 355 1299 406 lacrymas,

323 427 355 455 et
387 418 555 467 majorem
575 425 713 467 partem
732 415 910 452 abstulisti
929 431 936 451 :
954 415 983 452 si
1008 429 1076 453 non
1098 415 1211 467 possis
1236 430 1300 452 au-

322 492 402 529 gere
428 478 647 526 felicitatem,
671 476 779 514 induc
800 476 972 528 gaudium
995 486 1027 514 et
1058 491 1223 528 magnam
1245 491 1300 515 ae-

320 541 508 578 cessionem
524 539 688 577 intulisti.
712 539 795 578 Ideo
813 554 881 577 non
902 540 1016 578 solum
1037 554 1106 578 non
1122 539 1297 589 invidere,

319 602 379 639 sed
400 602 494 652 quod
513 602 625 640 multo
645 602 760 653 majus
778 610 843 650 est,
872 601 1093 652 congaudere
1109 602 1212 653 jubet
1233 617 1241 638 :
1264 602 1302 639 id

318 664 414 714 quod
428 665 540 703 multo
554 667 668 717 majus
681 675 732 702 est
744 679 852 715 quam
871 679 940 703 non
962 664 1130 704 invidere.
1150 665 1212 703 16.
1235 667 1301 702 ld-

317 728 441 776 ipsum
453 728 618 764 invicem
640 728 847 763 sentientes
867 741 878 761 .-
898 739 976 763 non
993 726 1078 763 alta
1093 728 1298 777 sapientes,

315 789 384 824 sed
396 788 606 825 humilibus
623 789 915 825 consentientes.

366 851 403 886 9.
425 848 580 886 Multam
599 862 722 886 rursus
743 847 789 885 de
819 848 1021 886 humilitate
1049 862 1171 886 curam
1191 849 1295 900 gerit,

313 924 332 946 a
348 924 416 960 qua
435 923 631 948 sermonem
651 909 795 961 incepit.
814 910 905 946 Nam
922 908 1117 947 verisimile
1137 918 1187 946 est
1217 909 1297 947 illos

311 971 401 1008 fastu
420 972 541 1023 plenos
560 970 677 1018 fuisse,
700 979 775 1008 tum
796 970 840 1007 ab
862 970 961 1007 urbis
979 971 1195 1020 celebritate,
1220 979 1296 1008 tum

313 1032 392 1069 aliis
408 1032 530 1069 multis
544 1032 588 1069 de
604 1031 736 1079 causis;
754 1030 902 1080 ideoque
918 1031 1117 1081 frequenter
1130 1034 1294 1072 morbum

310 1093 415 1131 illum
441 1093 596 1131 traducit
616 1102 649 1130 ct
666 1093 796 1130 fastum
826 1092 1042 1143 comprimit.
1070 1094 1170 1131 Nihil
1199 1096 1293 1134 enim

309 1170 438 1208 eorpus
453 1156 620 1194 Ecclesiae
640 1155 687 1192 ita
707 1153 890 1202 discindit,
911 1163 945 1190 111
962 1156 1172 1206 arrogantia.
1196 1157 1293 1203 Quid

308 1232 390 1255 vero
409 1218 588 1269 significat
604 1216 710 1263 illud,
729 1216 899 1267 Idt'psurn
927 1218 1091 1253 invicem
1122 1222 1292 1257 sencien—

308 1284 393 1317 tes?
416 1279 569 1317 Advenit
589 1278 655 1316 tibi
677 1291 809 1329 pauper
838 1277 874 1315 in
894 1277 986 1314 aedes
1008 1279 1113 1315 tuas?
1128 1278 1215 1318 Esto
1238 1281 1291 1319 illi

306 1354 409 1378 sensu
422 1340 549 1378 similis
562 1356 569 1376 ε
582 1354 624 1377 116
636 1339 804 1390 majorem
823 1352 980 1375 assumas
993 1339 1122 1376 fastum
1137 1340 1183 1377 ob
1196 1341 1291 1379 divi-

306 1402 372 1439 tias
389 1418 396 1438 :
414 1402 449 1439 in
466 1401 608 1439 Christo
625 1414 687 1437 nec
702 1399 802 1437 dives
832 1412 895 1436 nec
914 1413 1049 1450 pauper
1069 1409 1130 1437 est.
1147 1402 1201 1438 Ne
1217 1402 1289 1439 ita-

303 1477 370 1512 que
396 1461 531 1514 pudore
549 1460 716 1498 afficiaris
735 1459 780 1496 ob
799 1467 984 1496 externum
1014 1460 1206 1510 amictum,
1227 1462 1289 1500 sed

302 1523 440 1574 suscipe
462 1522 566 1559 illum
586 1529 731 1572 propter
761 1519 936 1556 internam
962 1518 1239 1571 fidemmeque,
1259 1522 1289 1560 51

301 1585 478 1636 lugentem
500 1583 650 1631 videris,
671 1581 862 1632 indignum
887 1590 988 1633 putes
1008 1596 1114 1632 quem
1131 1583 1288 1621 console-

300 1646 347 1683 ris
355 1661 366 1695 3
389 1659 503 1696 neque
523 1645 553 1682 si
572 1657 741 1696 prospere
756 1652 930 1694 agentem,
945 1642 1131 1681 crubescas
1150 1654 1288 1695 partem

298 1706 429 1744 laetitiae
444 1716 478 1744 et
493 1705 615 1757 gaudii
636 1704 833 1756 suscipere,
851 1703 911 1741 sed
932 1712 971 1740 ut
992 1718 1076 1755 erga
1097 1713 1130 1741 te
1153 1705 1286 1757 ipsum,

296 1768 345 1805 ita
362 1783 444 1820 erga
464 1768 568 1805 illum
586 1768 733 1804 affectus
751 1775 842 1803 esto:
859 1779 940 1803 nam
960 1764 1024 1814 ait,
1039 1767 1211 1818 Idipsum
1228 1771 1285 1806 in-

299 1833 417 1868 vicem
450 1832 668 1868 sentientes.
701 1827 871 1879 Exempli
902 1841 1006 1864 causa
1025 1843 1032 1862 :
1050 1841 1218 1878 magnum
1254 1839 1286 1868 te

295 1905 368 1929 esse
379 1891 560 1929 existimas
571 1890 588 1927 9
600 1892 775 1940 Magnum
789 1898 822 1926 et
833 1887 936 1924 illum
952 1897 1087 1939 putato.
1101 1889 1285 1928 Humilem

294 1962 327 1990 ct
346 1953 517 2004 exiguum
536 1951 727 2003 suspicaris
756 1949 885 1986 illum?
906 1950 958 1986 De
977 1957 1011 1986 te
1037 1963 1178 2000 quoque
1206 1950 1284 2002 ipso

294 2014 459 2051 eumdem
474 2013 650 2050 calculum
671 2012 775 2055 feras,
796 2019 829 2047 et
851 2009 1125 2060 inaequalitatem
1142 2025 1284 2050 omnem

292 2074 449 2112 elimina.
464 2072 654 2121 Quomodo
675 2080 794 2109 autem
810 2070 849 2108 id
877 2070 964 2107 fiat?
983 2070 1022 2108 Si
1041 2072 1282 2122 arrogantiam

291 2135 450 2187 abjicias.
470 2134 554 2172 Ideo
574 2132 777 2185 subjungit,
792 2134 881 2171 ,Non
897 2132 982 2168 alta
997 2135 1285 2183 sapientes,sed

292 2211 379 2235 cum
395 2197 605 2234 humilibus
624 2197 931 2237 consentientes‚·
946 2193 983 2230 id
999 2203 1063 2241 est,
1076 2195 1115 2231 In
1137 2195 1282 2233 illorum

293 2258 468 2297 vilitatem
482 2256 665 2304 descende,
678 2270 758 2293 cum
775 2256 837 2292 illo
855 2256 1126 2293 circumferaris.
1140 2258 1192 2294 Nc
1204 2266 1281 2295 tan-

294 2329 371 2356 tum
387 2332 468 2356 cum
483 2318 544 2355 illo
554 2317 740 2354 humiliter
756 2316 898 2363 sentias,
912 2316 973 2353 sed
987 2316 1092 2353 etiam
1110 2317 1160 2354 fer
1178 2332 1281 2369 opem

295 2389 329 2417 et
343 2393 488 2417 manum
504 2378 656 2430 porrige,
670 2390 738 2413 non
755 2390 817 2427 per
833 2375 955 2421 alium,
967 2375 1028 2412 sed
1042 2390 1104 2427 per
1116 2376 1281 2429 teipsum,

296 2450 336 2478 ut
355 2450 453 2493 pater
468 2439 543 2476 filio
560 2436 789 2490 prospiciens,
810 2445 850 2472 ut
876 2444 981 2487 caput
1011 2436 1167 2487 corpori3
1186 2437 1282 2487 quod

297 2512 331 2541 et
350 2502 436 2540 alibi
454 2501 515 2549 ait,
534 2501 680 2537 Vinctis
693 2507 735 2536 ut
745 2498 861 2535 simul
877 2498 1047 2535 vinculis
1068 2501 1280 2536 constricti.

298 2563 460 2602 Humiles
481 2570 599 2599 autem
620 2559 679 2597 hic
701 2567 804 2597 vocat
823 2572 891 2596 non
912 2572 969 2595 eos
985 2567 1122 2596 tantum
1137 2560 1199 2610 qui
1218 2560 1285 2597 1111-

299 2625 432 2664 militer
450 2624 619 2669 sentiunt,
631 2621 692 2659 sed
709 2621 798 2658 viles
818 2629 851 2658 et
868 2620 1136 2658 contemtibiles.
1153 2622 1285 2660 Nolite

299 2702 379 2725 esse
391 2686 598 2738 prudentes
615 2682 720 2734 apud
735 2683 988 2732 vosmetipsos
999 2697 1014 2725 ,-
1028 2680 1066 2717 id
1081 2690 1144 2727 est,
1154 2682 1207 2719 Ne
1218 2697 1284 2734 pu-

299 2748 378 2786 tetis
393 2761 456 2785 vos
472 2745 632 2783 sufficere
648 2741 1023 2793 vobismetipsis.Nam
1039 2741 1126 2778 alibi
1144 2757 1284 2794 quoque

300 2808 387 2846 dicit
420 2794 623 2858 Scriptura:
641 2805 704 2841 Vae
733 2803 987 2854 prudentibus
1019 2803 1125 2853 apud
1151 2812 1284 2840 semet-

300 2873 415 2921 ipsos,
435 2877 471 2905 et
502 2870 544 2904 in
571 2865 693 2902 oeulis
713 2866 792 2902 suis
811 2864 1059 2914 sapientibus.
1084 2863 1148 2900 His
1166 2873 1284 2901 autem

300 2943 422 2967 rursus
440 2925 678 2977 arrogantiam
697 2923 880 2975 deprimit,
897 2931 929 2959 et
945 2922 1074 2959 fastum
1087 2932 1283 2962 tumorem-

301 3005 368 3041 que
386 2989 543 3041 depellit.
561 2986 662 3024 Nihil
680 2985 773 3022 enim
794 2985 842 3021 ita
861 2998 880 3021 a
899 2983 1045 3033 reliquis
1081 2994 1222 3022 amovet
1250 2995 1283 3023 et

300 3050 492 3099 abscindit,
515 3057 554 3085 ut
576 3061 657 3085 cum
684 3045 763 3096 quis
784 3053 885 3096 putat
913 3058 948 3081 se
969 3044 1037 3080 sibi
1072 3045 1156 3082 satis
1177 3060 1250 3083 esse
1272 3062 1280 3082 ε

1367 275 1554 307 ARCIIIEP
1563 296 1573 307 .
1612 278 1695 307 CON
1703 278 1948 310 STAN'rlNOP
1957 301 1965 310 .

1375 356 1442 394 Διὰ
1477 361 1578 396 τοῦτο
1594 361 1631 396 οὗ
1663 359 1764 409 μόνον
1797 359 1845 410 μὴ
1868 364 2020 412 φθονεῖν,
2043 362 2132 400 ἀλλὰ
2156 364 2214 400 καὶ
2237 364 2253 401 ὃ
2273 364 2391 414 πολλῷ

1371 417 1475 456 πλέον
1496 419 1568 457 ἐστὶ
1584 426 1764 471 παραινεῖ,
1785 420 1823 458 τὸ
1844 421 1904 459 καὶ
1925 422 2152 468 συνήδεσθαι·
2173 428 2232 461 τοῦ
2252 423 2319 477 γὰρ
2343 423 2391 472 μὴ

1374 482 1506 530 φθονεῖν
1524 484 1624 518 τοῦτο
1643 480 1730 519 πολὺ
1758 482 1874 520 πλέον.
1891 483 1943 520 Τὸ
1961 482 2042 520 αὐτὸ
2061 486 2106 526 εἰς
2125 484 2292 530 ἀλλήλους
2311 499 2392 535 φρο-

1373 543 1506 584 νοῦντες
1522 556 1529 564 ·
1552 541 1600 592 μὴ
1623 541 1666 579 τὰ
1686 542 1804 593 ὑψηλὰ
1824 547 2042 596 φρονοῦντες,
2071 544 2160 582 ἀλλὰ
2179 550 2251 587 τοῖς
2269 559 2394 582 ταπει-

1372 606 1439 644 νοῖς
1457 602 1748 653 συναπαγόμενοι.

1424 846 1566 894 Πολλὴν
1583 848 1689 887 πάλιν
1708 849 1788 900 περὶ
1813 852 1875 896 τῆς
1893 849 2209 900 ταπεινοφροσύνης
2241 855 2393 888 ποιεῖται

1371 908 1433 955 τὴν
1452 911 1618 957 σπουδὴν,
1638 910 1713 949 ὅθεν
1735 910 1794 949 καὶ
1811 910 1938 963 ἤρξατο
1957 914 2016 949 τοῦ
2034 911 2149 962 λόγου.
2170 910 2237 949 Καὶ
2258 911 2325 963 γὰρ
2345 913 2391 948 εἷ-

1370 970 1427 1014 κὸς
1446 965 1487 1017 ἦν
1509 970 1630 1015 αὐτοὺς
1651 971 1869 1024 φρονήματος
1886 971 2029 1021 μεστοὺς
2049 966 2153 1019 εἶναι,
2172 970 2230 1009 καὶ
2246 971 2315 1009 ἀπὸ
2329 973 2391 1016 τῆς

1369 1030 1501 1073 πόλεως
1524 1031 1582 1068 καὶ
1616 1032 1779 1084 ἑτέρωθεν
1799 1031 2036 1083 πολλαχόθεν·
2067 1032 2118 1069 διὸ
2147 1032 2206 1069 καὶ
2238 1034 2390 1083 συνεχῶς

1368 1092 1531 1144 ὑποσύρει
1546 1093 1585 1130 τὸ
1601 1093 1755 1144 νόσημα,
1771 1093 1829 1132 καὶ
1853 1092 2082 1131 καταστέλλει
2096 1092 2159 1140 τὴν
2180 1094 2390 1144 φλεγμονήν.

1368 1153 1479 1190 Οὐδὲν
1495 1153 1562 1205 γὰρ
1593 1154 1698 1198 οὕτως
1733 1154 1913 1206 ἀποσχίζει
1947 1157 2050 1204 σῶμα
2072 1155 2309 1202 Ἐκκλησίας,
2343 1157 2389 1197 ὡς

1367 1215 1560 1257 ἀλαζονεία.
1581 1215 1629 1252 Τι’
1645 1215 1680 1253 δέ
1701 1218 1792 1262 ἐστι,
1808 1216 1861 1254 Τὸ
1878 1215 1959 1253 αὐτὸ
1975 1217 2023 1258 εἷς
2043 1215 2212 1261 ἀλλήλους
2224 1219 2388 1267 φρονοῦν-

1366 1291 1440 1322 're-33
1460 1277 1681 1328 Παρεγένετό
1700 1293 1753 1315 σοι
1781 1281 1799 1314 ὃ
1826 1277 1933 1323 πένης
1962 1279 2008 1320 εἰς
2035 1276 2097 1322 τὴν
2131 1277 2264 1325 οἰκίαν,
2281 1278 2387 1314 Γενοῦ

1365 1339 1442 1375 κατ’
1464 1339 1591 1375 ἐκεῖνον
1614 1341 1663 1389 τῷ
1684 1338 1899 1389 φρονήματι·
1922 1339 1969 1388 μὴ
1995 1338 2133 1386 μείζονα
2156 1339 2266 1390 λοίὸης
2286 1339 2386 1389 ὄγκον

1364 1397 1421 1434 ’διὰ
1437 1399 1494 1435 τὸν
1514 1400 1659 1436 πλοῦτον
1671 1413 1678 1421 ·
1694 1401 1755 1436 οὐκ
1771 1399 1844 1435 ἔστι
1863 1398 2025 1441 πλούσιος
2039 1399 2098 1436 καὶ
2116 1399 2223 1444 πένης
2238 1401 2273 1436 ἐν
2294 1401 2386 1451 Χρι-

1365 1461 1447 1509 στῷ.
1469 1458 1530 1503 Μὴ
1548 1458 1659 1495 τοίνυν
1679 1460 1912 1510 ἐπαισχυνθῇς
1936 1458 1991 1495 διὰ
2021 1459 2083 1505 τὴν
2103 1458 2224 1502 ἔξωθεν
2245 1459 2388 1511 περιδο-

1362 1518 1440 1565 λὴν,
1466 1521 1542 1556 ἀλλ’
1561 1519 1727 1563 ἀπόδεξαι
1757 1519 1813 1557 διὰ
1830 1518 1891 1566 τὴν
1922 1518 2016 1557 ἔνδον
2039 1519 2174 1557 πίστιν·
2199 1520 2312 1571 μηδὲ,
2344 1520 2385 1557 ἂν

1363 1578 1439 1628 ἴδῃς
1464 1583 1654 1617 πενθοῦντα
1665 1610 1675 1628 ,
1696 1580 1830 1624 ἀνάξιον
1846 1580 1947 1618 αὐτὸν
1962 1580 2107 1632 νομίσῃς
2120 1581 2364 1632 παρακαλέσαι
2377 1597 2384 1605 ·

1364 1640 1474 1690 μηδὲ,
1495 1641 1536 1678 ἂν
1557 1642 1630 1692 ἴδῃς
1656 1642 1890 1692 εὐημεροῦντα
1905 1671 1914 1688 ,
1944 1641 2150 1693 ἓρυθριάσῃς
2177 1645 2386 1688 κοινωνῆσαι

1360 1703 1423 1747 τῆς
1437 1703 1562 1748 ἡδονῆς
1578 1701 1636 1739 καὶ
1657 1705 1887 1750 συνησθῆναι,
1908 1704 1984 1740 ἀλλ’
2009 1702 2026 1740 ὃ
2046 1702 2126 1754 περὶ
2142 1706 2287 1740 σεαυτοῦ
2304 1718 2386 1755 φρο-

1360 1769 1446 1810 νεῖς,
1468 1764 1526 1801 καὶ
1548 1762 1628 1814 περὶ
1653 1764 1782 1801 ἐκείνου
1801 1768 1814 1784 ³
1827 1763 1996 1815 φρόνησον
2011 1779 2018 1786 ·
2038 1764 2090 1801 Τὸ
2109 1764 2176 1817 γὰρ
2197 1762 2279 1801 αὐτὸ
2296 1779 2384 1816 φρο-

1359 1828 1513 1872 νοῦντες,
1536 1825 1655 1877 φησὶν,
1673 1827 1719 1868 εἷς
1749 1826 1928 1871 ἀλλήλους.
1949 1820 2048 1869 Οἷον,
2067 1826 2175 1877 μέγαν
2190 1825 2313 1863 σαυτὸν
2337 1819 2384 1863 εἶ-

1358 1902 1415 1923 ναι
1432 1886 1580 1936 νομίζεις
1595 1904 1603 1933 ;
1626 1889 1762 1925 Οὐκοῦν
1778 1886 1836 1924 καὶ
1854 1889 1980 1924 ἐκεῖνον
1998 1886 2126 1936 νόμιζε.
2138 1886 2312 1924 Ταπεινὸν
2324 1886 2382 1924 καὶ

1359 1947 1481 1998 μικρὸν
1502 1942 1588 1985 εἶναι
1604 1947 1807 1991 ὑποπτεύεις
1818 1949 1965 1994 ἐκεῖνον;
1984 1949 2118 1987 Οὐκοῦν
2133 1947 2193 1985 καὶ
2209 1947 2289 1999 περὶ
2304 1963 2383 1985 σαυ-

1355 2013 1415 2046 τοῦ
1432 2012 1532 2046 τοῦτο
1553 2008 1702 2061 ψηφίζου
1716 2038 1725 2056 ,
1755 2008 1815 2046 καὶ
1850 2014 1965 2045 πᾶσαν
2005 2008 2207 2058 ἀνωμαλίαν
2241 2008 2381 2046 ἔκὸαλε.

1354 2070 1438 2111 Πῶς
1458 2071 1487 2107 δ’
1510 2070 1549 2107 ἂν
1572 2070 1705 2120 γένοιτο
1725 2073 1844 2116 τοῦτο,
1860 2069 1920 2107 Ἂν
1941 2069 2004 2116 τὴν
2023 2069 2189 2108 ἀπόνοιαν
2208 2069 2381 2114 ἐκὸάλοις.

1354 2129 1417 2167 Διὸ
1437 2130 1495 2167 καὶ
1517 2130 1694 2182 ἐπήγαγε·
1724 2129 1785 2176 Μὴ
1818 2130 1861 2168 τὰ
1897 2129 2014 2182 ὑψηλὰ
2050 2135 2268 2182 φρονοῦντες,
2291 2131 2382 2169 ἀλλὰ

1353 2198 1423 2234 τοῖς
1435 2197 1609 2234 ταπεινοῖς
1630 2191 1906 2243 συναπαγόμενοι
1922 2207 1929 2214 ·
1947 2191 2135 2239 τουτέστιν,
2146 2194 2193 2235 εἰς
2207 2191 2269 2238 τὴν
2288 2191 2381 2230 ἐκεί-

1353 2268 1419 2289 νων
1432 2253 1606 2290 εὐτέλειαν
1617 2252 1809 2299 aurate-qm,
1827 2255 2098 2304 συμπεριφέρου,
2111 2252 2378 2305 συμπεριέρχου.

1912 2312 2180 2359 Ι’συν-ταπεινοῦ,
2202 2313 2291 2351 ἀλλὰ
2321 2314 2380 2350 καὶ

1355 2313 1417 2358 Μὴ
1450 2314 1569 2356 ἁπλῶς
1608 2316 1658 2364 τῷ
1690 2314 1887 2364 φρονήματι

1359 2373 1476 2424 βοήθει
1502 2374 1561 2410 καὶ
1580 2380 1683 2425 χεῖρα
1713 2373 1853 2425 ὀρέγου,
1883 2372 1930 2423 μὴ
1957 2373 1999 2409 δι’
2023 2373 2162 2423 ἑτέρου,
2196 2372 2286 2410 ἀλλὰ
2323 2372 2379 2410 διὰ

1358 2439 1485 2471 σαυτοῦ
1512 2436 1557 2476 ὡς
1577 2432 1695 2485 πατὴρ
1710 2433 1832 2475 παιδος
1852 2434 2020 2484 προνοῶν,
2040 2435 2086 2475 ὣς
2103 2432 2236 2484 κεφαλὴ
2258 2432 2379 2483 σώμα-

1357 2509 1413 2537 τος
1430 2510 1437 2517 ·
1458 2494 1542 2545 ὅπερ
1560 2494 1618 2531 καὶ
1639 2496 1794 2544 ἀλλαχοῦ
1819 2509 1919 2545 φησι,
1951 2494 2035 2535 Τοῖς
2056 2493 2210 2542 δεσμίοις
2229 2496 2274 2536 ὡς
2294 2509 2380 2530 συν-

1359 2555 1545 2605 δεδεμένοι.
1571 2553 1768 2597 Ταπεινοὺς
1802 2554 1838 2591 δὲ
1873 2555 2016 2591 ἐνταῦθα
2051 2555 2114 2604 οὐχ
2149 2555 2268 2597 ἁπλῶς
2302 2554 2407 2598 ‘robe'

1357 2616 1627 2669 ταπεινόφρονας
1657 2631 1777 2667 φησιν,
1799 2614 1888 2653 ἀλλὰ
1919 2614 1996 2657 τοὺς
2028 2614 2207 2658 ταπεινοὺς
2238 2615 2297 2653 καὶ
2322 2618 2381 2653 εὖ*

1358 2677 1650 2731 καταφρονήτους.
1683 2676 1744 2723 Μὴ
1776 2676 1912 2726 γίνεσθε
1942 2676 2204 2727 φρόνιμοι-παρ’
2224 2678 2379 2720 ἑαυτοῖς’

1357 2739 1533 2787 τουτέστι,
1554 2738 1602 2789 μὴ
1632 2738 1786 2788 νομίζετε
1814 2739 1931 2791 ἀρκεῖν
1953 2739 2098 2781 ἑαυτοῖς.
2125 2737 2195 2775 Καὶ
2214 2737 2280 2788 γὰρ
2314 2740 2380 2776 ἀλ-

1356 2804 1468 2853 λαχοῦ
1492 2816 1596 2853 φησιν
1615 2805 1636 2847 ἡ
1664 2800 1810 2851 Γραφή·
1842 2799 1932 2838 Οὐαὶ
1964 2802 1996 2837 οἱ
2021 2799 2153 2837 συνετοὶ
2183 2801 2267 2849 παρ’
2295 2801 2379 2836 ἑαυ-

1356 2869 1443 2910 τοῖς,
1464 2862 1522 2900 zat
1541 2860 1686 2899 ἐνώπιον
1707 2863 1836 2898 ἑαυτῶν
1863 2859 2105 2910 ἐπιστήμονες.
2123 2859 2194 2897 Καὶ
2216 2859 2272 2897 διὰ
2295 2859 2379 2898 τού-

1356 2939 1424 2961 των
1459 2923 1495 2961 δὲ
1529 2922 1633 2960 πάλιν
1662 2920 1724 2966 τὴν
1756 2920 1919 2959 ἀπόνοιαν
1941 2920 2142 2972 ὑπορύττει,
2167 2920 2226 2958 καὶ
2247 2920 2286 2958 τὸ
2314 2920 2376 2971 φύ-

1356 3000 1453 3036 σημα
1491 2983 1551 3022 καὶ
1585 2983 1647 3029 τὴν
1674 2981 1868 3034 φλεγμονὴν
1906 2981 2147 3019 καταστέλλει.
2175 2980 2283 3018 Οὐδὲν
2308 2980 2376 3032 γὰρ

1354 3046 1463 3088 οὕτως
1486 3050 1500 3066 ⁰
1514 3043 1657 3094 ἀπαίρει
1674 3042 1733 3080 καὶ
1750 3042 1933 3093 ἀποσχίζει
1953 3045 2020 3079 τῶν
2036 3044 2183 3089 λοιπῶν,
2205 3044 2249 3085 ὡς
2264 3042 2303 3080 τὸ
2316 3057 2375 3079 νο-

300 3112 449 3162 ideoque
473 3123 535 3147 nos
561 3109 656 3145 Deus
681 3106 729 3143 ita
748 3104 955 3152 constituit,
983 3113 1021 3141 ut
1049 3105 1138 3142 alter
1171 3106 1280 3144 altero
1304 3116 1328 3146 E
1355 3105 1464 3156 μίζειν
1485 3104 1562 3142 τινὰ
1579 3107 1695 3155 ἀρκεῖν
1714 3106 1846 3154 ἑαυτῷ·
1865 3103 1916 3140 διὸ
1936 3102 1995 3140 καὶ
2023 3105 2057 3140 ἐν
2084 3102 2184 3154 χρεία
2214 3102 2374 3148 ἀλλήλων

300 3186 388 3223 opus
408 3171 628 3208 haberemus.
650 3166 801 3205 Etiamsi
818 3165 914 3203 enim
940 3164 1096 3216 prudens
1115 3165 1184 3214 sis,
1209 3167 1279 3205 alio

299 3246 388 3284 opus
405 3232 553 3270 habebis
565 3247 571 3266 τ
583 3229 612 3268 51
627 3239 660 3266 te
679 3242 747 3266 non
774 3241 862 3279 opus
878 3227 1006 3264 habere
1028 3236 1142 3278 putes,
1160 3228 1278 3265 0111111-

342 3382 355 3396 2
381 3376 530 3414 φρόνησον.
548 3368 625 3398 Haec
641 3377 722 3405 vox,
743 3376 812 3409 quae
829 3365 863 3398 iu
880 3363 987 3397 Editis
1004 3365 1050 3407 [et
1066 3364 1117 3406 [1.]
1131 3363 1301 3397 desidera-

299 3430 362 3462 tur,
379 3423 411 3453 iu
427 3420 504 3451 Mss.
520 3417 671 3449 habetur.

1352 3166 1566 3212 κατέστησεν
1580 3169 1673 3215 ἡμᾶς
1694 3167 1710 3202 ὁ
1729 3163 1826 3207 Θεός,
1848 3164 1922 3203 Κᾶν
1937 3163 2004 3216 γὰρ
2028 3163 2190 3216 φρόνιμος
2220 3167 2281 3215 ᾗς,
2304 3163 2375 3202 ἑτέ-

1354 3243 1411 3280 ρου
1451 3227 1576 3277 δεήσῃ·
1597 3226 1637 3263 ἂν
1665 3224 1700 3263 δὲ
1726 3224 1870 3277 νομίσῃς
1901 3224 1948 3275 μὴ
1982 3225 2129 3274 δεῖσθαι,
2151 3223 2373 3276 ἀνοητότερος

1413 3365 1428 3387 1)
1454 3364 1617 3404 [ταπεινοῦ
1631 3361 1667 3391 Α.
1684 3368 1717 3392 ΕΙ,
1732 3371 1837 3403 Inat'g.
1853 3358 1970 3401 SaVll.]

1412 3425 1424 3439 c
1449 3416 1459 3456 [
1476 3419 1589 3459 ἐπαίρει
1606 3412 1735 3456 ildem.]
