2502 3810
713 219 757 248 IN
794 217 933 247 EI‘IST.

67 295 152 347 ἦσαν
170 300 254 344 ἄξιοι
272 301 400 338 δοῦναι.
417 299 554 351 (Ὠσπερ
573 293 629 337 οὖν
647 299 807 350 ἀνωτέρω
826 298 921 350 ἔλεγε
935 327 944 344 ,
966 296 1082 348 Χωρίς

64 360 130 412 γὰρ
155 361 260 410 νόμου
282 360 436 411 ἁμαρτία
456 360 575 413 νεκροί·
596 362 634 398 οὐ
669 365 767 398 τοῦτο
790 361 916 406 δηλῶν,
939 357 992 396 ὅτι
1021 358 1081 395 οὐκ

64 421 189 471 ᾔδεσαν
210 421 482 471 ἁμαρτάνοντες,
498 422 574 458 ἀλλ’
592 419 647 458 ὅτι
662 420 788 467 ᾔδεσαν
809 419 884 469 μὲν,
909 420 974 469 οὐχ
992 418 1080 455 οὕτω

65 479 100 518 δὲ
116 479 267 531 ἄκριὸῶς
279 495 286 503 ·
308 479 425 531 διόπερ
446 479 646 523 ἐκολάζοντο
664 480 741 530 μὲν,
763 481 827 531 οὐχ
839 478 928 517 οὕτω
946 478 981 515 δὲ
999 494 1080 529 σφο-

63 541 172 591 δρῶς·
198 540 256 577 καὶ
277 539 394 587 πάλιν,
416 539 491 586 Τὴν
523 540 706 590 ἐπιθυμίαν
726 542 786 577 οὐκ
813 539 922 590 ᾔδειν,
949 540 985 576 οὔ
1016 538 1078 585 τὴν

62 599 206 637 καθόλου
224 599 364 650 ἄγνοιαν
385 600 510 645 δηλῶν,
525 599 620 648 ,ἀλλὰ
638 599 700 645 τὴν
717 599 936 650 σαφεστάτην
953 601 1079 648 γνῶσιν

63 659 238 710 ἐμφαίνων
251 675 258 682 ·
275 659 372 710 ἔλεγε
393 659 446 707 δὲ,
461 659 514 698 ὅτι
534 659 796 711 Κατειργάσατο
810 661 844 697 ἐν
860 659 936 710 ἐμοὶ
963 665 1078 697 πᾶσαν

62 718 260 769 ἐπιθυμίαν,
276 722 313 756 οὐ
331 723 432 756 τοῦτο
447 719 569 769 λέγων,
590 720 642 757 ὅτι
673 724 694 766 ἡ
731 719 851 766 ἐντολὴ
882 719 944 765 τὴν
965 721 1080 757 ἐπιθυ·

63 778 146 828 μίαν
163 780 334 827 ἐποίησεν,
355 781 430 816 ἀλλ’
445 779 498 818 ὅτι
522 779 585 825 τὴν
606 779 762 817 ἐπίτασιν
777 782 839 824 τῆς
858 777 1040 828 ἐπιθυμίας
1059 781 1081 824 ἡ

65 839 221 890 ἁμαρτία
243 839 300 877 διὰ
323 843 385 885 τῆς
405 841 543 885 ἐντολῆς
575 838 802 889 ἐπεισήγαγεν
815 854 822 861 ·
845 838 934 876 οὕτω
951 838 1010 875 καὶ
1029 839 1082 874 ἐν-

66 903 173 937 ταῦθα
195 902 232 938 οὐ
251 900 313 946 τὴν
331 900 475 938 καθόλου
497 899 635 950 ἄγνοιαν
656 900 770 946 δηλοῖ,
794 898 920 949 λέγων,
941 897 991 935 gxO
1015 897 1082 948 γὰρ

64 960 340 1012 κατεργάζομαι,
371 962 407 998 οὐ
437 959 615 1011 γινώσκω·
637 960 711 997 ἐπεὶ
741 962 814 1001 πῶς
849 958 1012 1020 συντὲδετο
1032 960 1082 1009 τῷ

65 1021 161 1071 νόμῳ
176 1026 235 1058 τοῦ
252 1023 344 1058 Θεοῦ
355 1019 445 1057 κατὰ
457 1019 513 1056 τὸν
536 1018 603 1056 ἔσω
624 1019 801 1070 ἄνθρωπον
813 1033 824 1066 3
841 1018 888 1056 Τί
903 1022 959 1056 οὖν
976 1020 1082 1065 ἐστιν,

65 1081 119 1117 Οὐ
139 1079 318 1128 γινώσκω,
338 1080 553 1129 Σκοτοῦμαι,
577 1079 677 1129 φησὶ,
699 1078 979 1129 συναρπάζομαι,
1000 1077 1083 1123 ἐπή-

68 1155 159 1191 ρειαν
176 1140 359 1189 ὑπομένω,
379 1142 439 1177 οὐκ
468 1134 543 1177 οῖδα
574 1141 648 1182 πῶς
680 1137 970 1188 ὑποσκελίζομαι·
999 1136 1083 1187 ὅπερ

64 1199 124 1236 καὶ
142 1203 242 1249 ἡμεῖς
261 1198 430 1250 εἰώθαμεν
451 1199 578 1250 λέγειν,
600 1200 661 1237 οὐκ
682 1192 758 1235 οἶδα
779 1200 853 1242 πῶς
868 1201 886 1236 ὃ
907 1199 1000 1236 δεῖνα
1021 1199 1082 1236 ἐλ-

65 1258 132 1297 θὼν
156 1259 387 1310 συνήρπασεν,
419 1262 481 1297 οὐκ
511 1259 649 1310 ἄγνοιαν
674 1258 971 1310 προὸαλλόμενοι,
993 1257 1083 1296 ἀλλὰ

64 1319 200 1364 ἀπάτην
220 1319 297 1356 τινὰ
315 1320 374 1357 καὶ
390 1319 591 1370 περίστασιν
611 1319 670 1356 καὶ
690 1317 877 1365 ἐπιδουλὴν
896 1318 1083 1370 ἐμφαίνον-

64 1394 130 1422 τες.
152 1381 204 1417 Οὐ
225 1379 292 1431 γὰρ
318 1380 335 1418 ὃ
368 1380 472 1427 θέλω,
492 1383 593 1418 τοῦτο
620 1380 789 1430 πράσσω,
815 1381 891 1417 ἀλλ’
920 1380 937 1418 ὃ
968 1381 1080 1429 μισῶ,

64 1443 161 1477 τοῦτο
177 1443 278 1478 ποιῶ.
304 1441 388 1483 Πῶς
406 1434 462 1477 οἶν
482 1441 519 1476 οὐ
539 1438 736 1491 γινώσκεις,
757 1439 774 1477 ὃ
802 1439 1018 1490 κατεργάζῃ,
1037 1440 1081 1477 Εἰ

62 1499 130 1551 γὰρ
157 1501 263 1543 θέλεις
287 1500 326 1538 τὸ
346 1501 464 1548 καλὸν,
480 1500 538 1538 καὶ
557 1505 668 1551 μισεῖς
683 1501 722 1538 τὸ
741 1501 902 1551 πονηρὸν,
921 1499 1080 1551 γνώσεως

64 1565 164 1599 τοῦτο
181 1560 441 1614 ἀπηρτισμένης
459 1560 562 1599 ἐστίν.
586 1560 693 1598 “Oosv
712 1561 826 1607 δῆλον,
847 1560 898 1598 ὅτι
919 1560 978 1598 καὶ
995 1565 1007 1581 ³
1021 1559 1078 1607 τὸ,

64 1620 114 1657 '³0
132 1623 168 1657 οὐ
199 1621 306 1667 θέλω,
326 1620 476 1672 εἴρηκεν,
502 1621 579 1672 οὐχὶ
605 1621 644 1658 τὸ
672 1621 884 1665 αὐτεξούσιον
915 1623 1077 1673 ἀναιρῶν,

64 1681 141 1718 οὐδὲ
161 1682 314 1732 ἀνάγκην
332 1682 408 1720 τινὰ
431 1681 577 1733 εἰσάγων
599 1681 844 1732 Γεὸιασμένην.
866 1683 910 1719 Εἰ
931 1681 998 1732 γὰρ
1018 1684 1080 1733 οὐχ

67 1742 220 1788 ἑκόντες,
237 1744 312 1780 ἀλλ’
336 1741 607 1792 ἀναγκαζόμενοι
632 1742 888 1792 ἁμαρτάνομεν,
905 1741 1008 1779 πάλιν
1036 1741 1080 1779 τὰ

65 1802 132 1836 τῶν
155 1801 330 1838 κολάσεων
363 1805 430 1839 τῶν
458 1801 650 1853 ἔμπροσθεν
679 1801 915 1852 γεγενημένων
947 1804 1008 1839 οὐκ
1040 1801 1078 1839 ἂν

65 1861 139 1912 ἔχοι
171 1860 282 1912 λόγον.
315 1863 405 1899 Ἀλλ’
437 1861 575 1913 ὥσπερ,
595 1864 647 1899 Οὐ
676 1861 854 1913 γινώσκω,
877 1862 1000 1912 λέγων,
1020 1864 1080 1899 οὐκ

65 1921 203 1971 ἄγνοιαν
229 1922 401 1973 ἐνέφηνεν,
429 1923 503 1960 ἀλλ’
538 1923 626 1973 ἅπερ
652 1922 861 1975 εἰρήκαμεν·
895 1921 986 1960 οὕτω
1022 1922 1080 1960 καὶ

64 1981 120 2028 τὸ,
140 1981 189 2019 ’Ὃ
217 1984 253 2020 οὗ
274 1983 381 2029 θέλω,
402 1983 582 2034 προσθεὶς,
612 1984 672 2021 οὐκ
708 1983 860 2034 ἀνάγκην
896 1984 1079 2031 ἐδήλωσεν,

63 2042 154 2080 ἀλλὰ
175 2042 211 2079 τὸ
237 2042 283 2092 μὴ
314 2045 463 2080 ἐπαινεῖν
484 2043 526 2081 τὰ
541 2043 725 2094 γινόμενα·
749 2044 824 2081 ἐπεὶ
849 2046 878 2081 εἰ
913 2043 960 2093 μὴ
981 2049 1080 2082 τοῦτο

64 2097 105 2148 ἦν
126 2102 283 2147 δηλώσας
309 2105 358 2154 τῷ
381 2105 501 2150 εἰπεῖν,
521 2103 570 2141 ιῸ
595 2105 631 2141 οὖ
655 2104 763 2150 θέλω,
782 2108 882 2142 τοῦτο
913 2104 1078 2156 πράσσω,

64 2165 137 2204 πῶς
162 2163 223 2199 οὐκ
241 2162 427 2212 ἐπήγαγεν,
460 2162 539 2200 ἀλλ’
569 2163 587 2201 ὃ
613 2163 852 2214 ἀναγκάζομαι
878 2164 938 2201 καὶ
961 2164 1079 2215 βιάζο-

63 2237 148 2270 μαι,
168 2225 267 2259 τοῧτο
283 2224 389 2269 ποιῶ,
405 2227 503 2260 τοῦτο
519 2221 586 2273 γὰρ
601 2225 650 2273 τῷ
671 2223 778 2260 θέλειν
798 2224 855 2261 καὶ
880 2227 922 2276 τῇ
943 2223 1079 2277 ἐξουσίᾳ

356 2282 419 2295 tax

62 2280 263 2318 ἀντίκειται,
282 2283 368 2319 Νυνι
388 2294 422 2319 οε
440 2284 476 2320 οὗ
495 2286 596 2320 τοῦτο
622 2283 772 2334 εἴρηκεν,
799 2285 874 2322 ἀλλ’
901 2285 976 2322 ἀντὶ
995 2285 1077 2323 τού-

62 2356 121 2378 του
138 2341 193 2387 τὸ,
223 2340 271 2380 Ὃ
289 2345 380 2391 μισῶ
394 2372 403 2389 ,
429 2343 593 2388 τέθεικεν,
607 2343 662 2381 ἵνα
679 2344 792 2396 μάθῃς
809 2347 855 2388 ὡς
874 2344 933 2382 καὶ
963 2347 997 2382 ἐν
1028 2347 1077 2397 τῷ

63 2403 182 2446 εἰπεῖν,
207 2402 255 2440 “‘O
276 2405 312 2441 οὐ
334 2403 439 2450 θέλω,
459 2405 495 2441 οὒ
528 2403 590 2450 τὴν
609 2403 761 2448 ἐξουσίαν
786 2407 911 2443 ἀνεῖλε.
948 2405 995 2444 Τί
1020 2400 1076 2444 οὖν

64 2463 137 2498 ἐστι
159 2462 217 2506 τὸ,
245 2462 294 2500 “Ὸ
317 2465 354 2500 οὗ
374 2463 477 2510 θέλω;
493 2464 542 2502 ζῸ
564 2463 611 2514 μὴ
633 2467 787 2514 ἐπαινῶ,
805 2466 822 2504 ὃ
842 2465 890 2516 μὴ
912 2467 1078 2518 ἀποδέχο-

66 2537 148 2570 μαι,
171 2522 188 2560 ὃ
205 2522 252 2572 μὴ
271 2524 359 2573 φιλῶ
372 2539 380 2545 ·
399 2518 436 2561 οῧ
458 2524 543 2576 πρὸς
562 2525 825 2573 ἀντιδιαστολὴν
852 2527 910 2564 καὶ
936 2527 979 2565 τὰ
1001 2527 1078 2573 ἑξῆς

64 2582 237 2634 ἐπήγαγεν
259 2583 376 2630 εἰπὼν,
398 2584 488 2621 Ἀλλ’
507 2585 524 2622 ὃ
544 2589 655 2635 μισῶ,
679 2590 779 2625 τοῦτο
809 2590 912 2625 ποιῶ.
937 2589 981 2626 Εἰ
1007 2587 1041 2627 δὲ
1061 2589 1078 2626 ὂ

64 2644 100 2678 οὐ
118 2642 205 2679 θέλω
219 2672 228 2690 ,
244 2648 343 2682 τοῦτο
358 2647 462 2692 ποιῶ,
479 2644 640 2697 σύμφημι
660 2649 709 2698 τῷ
724 2646 821 2699 νόμῳ
836 2647 889 2686 ὅτι
904 2647 1022 2690 καλός.

121 3132 226 3186 Ὁρᾷς
252 3135 336 3178 τέως
356 3136 416 3183 τὴν
434 3137 581 3176 διάνοιαν
600 3140 636 3176 οὐ
659 3140 922 3193 διεφθαρμένην,
940 3141 1028 3179 ἀλλὰ
1044 3143 1078 3179 ἐν

67 3196 110 3243 τῇ
130 3195 249 3246 πράξει
267 3197 327 3244 τὴν
350 3197 478 3236 οἰκείαν
496 3200 721 3252 δια-τηροῦσαν
742 3201 928 3252 εὐγένειαν,
950 3203 994 3240 Εἰ
1013 3201 1079 3254 γὰρ

114 3333 125 3346 ⁸
150 3321 262 3355 floret.
285 3328 333 3362 τὸ,
353 3328 384 3357 o)
400 3327 490 3367 θέλω,
510 3333 542 3358 ct
557 3325 602 3358 sie
621 3327 703 3359 infra
722 3335 781 3369 ter,
799 3328 883 3360 male

257 3379 349 3404 Tou.
386 3381 436 3403 ix.

974 215 1032 244 AD
1067 214 1175 244 ROM.

2043 196 2136 243 (315

1158 295 1390 346 apostolicum
1419 309 1564 347 scopum
1589 294 1831 346 respiciamus,
1856 293 2039 331 innumera
2069 295 2135 331 ab·

1155 355 1264 392 surda
1283 364 1474 406 sequutura
1493 355 1591 393 sint?
1617 355 1656 392 Si
1675 355 1768 392 enim
1788 355 1986 405 ignorantes
2010 368 2135 406 pecca-

1156 415 1254 465 bant,
1280 430 1342 453 nec
1368 431 1488 468 poenas
1521 416 1605 454 dare
1634 416 1822 454 debebant.
1860 417 1910 453 Ut
1937 415 2048 467 igitur
2073 416 2135 455 ille

1155 478 1316 529 superins
1328 478 1467 516 dicebat
1484 495 1491 515 ε
1507 479 1595 517 Sine
1609 479 1691 530 lege
1706 481 1806 516 enim
1818 487 2020 529 peccatum
2036 492 2134 515 mor-

1104 549 1128 579 C
1155 546 1262 575 tuum
1282 548 1337 576 est
1349 555 1364 583 ,·
1381 553 1449 576 non
1465 539 1532 577 hoc
1548 539 1745 589 declarans,
1765 538 1861 589 quod
1875 539 1929 576 illi
1942 539 2134 577 nescientes

1152 606 1350 647 peccarent,
1380 598 1442 635 scd
1460 598 1556 648 quod
1575 598 1703 636 scirent
1724 598 1883 649 quidem,
1910 608 1946 636 at
1967 613 2036 637 non
2061 608 2132 636 tam

1152 666 1312 694 accurate
1332 673 1339 693 :
1357 657 1506 708 ideoque
1529 658 1768 710 puniebantur
1797 659 1954 708 quidem,
1982 659 2042 697 sed
2064 672 2133 697 non

1154 724 1224 753 tam
1242 717 1367 755 acerbe
1382 733 1390 755 ε
1405 731 1446 754 ac
1460 731 1616 766 rursum,
1637 719 1995 769 Concupiscentiam
2016 722 2135 756 nesci-

1156 779 1307 821 vissem,·
1323 791 1393 814 non
1410 777 1651 815 omnimodam
1664 778 1899 828 ignorantiam
1916 779 2133 830 significans,

1154 835 1214 872 sed
1234 837 1468 874 clarissimam
1488 838 1724 888 cognitionem
1744 852 1812 876 non
1838 839 1992 877 adfuisse
2018 841 2133 878 deno-

1153 903 1229 932 tans
1246 911 1253 931 :
1269 895 1450 947 dixitque,
1472 899 1641 948 Operam
1660 906 1716 934 esc
1735 900 1776 934 in
1792 912 1850 935 me
1871 913 2021 937 omnem
2039 915 2132 938 con-

1153 959 1431 1008 cupiscentiam
1442 975 1458 1003 ;
1488 972 1558 996 non
1583 959 1650 996 hoc
1669 973 1787 1008 sensu,
1810 961 1906 1010 quod
1926 963 2136 1001 mandatnm

1154 1018 1475 1068 concupiscentiam
1493 1018 1669 1068 effecerit,
1696 1018 1758 1056 sed
1787 1019 1883 1068 quod
1907 1032 2134 1072 augmentum

1154 1076 1443 1128 concupiscentiae
1463 1086 1646 1129 peccatum
1670 1092 1733 1129 per
1750 1079 1959 1117 mandatum
1978 1081 2135 1119 induxe—

1154 1135 1200 1172 rit
1216 1151 1224 1171 :
1240 1136 1289 1174 ita
1320 1146 1354 1174 et
1382 1136 1441 1174 bic
1461 1151 1530 1175 non
1552 1138 1795 1176 omnimodam
1815 1139 2052 1190 ignorantiam
2082 1142 2134 1178 si·-

1154 1195 1298 1245 gnificat
1317 1197 1437 1235 dicens
1456 1213 1463 1233 :
1485 1199 1598 1248 Quod
1625 1201 1728 1236 enim
1758 1213 1893 1250 operor
1913 1215 1990 1238 non
2020 1203 2134 1239 intel-

1155 1256 1233 1307 ligo
1251 1272 1261 1292 .-
1297 1257 1473 1307 quomodo
1489 1258 1584 1296 enim
1605 1258 1642 1296 in
1668 1259 1744 1310 lege
1771 1261 1917 1298 Domini
1947 1261 2015 1299 sibi
2035 1276 2133 1299 com-

1153 1317 1305 1368 placeret
1338 1319 1532 1358 secundum
1566 1320 1768 1359 interiorem
1796 1322 2004 1360 hominem?
2036 1324 2137 1370 Quid

1153 1392 1236 1429 ergo
1254 1380 1443 1430 significat,
1462 1382 1553 1418 Non
1579 1382 1758 1433 intelligo
1771 1386 1787 1419 P
1808 1383 1849 1420 In
1871 1384 2025 1421 tenebris
2042 1399 2134 1433 sum,

1153 1440 1284 1492 inquit,
1317 1443 1491 1494 abripior,
1521 1442 1693 1481 damnum
1711 1445 1880 1493 sustineo,
1912 1447 2028 1485 nescio
2047 1462 2136 1498 quo-

1152 1504 1257 1542 modo
1284 1506 1507 1556 supplantor.
1532 1506 1640 1552 Quod
1665 1516 1699 1544 et
1726 1521 1788 1545 nos
1807 1508 1925 1547 dicere
1951 1511 2103 1549 solemus
2123 1527 2130 1547 ι

1152 1565 1277 1603 Nescio
1298 1566 1476 1615 quomodo
1495 1566 1556 1604 ille
1575 1568 1716 1606 veniens
1736 1569 1928 1621 surripuit5
1950 1585 2019 1609 non
2035 1572 2136 1622 igno-

1151 1626 1303 1663 rantiam
1328 1626 1547 1678 profitentes,
1574 1628 1635 1666 sed
1653 1628 1815 1666 fraudem
1838 1631 2043 1681 quamdam,
2066 1633 2135 1670 cir·

1153 1687 1434 1724 cumventionem
1453 1687 1650 1725 erinsidias
1670 1687 1899 1727 declarantes.
1923 1693 2013 1728 Non
2031 1695 2135 1730 enim

1154 1749 1258 1798 quocl
1278 1747 1384 1797 volo,
1401 1749 1574 1800 idjaciO,
1592 1749 1660 1785 secl
1674 1750 1779 1800 quod
1793 1751 1868 1797 odi,
1878 1752 2009 1802 facio.
2034 1753 2131 1798 Quo-

1153 1807 1258 1845 modo
1277 1822 1359 1859 ergo
1381 1822 1449 1845 non
1469 1808 1560 1845 nosti
1580 1808 1617 1846 id
1644 1809 1743 1858 quod
1760 1810 1869 1848 facis?
1889 1810 1928 1849 Si
1954 1812 2048 1849 enim
2069 1812 2131 1851 bo-

1153 1883 1239 1907 num
1256 1871 1403 1922 expetis,
1424 1871 1454 1908 si
1473 1872 1608 1908 malum
1628 1871 1748 1922 odisti,
1773 1873 1809 1910 id
1828 1875 1990 1925 perfectae
2012 1876 2132 1925 cogni-

1152 1930 1258 1968 tionis
1275 1940 1339 1969 est.
1358 1930 1464 1968 Unde
1488 1930 1600 1980 liquet
1622 1931 1725 1968 illum
1754 1932 1821 1970 hoc
1842 1932 1992 1981 dixisse,
2017 1936 2129 1984 Quod

1155 1991 1265 2037 nolo,
1305 2004 1374 2028 non
1410 1990 1561 2028 liberum
1600 1992 1789 2029 arbitrium
1828 1993 1974 2044 tollens,
2019 2009 2132 2045 neque

1152 2051 1391 2088 necessitatem
1435 2050 1624 2100 quamdam
1673 2062 1706 2090 et
1750 2053 1826 2091 vim
1866 2054 2050 2094 inducens.
2092 2056 2132 2094 Si

1151 2111 1245 2149 enim
1264 2125 1333 2149 non
1361 2120 1498 2162 sponte,
1519 2111 1580 2148 sed
1615 2126 1660 2149 ex
1686 2113 1891 2152 necessitate
1915 2130 2100 2166 peccamus
2120 2147 2129 2161 ‚

1151 2180 1242 2208 certe
1269 2171 1443 2223 supplicia
1473 2185 1538 2222 pro
1565 2171 1667 2209 factis
1696 2172 1794 2210 illata
1827 2187 1896 2211 non
1918 2176 2053 2213 ratione
2076 2177 2135 2214 ni-

1151 2239 1286 2269 tuntur.
1310 2231 1380 2270 Sed
1395 2232 1486 2270 sicut
1505 2246 1586 2269 cum
1603 2232 1712 2279 dixit,
1735 2235 1825 2271 Non
1845 2237 2035 2288 intelligo,
2062 2228 2132 2275 noi1

1150 2291 1387 2341 ignorantiam
1405 2292 1633 2343 significavit,
1652 2292 1714 2330 sed
1732 2292 1772 2330 id
1790 2294 1886 2344 quod
1905 2295 2130 2336 dicebamus:

1150 2352 1201 2389 sic
1217 2352 1310 2390 illud
1328 2352 1509 2400 additum,
1544 2354 1656 2402 Quod
1676 2354 1779 2400 nolo,
1802 2368 1872 2392 non
1892 2357 2132 2397 necessitatem

1089 2449 1135 2474 559
1148 2410 1305 2462 denotat,
1341 2412 1401 2449 sed
1425 2411 1522 2462 quod
1551 2412 1643 2450 facta
1674 2426 1743 2450 non
1768 2414 1899 2453 landet.
1933 2416 2010 2455 Nisi
2038 2419 2132 2456 enim

1102 2486 1128 2515 Α
1149 2472 1215 2510 hoc
1233 2473 1303 2511 sibi
1320 2473 1427 2512 vellet
1446 2486 1526 2510 cum
1545 2472 1645 2522 dicit,
1674 2474 1788 2523 Quod
1808 2477 1897 2513 nolo
1919 2478 2043 2529 facio,
2066 2493 2130 2516 cur

1150 2545 1219 2570 non
1237 2532 1397 2582 addidit,
1418 2532 1489 2571 Sed
1514 2546 1559 2570 ex
1583 2533 1786 2571 necessitate
1805 2548 1921 2586 cogor,
1944 2546 1977 2574 ct
2000 2538 2038 2576 vi
2063 2539 2129 2576 hoc

1149 2593 1267 2631 facio?
1294 2594 1362 2631 hoc
1383 2592 1476 2630 enim
1493 2593 1666 2631 voluntati
1693 2602 1725 2630 et
1744 2596 1908 2645 potestati
1927 2599 2127 2649 oppositum

1151 2665 1214 2693 est.
1245 2656 1348 2693 Nunc
1371 2662 1488 2691 autem
1511 2653 1579 2690 hoc
1604 2666 1675 2691 non
1702 2653 1803 2702 dicit,
1829 2655 1890 2692 sed
1916 2656 2023 2708 hujus
2051 2659 2129 2698 loco

1150 2714 1282 2768 posuit,
1307 2714 1418 2764 Quod
1431 2713 1495 2750 osli
1508 2729 1522 2756 ,·
1540 2721 1579 2748 ut
1594 2712 1711 2751 discas
1728 2713 1846 2765 ipsum
1861 2717 2003 2765 quando
2020 2718 2128 2767 dixit,

1155 2776 1267 2827 Quod
1293 2775 1395 2820 nolo,
1419 2782 1627 2825 potestatem
1644 2773 1715 2810 sibi
1740 2787 1808 2812 non
1828 2775 2009 2816 ademisse.
2031 2780 2128 2826 Quid

1150 2847 1200 2876 est
1232 2849 1314 2887 ergo
1344 2834 1448 2882 illud,
1487 2834 1598 2884 Quod
1622 2834 1738 2871 nolo?
1768 2835 1874 2881 Quod
1904 2851 1973 2875 non
2003 2840 2126 2891 laudo,

1152 2896 1248 2948 quod
1277 2909 1346 2933 non
1372 2894 1499 2946 probo,
1531 2893 1628 2943 quod
1657 2907 1725 2931 non
1749 2909 1828 2932 amo
1838 2911 1849 2945 3
1883 2897 1928 2935 ad
1948 2900 2048 2951 cujus
2076 2903 2126 2939 rei

1150 2955 1447 3008 comparationem
1461 2953 1639 3004 sequentia
1652 2953 1812 3003 addidit,
1829 2957 1905 2994 Sed
1919 2961 2024 3009 quod
2047 2963 2124 3008 odi,

1151 3020 1223 3056 hoc
1234 3017 1431 3069 facioAG.
1446 3016 1485 3054 Si
1501 3023 1630 3053 autem
1649 3017 1755 3065 quod
1769 3018 1870 3063 nolo,
1895 3019 2126 3073 illud-facio,

1150 3079 1348 3117 consentio
1368 3076 1442 3127 legi
1460 3076 1563 3126 quod
1581 3077 1682 3112 hona
1702 3078 1762 3114 sit.

1204 3142 1240 3178 2.
1263 3136 1392 3177 Viden’
1407 3136 1548 3174 interim
1567 3149 1635 3173 non
1655 3146 1855 3188 corruptam
1875 3150 2050 3189 mentem,
2069 3145 2132 3181 sed

1152 3200 1189 3238 in
1217 3212 1320 3250 opere
1346 3196 1567 3236 nobilitatem
1600 3209 1700 3234 suam
1720 3201 1950 3238 servantem?
1973 3202 2080 3249 Quod
2099 3204 2128 3241 si

1215 214 1369 244 HOMIL.
1408 215 1503 244 XIII.

1105 1208 1130 1238 D

1903 3373 1954 3409 45
