2502 3810
821 241 861 269 {N
901 237 1272 269 PuAEchTIONEM
1306 237 1484 267 JEJUNII.
1523 239 1552 267 1.

141 322 368 373 καταδικάζῃ.
387 321 494 374 Ὁρᾷς
516 321 578 368 τὴν
608 323 667 358 τοῦ
695 320 768 372 βίου
791 319 999 370 μεταέολὴν,
1019 321 1093 361 πῶς
1113 320 1159 360 ὡς

141 375 222 413 σκιὰ
231 374 462 427 παρατρέχει,
483 374 542 411 καὶ
559 377 690 412 καπνοῦ
710 372 945 423 εὐτελέστερον
965 370 1160 417 διαλύεται,

141 429 205 479 οὐχ
222 430 268 469 ὡς
291 427 425 478 ἀράχνη
455 428 661 473 διασπᾶται;
691 428 743 463 Οὐ
771 424 949 473 παύσομαι
977 422 1044 473 ἐγὼ
1071 437 1159 460 παι-

141 480 248 516 δεύων
266 482 372 529 ὑμᾶς·
394 479 456 516 κᾶν
474 494 507 516 τι
532 482 672 525 ποιῆτε,
695 477 758 515 κᾶν
779 478 815 514 δὲ
838 475 885 526 μὴ
919 477 1060 520 ποιῆτε,
1091 473 1160 524 ἐγὼ

2114 220 2206 283 870

1230 325 1388 354 mortem
1410 325 1601 368 operatur.
1633 315 1828 354 Imitamini
1847 314 1969 353 saltem
1988 313 2135 354 viduam
2163 314 2210 351 il-

1229 369 1301 405 lam
1331 369 1471 420 inopem
1487 399 1496 417 ,
1518 383 1596 419 quae
1619 368 1710 406 duos
1730 369 1852 406 obolos
1871 367 2012 418 injecit:
2032 366 2210 417 quomodo

1230 434 1274 457 ex
1292 421 1463 471 praeclaro
1488 422 1667 473 proposito
1683 421 1876 472 justificata
1902 420 1984 457 suit.
2014 420 2093 456 Non
2120 419 2211 456 duos

1230 471 1339 509 habes
1358 473 1503 510 obolos?
1523 476 1645 511 Unum
1661 473 1756 510 dato.
1777 474 1850 510 Nec
1870 486 1981 509 unum
1995 471 2134 508 habes?
2155 473 2211 509 Da

138 532 247 581 λέγω,
267 531 325 568 καὶ
356 531 465 582 λέγων
486 533 523 569 οὗ
543 531 743 580 παύσομαι·
763 529 958 580 γέγραπται
976 527 1062 577 γάρ’
1083 527 1159 562 Μα-
1170 543 1218 567 793
1231 537 1367 574 panem.
1388 525 1426 563 fii
1446 539 1558 574 neque
1577 540 1700 577 panem
1710 526 1855 573 habeas,
1874 525 1997 562 saltem
2011 523 2211 574 ingemisce,

137 583 256 635 κάριος
276 586 293 619 ὁ
308 584 422 621 λαλῶν
444 584 490 625 εἰς
512 577 586 620 ὦτα
602 582 806 621 ἀκουόντων.
825 579 994 628 [lupam-‘q
1015 578 1159 615 θάνατον
1182 580 1207 609 Α
1232 590 1313 614 011111
1338 577 1437 614 ν1(165
1466 591 1672 635 pauperem,
1689 586 1722 614 01
1747 578 1860 615 oratio
1883 586 1941 614 tua
1970 584 2112 626 accepta
2132 575 2211 614 erit.

137 635 396 686 κατεργάζεται.
418 635 630 685 Μιμήσασθε
649 634 713 672 κᾶν
727 632 790 679 τὴν
805 632 918 684 χήραν
939 630 1072 676 ἐκείνην
1098 629 1160 676 τὴν

137 687 305 738 πενιχρὰν
334 687 396 733 τὴν
428 688 506 730 τοὺς
539 686 596 724 δύο
627 684 767 728 ὄὸολοὺς
785 684 1066 728 καταὸαλοῧσαν,
1087 684 1162 724 πῶς

137 739 324 786 ἐδικαιώθη
346 740 402 777 διὰ
423 739 534 786 καλὴν
561 738 774 790 προαίρεσιν.
793 737 870 773 Οὐκ
888 734 978 786 ἔχεις
999 734 1057 771 δύο
1084 734 1162 770 0⁷60-

136 791 215 833 λοὺς
230 792 365 839 &offlam
386 792 452 834 Δὸς
472 792 544 829 ἕνα.
561 793 638 828 Οὐκ
653 790 743 841 ἔχεις
761 787 837 834 giam,
853 787 919 830 Δὸς
935 786 1049 837 ἄρτον.
1070 784 1162 822 Οὐδὲ

137 843 240 894 ἄρτον
271 844 377 894 ἔχεις
399 845 473 882 Κᾶν
505 842 664 885 στέναξον
685 840 895 890 θεασάμενος
921 839 978 876 τὸν
1006 838 1160 884 πένητα,

137 896 196 933 καὶ
226 895 381 934 δέδεκταί
405 912 464 934 σου
493 900 514 942 ἦ
539 894 665 941 δέησις.
690 893 734 932 ‘O
761 891 807 943 γὰ
858 890 1087 940 ἐπιστάμενος
1116 888 1161 926 τὰ

137 948 319 998 ἀπόρρητα
330 952 391 994 τῆς
406 948 557 989 διανοίας
573 946 718 1000 ἑκάστου
732 974 742 992 ,
757 947 774 982 ὁ
789 959 832 982 τα
841 944 955 982 πάντα
968 942 1065 984 εἰδὼς
1080 941 1160 992 πρὶν

1230 629 1320 665 Nam
1333 628 1394 678 qui
1412 638 1511 667 novit
1525 629 1661 666 occulta
1676 629 1846 680 cujusque
1861 628 2001 676 mentis,
2016 628 2078 677 qui
2093 627 2212 665 omnia

1231 681 1297 717 scit
1323 689 1512 729 antequam
1533 681 1632 728 fiant,
1647 681 1736 717 bene
1763 681 1862 718 novit
1882 690 1928 727 te,
1959 680 1986 717 si
2009 680 2208 725 habuisses,

1230 732 1398 769 daturum
1413 732 1532 769 fuisse.
1547 732 1773 783 Propositum
1788 732 1898 769 animi
1915 733 1993 769 vult
2009 747 2019 779 ;
2036 746 2096 769 cor
2115 746 2214 769 scru-

1230 792 1326 820 tatur
1341 794 1373 821 et
1390 785 1491 822 novit
1509 801 1516 820 :
1539 785 1645 822 homo
1661 784 1802 821 enimin
1821 784 1959 829 faciem,
1979 785 2076 821 Deus
2095 792 2213 821 autem

1230 836 1266 873 111
1288 850 1348 873 001·
1370 836 1526 885 respicit.
1546 837 1645 886 Rogo
1660 836 1788 887 igitur,
1809 845 1944 874 servate
1970 844 2185 886 pracceptum
2197 865 2210 883 ,

1231 888 1328 939 quod
1355 889 1460 927 vobis
1486 887 1587 925 trado
1607 904 1619 927 z,
1635 890 1686 926 In
1708 890 1779 925 hoc
1810 890 1911 925 enim
1934 889 2112 938 discipuli
2138 890 2212 924 mei

1231 943 1350 987 erilis,
1371 944 1406 979 si
1432 941 1604 991 diligatis
1632 943 1810 978 invicem.
1832 940 1917 977 Haec
1936 940 2046 991 ipsius
2067 939 2212 977 Domini

137 1001 296 1050 γενέσθαι
316 1001 415 1047 αὐτὰ,
435 994 522 1038 οἶδεν
539 999 603 1046 ὅτι,
624 1000 652 1035 εἷ
670 1002 771 1050 εἰγες,
794 997 924 1039 ἐδίδως.
945 994 1021 1040 Τὴν
1041 993 1160 1044 προαί-
1233 1007 1304 1031 vox
1315 1002 1376 1041 est,
1392 1007 1499 1043 quam
1517 992 1612 1029 dixit
1629 992 1839 1044 discipulis;
1858 1001 1891 1029 et
1906 1006 2043 1039 rursus,
2061 992 2211 1042 Diliges
2225 997 2325 1024 Marc.
2347 1003 2394 1025 η.

141 1066 233 1103 ρεσιν
258 1051 369 1099 θέλει,
392 1052 455 1097 τὴν
485 1051 630 1102 καρδίαν
652 1043 806 1100 διερευνᾷ
826 1048 884 1086 καὶ
903 1041 1009 1085 οἶδεν·
1031 1047 1163 1098 ἅνθρω-
1184 1047 1207 1077 Β
1231 1047 1443 1084 Dominum
1458 1046 1585 1082 Deum
1606 1053 1713 1082 tuum
1734 1059 1780 1081 ex·
1794 1045 1879 1082 totis
1896 1046 2045 1080 viribus
2064 1046 2153 1091 tuis,
2176 1051 2210 1080 et
2226 1037 2395 1105 {nghn

136 1119 200 1145 πος
223 1102 290 1160 γὰρ
309 1107 356 1147 εἰς
375 1103 575 1154 πρόσωπον,
594 1102 652 1139 καὶ
672 1102 759 1144 Θεὸς
784 1102 831 1144 εἷς
863 1099 1020 1150 καρδίαν.
1040 1100 1164 1148 Παρα·
2402 1097 2409 1105 '

1231 1100 1447 1144 proximum
1470 1106 1578 1134 tuum
1594 1100 1693 1134 sicut
1710 1099 1885 1148 teipsum.
1906 1099 1955 1132 In
1981 1097 2041 1132 his
2065 1096 2211 1132 duobus
2225 1118 2276 1154 37,
2291 1117 2340 1156 39·
2356 1119 2409 1155 4⁰¹

138 1158 235 1193 καλῶ
252 1161 322 1202 οὐν,
337 1155 510 1207 φυλάξατε
524 1154 585 1201 τὴν
603 1152 854 1206 παραγγελίαν,
872 1152 913 1198 ἣν
930 1150 1164 1202 παραγγέλλω

138 1210 238 1257 ὑμῖν·
261 1207 322 1246 Ἐν
342 1209 408 1258 γὰρ
426 1207 537 1258 τούτῳ
557 1206 634 1257 ἐμοὶ
656 1205 808 1256 μαθηταί
823 1207 919 1252 ἕστε,
934 1203 993 1241 ἐὰν
1005 1206 1166 1254 ἀγαπᾶτε

140 1259 322 1306 ἀλλήλους.
351 1262 465 1298 Αὐτοῦ
491 1263 549 1298 τοῦ
583 1258 760 1296 Δεσπότου
797 1258 891 1309 φωνή
927 1257 1032 1302 ἐστιν,
1065 1255 1164 1298 αὐτὸς

138 1306 214 1350 εἷπε
240 1319 310 1356 τοῖς
327 1315 514 1361 μαθηταῖς·
533 1311 592 1349 καὶ
611 1310 728 1358 πάλιν,
740 1309 945 1361 Ἀγαπήσεις
962 1307 1090 1359 Κύριον
1106 1307 1164 1344 τὸν

137 1364 228 1402 Θεόν
246 1380 305 1403 σου
323 1364 357 1408 ἐξ
376 1366 458 1411 ὅλης
476 1367 537 1410 τῆς
556 1363 673 1414 ἷσιύος
693 1379 772 1408 σου,
790 1362 849 1399 καὶ
866 1360 924 1398 τὸν
939 1360 1086 1405 πλησίον
1105 1375 1164 1397 σου

138 1419 185 1459 ὡς
203 1417 342 1455 ἑαυτόν·
361 1418 396 1454 ἐν
417 1416 560 1459 ταύταις
581 1415 674 1452 δυσὶν
688 1416 842 1456 ἐντολαῖς
861 1414 936 1455 ὅλος
953 1416 970 1450 ὃ
988 1412 1091 1461 νόμος
1102 1412 1162 1449 καὶ

139 1471 169 1507 οἱ
189 1473 378 1521 προφῆται.
401 1470 606 1520 Παρακαλῶ
632 1467 744 1505 τοίνυν
764 1467 902 1503 ἔσεσθαι
920 1467 967 1507 εἷς
991 1465 1162 1510 ἀλλήλους

138 1523 375 1587 φιλάνθρωποι
394 1551 404 1568 ,
445 1520 612 1572 φιλόξενοι
634 1548 644 1566 ,
689 1518 906 1581 φιλόπτωχοι
925 1533 933 1541 ·
982 1517 1163 1567 ἐξαιρέτως

137 1625 325 1672 ἀξιωθῆναι
337 1629 399 1672 τῆς
420 1624 556 1662 αἰωνίου
577 1626 666 1669 ζωῆς
679 1651 688 1666 ,
709 1626 750 1667 ἧς
766 1621 898 1672 γένοιτο
917 1620 1049 1663 πάντας
1067 1624 1161 1669 ἡμᾶς

137 1680 325 1729 ἐπιτυχεῖν,
349 1675 546 1730 χάριτιηκαὶ
565 1674 806 1727 φιλανθρωπίᾳ
827 1677 886 1710 τοῦ
903 1672 1035 1723 Κυρίου
1058 1675 1160 1722 ἡμῶν

136 1731 252 1776 Ἰησοῦ
273 1732 442 1781 Χριστοῦ,
471 1732 499 1780 ᾧ
523 1730 545 1774 ἧ
567 1727 647 1771 δόξα
674 1726 734 1764 καὶ
761 1726 801 1763 τὸ
827 1725 952 1776 κράτος
967 1723 1025 1763 σὺν
1042 1725 1159 1776 Πατρὶ

136 1781 195 1819 καὶ
228 1782 316 1834 ἁγίῳ
344 1781 545 1832 Πνεύματι,
572 1782 618 1824 εἷς
643 1777 722 1822 τοὺς
754 1780 880 1822 αἰῶνας
911 1780 978 1815 τῶν
1011 1776 1157 1815 αἰώνων.

136 1833 256 1884 Ἀμήν.

137 1589 199 1618 την
230 1576 277 1616 εἷς
316 1574 406 1612 Θεὸν
441 1574 605 1618 διηνεκῶς
637 1573 836 1624 κραὶῶμεν,
871 1572 927 1606 ἳνα
962 1569 1161 1617 δυνηθῶμεν
1182 1580 1206 1610 C

1232 1151 1430 1187 mandatis
1448 1158 1529 1187 tota
1547 1150 1610 1186 lex
1634 1157 1671 1186 et
1687 1150 1891 1201 prophetae.
1914 1149 2013 1198 Rogo
2030 1146 2154 1197 igitur,
2174 1155 2213 1184 111

1233 1202 1308 1240 51115
1322 1211 1445 1239 mutuo
1458 1201 1622 1249 humani,
1644 1201 1853 1253 hospitales,
1874 1213 2070 1251 pauperum
2086 1212 2213 1236 aman-

1232 1263 1305 1292 tes:
1326 1254 1503 1306 praecipue
1524 1268 1606 1291 vero
1625 1253 1694 1291 Dei
1715 1253 1941 1291 dilectionem
1961 1260 2129 1304 perpetuo
2146 1250 2215 1287 ha-

1232 1307 1400 1353 beamus,
1416 1315 1454 1343 ut
1477 1306 1653 1358 possimus
1670 1305 1769 1357 digni
1792 1305 1918 1343 haberi
1939 1314 2074 1342 aeternae
2099 1302 2183 1341 vitae
2204 1318 2213 1339 ε

1233 1374 1338 1410 quam
1364 1359 1501 1396 utinam
1531 1373 1593 1395 nos
1620 1372 1739 1396 01111105
1765 1371 2010 1407 assequamur,
2040 1355 2153 1407 gratia
2181 1364 2215 1392 et

1233 1411 1449 1462 benignitate
1468 1410 1612 1448 Domini
1633 1411 1743 1448 nostri
1757 1412 1839 1450 Jesu
1861 1409 2008 1455 Christi,
2027 1408 2083 1446 cui
2101 1407 2215 1459 gloria

1232 1473 1265 1502 et
1280 1464 1469 1515 imperium
1485 1477 1565 1500 011111
1578 1464 1681 1501 Patre
1695 1473 1728 1501 et
1741 1463 1878 1515 Spiritu
1894 1470 2027 1511 sancto,
2040 1460 2076 1498 in
2087 1459 2213 1497 saecula

1232 1517 1455 1554 saeculorum.
1473 1518 1598 1554 Amen.

898 2078 1448 2162 MONITUM

607 2242 671 2289 IN
706 2242 957 2288 SEPTEM
991 2240 1322 2288 SERMONES
1356 2239 1439 2286 DE
1473 2238 1743 2286 JEJUNIO.

192 2377 271 2415 Non
292 2385 342 2414 est
362 2374 458 2427 quod
475 2376 640 2413 lectorem
662 2388 879 2423 moneamus,
900 2374 1007 2413 hosce
1025 2374 1069 2412 de
1088 2373 1229 2425 Jejunio
1244 2387 1419 2411 sermones
1441 2371 1668 2409 brevissimos
1687 2384 1755 2408 non
1774 2384 1847 2408 0550
1866 2367 2110 2422 Chrysostomi
2122 2398 2132 2417 ,
2147 2368 2210 2406 sed

140 2436 325 2488 cujusdam
347 2435 502 2487 imperiti
527 2434 683 2473 Graeculi
702 2444 735 2472 et
753 2435 961 2487 plerumque
989 2434 1150 2485 nugacis,
1174 2433 1234 2484 qui
1251 2434 1326 2471 haec
1353 2434 1398 2471 ab
1419 2447 1454 2470 50
1473 2433 1713 2469 consarcinata
1732 2431 1987 2483 Chrysostomo
2003 2429 2205 2482 adscripsit.

140 2500 224 2536 Haec
244 2497 366 2534 Latine
384 2496 635 2546 convertimus,
656 2511 720 2534 nec
738 2496 811 2534 sine
829 2495 971 2533 fastidio
1001 2505 1035 2533 et
1047 2495 1171 2534 labore
1181 2510 1191 2543 5
1214 2509 1296 2531 nam
1315 2494 1464 2545 scriptor
1485 2493 1544 2530 hic
1561 2507 1617 2530 res
1633 2491 1812 2530 interdum
1828 2492 1877 2530 sic
1896 2492 2067 2539 enuntiat,
2085 2491 2150 2530 vix
2170 2498 2209 2526 ut

140 2559 373 2610 intelligatur,
394 2559 489 2609 quod
505 2568 556 2596 est
571 2559 608 2596 in
622 2558 777 2596 oratione
791 2558 922 2598 vitium
943 2558 1002 2597 vel
1017 2557 1228 2606 maximum,
1245 2557 1360 2607 inquit
1377 2555 1531 2593 Tullius.

325 2797 388 2839 Εἷς
406 2796 569 2848 κήρυγμα
592 2794 764 2842 νηστείας.
791 2794 902 2846 Λόγος
923 2794 970 2832 α’.

192 2917 276 2955 Ἐπὶ
304 2914 489 2969 θεραπείαν
520 2916 669 2969 τήμερον
689 2918 707 2954 ὃ
726 2916 815 2959 Θεὸς
845 2915 885 2953 τὸ
914 2914 1010 2966 γένος
1045 2916 1156 2953 καλεῖ.

141 2969 309 3019 ’Ῑατρείαν
325 2970 392 3021 γὰρ
408 2969 463 3005 διὰ
479 2974 538 3007 τοῦ
552 2968 729 3022 προφήτου
745 2967 806 3014 τὴν
820 2967 979 3014 νηστείαν
992 2968 1156 3020 ὡρίσατο,

141 3021 341 3071 Ἁγιάσατε,
373 3021 505 3078 λέγων,
542 3021 724 3068 νηστείαν,
761 3021 927 3073 κηρύξατε
957 3020 1156 3071 θεραπείαν.

141 3073 288 3119 Ἐπειδὴ
307 3073 374 3124 γὰρ
393 3076 478 3111 εἶδεν
512 3077 529 3111 ὃ
556 3074 645 3116 Θεὸς
667 3076 705 3111 ἐκ
724 3072 935 3125 παραδείσου
955 3074 1156 3124 πολυτραυ-

143 3125 307 3174 μοίτιστον
326 3126 382 3162 τὸν
403 3126 511 3175 Ἀδὰμ
536 3125 726 3176 βληθέντα,
755 3124 937 3177 θεραπείαν
964 3124 1074 3176 τούτῳ
1093 3124 1156 3170 τὴν

141 3177 300 3223 νηστείαν
327 3176 491 3227 ἀπένειμε
508 3192 516 3200 ·
545 3180 671 3221 καλῶς.
690 3178 737 3216 Τί
756 3178 822 3228 γὰρ
841 3178 903 3215 οὐκ
926 3176 1073 3227 ἷατρεύει
1091 3192 1155 3223 νη-

143 3229 258 3273 στεία;
274 3231 379 3267 Ποῖον
400 3229 435 3267 δὲ
455 3229 562 3271 πάθος
578 3232 639 3267 οὐκ
659 3230 814 3281 ἀφανίζει
834 3233 893 3266 τοῦ
911 3234 987 3276 νοῦ,
1004 3229 1073 3266 Τὸν
1096 3232 1157 3275 τῆς

144 3281 313 3331 ἀκρασίας
346 3282 446 3332 κόρον
469 3281 712 3326 ἀποδιώξασα,
746 3281 958 3325 ἀνακαινίζει
989 3280 1155 3332 καρδίαν·

143 3338 201 3372 τοῦ
225 3334 298 3384 βίου
324 3334 362 3371 τὸ
382 3334 483 3385 ὑγρὸν
504 3333 748 3379 ἐκκενώσασα,
778 3339 836 3372 τοῦ
869 3337 974 3383 θυμοῦ
997 3334 1057 3376 τὰς
1078 3334 1157 3385 φλε-

143 3386 270 3435 γμονὰς
287 3386 532 3431 καταστέλλει,
551 3389 608 3423 τοῦ
626 3386 747 3436 φθόνου
765 3386 827 3432 τὴν
848 3386 1069 3436 σκληρότητα
1097 3402 1158 3423 κα-

1352 2796 1401 2831 Ιη
1413 2793 1729 2845 proedicationem
1740 2794 1893 2845 jejunii.
1911 2792 2041 2831 Sermo
2055 2793 2088 2829 I.

1282 2915 1339 2953 Ad
1360 2915 1535 2953 medelam
1549 2914 1657 2953 hodie
1672 2917 1769 2953 Deus
1791 2929 1900 2967 genus
1920 2923 2079 2952 nostrum
2097 2912 2210 2954 advo-

1229 2977 1296 3007 cat.
1311 2968 1378 3005 Per
1390 2969 1602 3020 prophetam
1617 2968 1710 3005 enim
1716 2967 1892 3019 jejunium
1907 2966 2124 3004 medecinam
2139 2980 2212 3004 esse

1229 3019 1394 3059 definivit
1411 3036 1418 3056 ε
1434 3020 1685 3072 Sanctificate
1696 3022 1905 3078 jejunium,
1923 3018 2051 3069 inquit,
2071 3020 2211 3069 praedi-
2224 3037 2302 3066 Joel.
2318 3045 2346 3066 μ
2360 3034 2408 3075 ¹5·

1229 3081 1316 3109 cate
1342 3073 1543 3110 medelam.
1559 3072 1652 3118 Quia
1682 3086 1775 3109 emm
1795 3071 1888 3110 vidit
1910 3073 2004 3108 Deus
2032 3070 2211 3110 Adamum

1230 3124 1354 3161 multis
1372 3124 1580 3161 vulneribus
1596 3124 1794 3161 confectum
1813 3138 1857 3161 ex
1874 3123 2040 3175 paradiso
2059 3123 2211 3174 ejectum

1229 3176 1354 3225 fuisse,
1371 3176 1456 3213 huic
1479 3175 1654 3213 medelam
1665 3175 2063 3228 jejunium-assignavit,
2084 3176 2210 3226 etqui-

1231 3228 1312 3266 dem
1337 3237 1443 3266 recte.
1464 3227 1562 3274 Quid
1581 3228 1673 3265 enim
1693 3243 1762 3265 non
1783 3237 1881 3265 sanat
1894 3228 2097 3279 jejunium?
2114 3228 2212 3279 quod

1231 3281 1356 3318 animae
1377 3280 1507 3319 vitium
1526 3294 1596 3318 non
1617 3280 1735 3318 delet?
1751 3280 2032 3332 Intemperantia?
2054 3281 2212 3319 satietate

1232 3333 1424 3383 eliminata,
1443 3347 1500 3370 cor
1514 3342 1675 3383 renovat;
1692 3333 1774 3370 vitae
1789 3333 1937 3371 humore
1955 3342 2135 3381 evacuato,
2149 3333 2210 3370 ira:

1232 3385 1391 3424 ardorem
1422 3386 1643 3437 comprimit,
1681 3385 1826 3425 invidiae
1857 3384 2025 3425 duritiem
2058 3386 2208 3435 emollit,
