2502 3810
148 685 283 724 Philipp.
300 683 317 713 3

151 727 198 755 15.

146 938 258 966 Jlnlllz.
284 938 316 967 13

150 981 196 1009 13.

147 2407 209 2435 Jer.
228 2386 319 2445 3135

356 263 447 325 786

351 361 464 411 culpae
483 357 659 396 obnoxius
678 370 745 394 non
772 357 841 394 eris
852 371 864 407 3
883 356 1026 408 quando
1045 367 1164 397 autem
1186 374 1237 408 ea,
1254 374 1333 411 quae

349 419 437 457 scire
449 417 552 454 facile
568 431 700 468 posses,
717 417 870 468 ignoras,
886 427 1060 456 extremas
1081 419 1183 457 dabis
1195 434 1329 472 poenas.

348 478 516 528 Alioquin
536 492 635 527 vero,
657 478 725 515 nisi
745 477 940 516 admodum
956 481 1117 518 socordes
1142 481 1329 532 fuerimus,

348 549 381 578 et
400 541 428 578 si
445 541 562 578 omnia
578 555 657 591 quae
673 555 777 592 penes
796 556 857 579 nos
871 551 951 580 sunt
968 543 1215 594 adhibeamus,
1233 545 1272 582 in
1289 545 1332 582 iis
1356 556 1381 586 D

348 616 424 653 quae
438 602 642 653 ignoramus
654 604 749 640 Deus
764 602 864 641 nobis
880 618 1024 642 manum
1039 606 1196 657 porriget
1211 623 1218 643 :
1237 606 1332 657 quod

348 670 380 698 et
397 661 689 713 Phllippensibus
708 664 842 701 Paulus
858 663 998 702 dicebat
1013 668 1131 704 :Etsi
1149 669 1246 719 quid
1260 669 1333 705 ali-

348 731 405 760 ter
417 726 581 767 sentitis,
602 725 674 761 hoc
690 737 840 777 quoque
859 727 966 764 Deus
987 729 1098 764 vobis
1125 729 1329 766 revelabit.

346 784 498 831 Quando
515 793 630 822 autem
648 799 691 823 ne
709 799 748 823 ea
765 786 924 836 quidem,
941 801 1018 837 quae
1038 802 1143 839 penes
1159 803 1222 826 nos
1237 799 1332 838 sunt,

343 846 512 899 perficere
525 846 704 897 volumus,
721 861 832 897 neque
850 847 948 885 illius
961 863 1026 900 ope
1038 850 1198 887 fruemur
1214 850 1334 902 :quod

324 958 331 966 .
346 918 379 946 et
399 907 532 947 Judaeis
547 907 687 947 accidit.
711 910 802 946 Ideo
817 909 910 947 enim
925 913 965 947 in
978 912 1181 962 parabolis
1198 913 1335 964 loquor

346 972 411 1016 eis,
430 969 559 1020 inquit,
579 973 671 1020 quia
688 971 866 1008 videntes
884 985 961 1008 non
977 973 1126 1010 vident.
1143 973 1333 1019 Quomodo

346 1029 508 1068 videntes
527 1044 596 1067 non
607 1029 776 1068 videbant
787 1031 804 1068 ,⁰
816 1031 940 1069 Pulsos
951 1031 1130 1070 daemonas
1146 1032 1331 1083 videbant,

345 1090 594 1141 dicebantque,
615 1093 860 1129 Doemonium
878 1094 1015 1129 habet:
1035 1092 1203 1131 videbant
1223 1094 1334 1132 susci-

345 1161 437 1190 tatos
456 1161 627 1200 mortuos7
647 1166 711 1190 nec
730 1152 946 1203 adorabant,
965 1153 1028 1191 sed
1056 1154 1174 1206 ipsum
1199 1155 1335 1194 interfi-

347 1227 423 1250 cere
442 1214 670 1251 conabantur.
689 1216 734 1251 At
753 1228 822 1252 non
841 1204 921 1252 talis
936 1224 1010 1252 erat
1031 1215 1228 1262 Cornelius,
1253 1216 1334 1254 Ideo
1358 1227 1382 1257 Ε

347 1273 432 1324 quia
449 1274 582 1323 omnia,
596 1288 672 1324 quae
685 1288 790 1326 penes
805 1289 841 1312 se
853 1283 962 1322 erant,
979 1275 1170 1326 diligenter
1189 1277 1330 1324 fecerat,

347 1334 444 1386 quod
462 1335 642 1386 reliquum
661 1345 747 1381 erat,
763 1336 858 1373 Deus
884 1335 1023 1388 adjecit.
1044 1339 1097 1375 Ne
1117 1352 1199 1389 ergo
1219 1339 1331 1386 dicas,

349 1396 540 1443 Quomodo
577 1396 681 1432 illum
712 1396 889 1433 sincerum
918 1406 950 1434 et
983 1397 1136 1448 probum
1168 1399 1335 1449 gentilem

347 1458 444 1494 Deus
468 1457 652 1508 neglexit?
668 1459 760 1494 Nam
776 1457 907 1509 primo,
929 1471 972 1495 an
994 1458 1073 1508 quis
1097 1459 1253 1498 sincerus
1269 1461 1332 1510 sit,

346 1531 415 1556 non
434 1528 548 1570 potest
570 1519 677 1557 homo
696 1520 800 1565 scire,
823 1519 883 1556 sed
897 1519 957 1556 ille
981 1520 1096 1567 solus,
1113 1521 1173 1571 qui
1194 1521 1335 1573 singula

347 1578 453 1616 corda
484 1579 652 1617 formavit
672 1595 679 1615 :
697 1579 826 1617 deinde
849 1579 942 1630 illud
970 1594 1111 1631 quoque
1128 1581 1334 1630 dicendum,

345 1639 526 1677 hominem
545 1639 649 1677 illum
668 1655 757 1692 saepe
771 1654 838 1678 non
854 1641 1032 1678 curavisse
1051 1656 1114 1680 nec
1127 1642 1335 1694 diligentem

343 1701 464 1738 fuisse.
487 1701 534 1738 Et
550 1701 726 1752 quomodo
745 1712 901 1754 poterat,
918 1703 1070 1753 inquies,
1093 1718 1173 1742 cum
1200 1705 1245 1743 sit
1263 1705 1334 1742 ad—

345 1762 492 1800 modum
528 1763 712 1801 sincerus?
738 1767 783 1801 At
807 1763 989 1801 hominem
1016 1764 1113 1803 1111110
1136 1766 1334 1817 simplicem

346 1832 379 1862 et
392 1824 571 1862 sincerum
586 1825 750 1863 observes
772 1825 894 1870 velim,
915 1834 948 1863 et
965 1825 1058 1863 circa
1077 1841 1131 1864 res
1149 1827 1334 1866 saeculares

813 276 851 307 S.
888 276 1072 307 JOANMS
1108 278 1347 308 CHRYSOST.
1390 278 1598 310 AncfflEP.
1636 281 1991 314 CONSTAlvTffiOP.

1405 363 1463 400 καὶ
1483 364 1518 400 ἐν
1536 368 1606 406 τοῖς
1626 363 1869 415 ἀγνοουμένοις
1887 371 1991 416 χεῖρα
2005 369 2089 415 ἡμῖν
2109 369 2126 404 ὁ
2144 368 2234 412 Θεὸς
2251 369 2359 422 ὀρέξει
2377 386 2384 393 ·
2405 370 2422 408 ὃ

1406 423 1465 461 καὶ
1486 424 1742 471 Φιλιππησίοις
1769 425 1865 476 ἔλεγε
1890 427 2030 469 Παῦλος
2046 441 2053 449 ·
2076 427 2145 464 Καὶ
2175 429 2207 465 εἴ
2233 445 2267 466 τι
2299 430 2424 483 ἑτέρως

1407 490 1578 536 φρονεῖτε,
1601 485 1660 522 καὶ
1680 490 1781 524 τοῦτο
1806 489 1823 523 ὁ
1853 487 1941 530 Θεὸς
1961 491 2039 538 ὑμῖν
2062 488 2291 540 ἀποκαλύψει.
2309 489 2423 527 εὈταν

1408 545 1443 582 δὲ
1475 545 1563 595 μηδὲ
1583 540 1629 583 ὧν
1649 547 1753 597 ἐσμεν
1783 546 1914 599 κύριοι,
1945 548 2149 599 βουλώμεθα
2181 550 2315 597 ἀνύειν,
2349 549 2425 588 οὐδὲ

1406 605 1539 652 ἐκείνης
1556 607 1798 657 ἀπολαύσομεν
1818 612 1878 654 τῆς
1900 608 2104 660 συμμαχίας
2120 625 2128 633 ·
2147 609 2164 647 ὃ
2184 610 2243 648 καὶ
2261 610 2318 648 ἐπὶ
2334 611 2426 648 Ἰου-

1407 665 1512 702 δαίων
1542 666 1673 718 γέγονε.
1700 667 1768 705 Διὰ
1787 667 1852 720 γὰρ
1878 672 1979 707 τοῦτο
2001 671 2035 706 ἓν
2066 669 2283 721 παραδολαῖς
2311 672 2426 713 αὐτοῖς

1406 727 1502 763 λαλῶ
1515 755 1524 773 ,
1543 727 1647 779 φησὶν
1661 758 1670 773 ,
1692 727 1744 766 ὅτι
1765 728 1949 779 βλέποντες
1969 732 2006 767 οὐ
2031 729 2209 781 βλέπουσι.
2237 732 2320 774 Πῶς
2339 730 2425 781 βλέ-

1405 802 1539 832 ποντες,
1559 791 1619 826 οὐκ
1632 789 1778 826 ἔὸλεπον
1791 805 1800 836 ;
1814 788 1958 842 Ἑώρων
1979 791 2144 840 δαίμονας
2159 792 2404 842 ἐλαυνομένους
2416 819 2426 836 ,

1406 848 1465 885 καὶ
1486 848 1621 900 ἔλεγον,
1643 850 1830 901 Δαιμόνιον
1858 850 1931 902 ἔχει
1949 866 1957 875 ·
1980 851 2096 902 ἑώρων
2124 851 2262 905 νεκροὺς
2291 855 2426 904 ἐγειρο-

1408 911 1528 961 μένους
1541 941 1550 958 ,
1570 911 1629 949 καὶ
1647 912 1684 948 οὗ
1704 910 1934 964 προσεκύνουν
1949 940 1959 958 ,
1979 915 2055 951 ἀλλ’
2078 916 2208 951 ἀνελεῖν
2229 914 2327 951 αὐτὸν
2344 916 2426 952 ἐπε·

1405 971 1554 1025 χείρουν.
1582 972 1673 1010 Ἀλλ’
1703 975 1767 1025 οὐχ
1797 975 1814 1010 ὃ
1853 974 2042 1026 Κορνήλιος
2074 978 2238 1018 τοιοῦτος.
2275 974 2343 1012 Διά
2374 990 2428 1013 τοι

1405 1037 1524 1079 τοῦτο,
1545 1034 1665 1081 ἐπειδὴ
1686 1035 1801 1073 πάντα
1828 1036 1872 1074 τὰ
1895 1037 1979 1087 παρ’
2006 1038 2129 1073 ἑαυτοῦ
2159 1036 2247 1086 μετὰ
2275 1036 2427 1082 σπουδῆς

1406 1094 1555 1145 ἔπραττε
1568 1123 1577 1140 ,
1598 1095 1656 1133 καὶ
1676 1096 1715 1133 τὸ
1731 1098 1849 1135 λεῖπον
1870 1099 1963 1149 αὐτῷ
1980 1095 2192 1147 προσέθηκεν
2210 1100 2227 1134 ὁ
2243 1096 2343 1139 Θεός.
2364 1096 2425 1142 Μὴ

1406 1155 1518 1193 τοίνυν
1538 1155 1629 1207 λε’γε,
1646 1160 1720 1200 πῶς
1734 1158 1790 1195 τὸν
1810 1159 1901 1195 δεῖνα
1917 1158 2094 1195 ἄπλαστον
2107 1157 2189 1195 ὄντα
2205 1157 2264 1195 καὶ
2273 1157 2426 1208 χρηστὸν

1407 1220 1576 1269 περιεῖδεν
1599 1220 1616 1255 ὃ
1630 1218 1728 1265 Θεὸς,
1747 1218 1908 1265 εἝλληνα
1927 1218 2028 1265 ὅντα;
2050 1220 2195 1270 Πρῶτον
2214 1218 2276 1269 μὲν
2296 1217 2383 1270 γὰρ,
2400 1217 2432 1255 εἴ

1406 1294 1458 1321 τις
1477 1277 1674 1324 ἄπλαστος,
1700 1281 1762 1316 οὐκ
1780 1277 1970 1331 ἀνθρώποις
1991 1279 2131 1317 δυνατὸν
2150 1278 2293 1326 εἰδέναι,
2314 1277 2429 1316 1’ἀλλὰ

1407 1341 1457 1390 τῷ
1491 1338 1665 1376 πλάσαντι
1691 1339 1782 1376 κατὰ
1813 1339 1918 1389 μόνας
1941 1338 2003 1382 τὰς
2027 1338 2171 1390 καρδίας
2187 1354 2195 1362 ·
2218 1341 2338 1376 ἔπειτα
2358 1340 2428 1376 κά-

1408 1399 1500 1436 κεῖνό
1528 1401 1620 1436 ἐστιν
1646 1401 1773 1443 εἰπεῖν,
1793 1399 1846 1436 ὅτι
1873 1401 1935 1436 οὐκ
1957 1399 2134 1450 ἐφρόντισε
2163 1399 2333 1441 πολλάκις
2353 1398 2429 1437 οὐδὲ

1408 1458 1611 1496 ἐσπούδασε.
1628 1458 1698 1496 Καὶ
1719 1461 1810 1506 πῶς,
1834 1458 1951 1510 φησὶν,
1970 1457 2140 1504 ἠδύνατο,
2162 1458 2293 1511 σφόδρα
2313 1459 2430 1497 ἄπλα-

1409 1534 1487 1562 στος
1509 1518 1716 1566 ὤν;Οὐκοῧν
1732 1519 1789 1556 τὸν
1811 1520 1941 1557 ἁπλοῦν
1957 1523 2077 1557 τοῦτον
2097 1519 2156 1556 καὶ
2176 1522 2285 1571 ἀφελῆ
2307 1519 2430 1558 σκόπει

1409 1595 1489 1629 μοι,
1511 1579 1570 1617 καὶ
1590 1579 1834 1630 καταμάνθανε
1867 1580 1924 1617 ἐπὶ
1953 1583 2020 1618 τῶν
2044 1582 2235 1632 βιωτικῶν,
2263 1580 2323 1618 καὶ
2353 1580 2429 1631 ὄψει

1408 1640 1542 1686 πολλὴν
1566 1640 1746 1693 ἀκρίόειαν
1767 1640 2067 1691 ἐπιδεικνύμενον,
2093 1641 2134 1687 ἢν
2156 1640 2187 1678 εἴ
2204 1656 2242 1692 γε
2269 1640 2429 1678 ἓὸούλετο

1409 1702 1467 1740 καὶ
1488 1702 1547 1740 ἐπὶ
1566 1704 1633 1740 τῶν
1653 1704 1897 1751 πνευματικῶν
1916 1701 2193 1750 ἐπιδείκνυσθαι,
2212 1702 2274 1739 οὐκ
2299 1700 2339 1737 ἂν
2359 1717 2431 1738 πα-

1410 1763 1528 1814 ρώφθη
1545 1778 1552 1786 ·
1574 1762 1633 1800 καὶ
1653 1762 1719 1814 γὰρ
1740 1762 1840 1810 ἡλίου
1868 1763 2063 1815 ςφανότερα
2091 1762 2135 1800 τὰ
2165 1766 2228 1809 τῆς
2255 1762 2429 1809 ἀληθείας.

1410 1824 1480 1861 Καὶ
1502 1823 1654 1877 ὅπουπερ
1689 1823 1727 1861 ἂν
1764 1823 1934 1874 ἀφίκηταί
1966 1840 2035 1872 τις,
2066 1822 2190 1875 ῥαδίως
2222 1822 2430 1874 ἐπιλήψεται

347 1885 539 1935 examines,
555 1886 764 1937 videbisque
788 1887 823 1924 in
849 1886 905 1924 his
933 1887 1039 1924 illum
1059 1902 1224 1939 magnam
1243 1889 1332 1927 dili·
1347 1915 1394 1938 716
1409 1887 1471 1930 ῒῆς
1492 1887 1614 1923 ἑαυτοῦ
1634 1884 1825 1936 σωτηρίας,
1847 1884 1934 1935 εἴγε
1964 1884 2146 1935 βουληθείη
2166 1883 2351 1936 προσέχειν
2370 1882 2431 1920 καὶ

348 1948 503 1998 gentiam
524 1946 753 1985 adhibuisse:
771 1962 878 1999 quam
898 1947 926 1985 si
947 1949 1116 1986 voluisset
1139 1949 1231 1987 circa
1254 1951 1333 2002 spi-
1359 1952 1383 1980 Α

347 2008 488 2046 ritualia
505 2009 688 2052 exhibere,
710 2023 778 2046 non
799 2009 978 2060 neglectus
1002 2010 1146 2048 fuisset:
1162 2025 1242 2048 nam
1259 2026 1334 2062 quae

347 2069 390 2106 ad
411 2069 596 2107 veritatem
615 2078 773 2121 spectant
793 2070 866 2106 sole
885 2069 1034 2107 clariora
1064 2080 1161 2109 sunt.
1181 2072 1227 2109 Et
1246 2086 1335 2122 quo-

347 2143 499 2180 cumque
511 2129 592 2179 quis
606 2129 824 2180 migraverit,
840 2130 943 2167 facile
955 2130 1104 2167 salutem
1119 2145 1219 2168 suam
1234 2145 1336 2169 cura-

345 2189 410 2238 bit,
428 2191 458 2228 si
476 2189 654 2227 attendere
667 2190 835 2235 voluerit,
852 2204 965 2240 neque
978 2191 1045 2228 hoc
1060 2191 1138 2229 leve
1154 2193 1335 2243 negotium

346 2251 541 2302 putaverit.
559 2252 654 2288 Num
674 2251 710 2288 in
738 2252 926 2289 Palaestina
944 2252 1021 2290 haec
1035 2254 1172 2304 negotia
1194 2256 1333 2292 conclu—

348 2325 384 2348 sa
401 2311 509 2348 sunt?
526 2326 612 2348 num
631 2311 667 2348 in
683 2326 796 2363 parvo
815 2313 910 2349 orbis
924 2313 1085 2364 angulo?
1103 2315 1182 2351 Non
1201 2316 1335 2354 audisti

348 2371 439 2409 hanc
454 2372 633 2423 prophetae
653 2387 798 2410 vocem:
818 2375 957 2411 Omnes
979 2385 1208 2426 cognoscent
1233 2391 1292 2413 me
1310 2392 1335 2415 a

326 2427 333 2434 ⁸
347 2446 468 2484 parvo
484 2446 603 2483 usque
623 2434 676 2470 ad
689 2437 898 2484 magnum?
918 2447 1033 2471 annon
1053 2434 1150 2471 vides
1171 2435 1220 2472 rei
1243 2436 1334 2474 veri-

349 2493 487 2531 tatem?
504 2493 691 2540 Quomodo
711 2507 794 2545 ergo
823 2494 877 2531 illi
908 2494 1047 2532 veniam
1063 2506 1332 2546 consequentur,

349 2554 410 2604 qui
442 2569 523 2592 011111
540 2555 683 2592 videant
708 2555 869 2592 veritatis
895 2555 1023 2606 dogma
1044 2566 1241 2607 extensum,
1271 2572 1334 2596 nco

348 2624 513 2667 satagunt
540 2629 601 2652 nec
620 2625 745 2653 curant
765 2624 803 2652 ut
827 2615 989 2654 discant?

400 2678 436 2713 4.
459 2679 515 2714 An
528 2676 610 2726 hoe,
633 2677 781 2728 inquies,
803 2677 916 2728 exigis
931 2693 950 2715 a
965 2678 1096 2716 rustico
1117 2688 1150 2717 et
1160 2680 1334 2719 barbaro?

347 2738 426 2775 Non
450 2751 469 2774 a
495 2738 627 2775 rustico
649 2747 680 2775 et
702 2738 854 2775 barbaro
884 2747 1036 2788 tantum,
1058 2739 1119 2778 sed
1143 2756 1163 2778 a
1181 2742 1335 2792 quibus-

346 2799 448 2848 libet,
465 2799 602 2837 etiamsi
614 2800 693 2851 plus
705 2814 811 2850 quam
826 2801 967 2838 barbari
980 2801 1123 2840 fuerint.
1136 2803 1208 2840 Cur
1224 2804 1332 2850 enim,

347 2874 465 2910 quaeso
485 2869 537 2909 te,
557 2860 586 2896 si
606 2861 697 2897 circa
720 2861 901 2898 saecularia
919 2861 1088 2913 injuriam
1104 2863 1281 2914 patiatur,
1304 2874 1337 2902 et
1361 2886 1383 2915 B

349 2922 588 2959 contradicere
617 2923 694 2969 scit,
717 2933 750 2960 et
777 2924 852 2961 vim
881 2924 1067 2962 inferentes
1101 2927 1331 2978 propulsare,

347 2983 509 3033 nihilque
530 2997 600 3020 non
624 2983 696 3033 agit
713 2992 745 3020 et
771 2983 995 3035 aggreditur,
1015 2994 1053 3022 ut
1079 2999 1121 3022 ne
1138 2986 1196 3023 vel
1223 2987 1334 3024 mini-

349 3058 405 3081 me
432 3044 603 3092 laedatur3
624 3044 659 3081 in
689 3045 936 3097 spiritualibus
962 3059 1044 3083 vero
1065 3060 1133 3083 non
1151 3047 1229 3099 pari
1246 3063 1332 3099 pru-

349 3104 469 3142 dentia
497 3105 639 3142 utitur?
659 3114 690 3143 et
722 3119 801 3142 cum
828 3105 986 3157 lapidem
1024 3105 1147 3145 adorat
1174 3117 1207 3145 et
1227 3108 1335 3146 deum

350 3175 466 3217 putat,
488 3180 569 3204 cum
596 3166 673 3204 dies
692 3167 800 3205 festos
828 3167 997 3218 celebrat,
1014 3176 1046 3205 et
1061 3168 1229 3220 pecunias
1247 3183 1335 3221 pro-

399 3303 414 3326 b
431 3303 442 3344 [
457 3312 552 3347 σαρῶς
567 3302 662 3336 adaliz
679 3304 734 3346 Α.]

395 3365 406 3378 ⁰
430 3356 442 3395 [
461 3363 607 3400 φανότερα
623 3366 683 3398 pro
701 3364 892 3402 φανερώτερα
908 3354 1060 3390 dedimus
1085 3367 1124 3390 ex
1149 3358 1184 3389 Α.
1201 3364 1234 3390 et.
1249 3368 1354 3401 marg.

351 3405 468 3448 511111.]

1412 1945 1459 1997 μὴ
1479 1946 1650 1998 πάρεργον
1671 1951 1771 1984 τοῦτο
1785 1949 1957 1997 ἡγεῖσθαι.
1986 1945 2047 1992 Μὴ
2068 1945 2134 1997 γὰρ
2152 1947 2185 1983 ἐν
2208 1943 2428 1995 Παλαιστίνῃ

1409 2006 1453 2044 τὰ
1473 2007 1664 2058 πράγματα
1686 2005 1933 2053 συνεκλείσθη;
1959 2005 2007 2056 μὴ
2037 2005 2104 2058 γὰρ
2123 2007 2158 2043 ἐν
2186 2005 2295 2058 γωνίᾳ
2321 2011 2431 2056 μικρᾷ

1408 2071 1470 2113 ’.ἧς
1490 2059 1712 2117 οἷκουμένηςς
1729 2069 1806 2105 Οὐκ
1823 2066 1975 2111 ἤκουσας
1988 2070 2048 2104 τοῦ
2064 2066 2241 2118 προφήτου
2257 2066 2429 2116 λέγοντος,

1409 2126 1462 2165 ὅτι
1491 2127 1626 2169 Πάντες
1655 2126 1830 2172 εἷδῆσουσί
1850 2142 1893 2176 με
1912 2126 1980 2164 ἀπὸ
2011 2129 2135 2178 μικροῦ
2163 2124 2227 2168 ἕως
2257 2123 2431 2176 μεγάλου;

1409 2190 1474 2239 οὔχ
1504 2191 1585 2240 ὁρᾷς
1616 2186 1660 2224 τὰ
1694 2188 1888 2239 πράγματα
1920 2186 2150 2232 ἀληθεύοντα;
2186 2187 2270 2228 Πῶς
2302 2179 2359 2222 οὖν
2389 2185 2429 2222 ἂν

1408 2249 1519 2300 ἔχοιεν
1540 2243 1632 2286 οὗτοι
1654 2247 1879 2299 συγγνώμην,
1899 2249 2045 2298 ὁρῶντες
2069 2247 2107 2284 τὸ
2127 2246 2239 2297 δόγμα
2258 2249 2319 2291 τῆς
2339 2247 2429 2290 ἀλη-

1409 2310 1500 2351 θείας
1535 2308 1781 2358 ἐκτεταμένον,
1819 2308 1878 2346 καὶ
1913 2306 1961 2357 μὴ
2002 2307 2306 2359 περιεργαζόμενοι
2341 2304 2430 2356 μηδὲ

1408 2369 1641 2420 φροντίζοντες
1663 2371 1804 2418 μαθεῖν;

1459 2682 1529 2720 Καὶ
1562 2684 1672 2719 ταῦτα
1702 2681 1800 2735 παρὰ
1822 2680 1983 2735 ἀγροίκου
2002 2680 2060 2718 καὶ
2087 2679 2286 2732 βαρὲἄρου,
2310 2680 2427 2732 φησὶν,

1409 2745 1588 2790 ἀπαιτεῖς,
1624 2745 1676 2781 Οὔ
1704 2741 1800 2793 παρὰ
1826 2742 1986 2795 ἀγροίκου
2011 2741 2071 2779 καὶ
2105 2740 2281 2793 βαρὲοίρου
2313 2740 2429 2790 μόνον,

1409 2805 1499 2842 ἀλλὰ
1515 2804 1575 2842 καὶ
1595 2804 1625 2842 εἴ
1642 2819 1694 2846 τις
1708 2806 1776 2840 τῶν
1794 2807 1852 2841 νῦν
1867 2804 1973 2841 ὄντων
1994 2801 2308 2860 βαρὲαιρικώτερος.
2328 2803 2361 2840 Τ
2365 2801 2432 2845 ίνος

1408 2865 1475 2917 γὰρ
1497 2866 1623 2910 ἕνεκεν,
1642 2864 1719 2902 εἰπέ
1739 2881 1818 2914 μοι,
1842 2864 1899 2901 ἐπὶ
1920 2863 1980 2914 μὲν
2003 2867 2070 2901 τῶν
2087 2861 2267 2914 ’βιωτικῶν
2288 2863 2348 2900 καὶ
2371 2864 2430 2899 ἀν-

1409 2931 1539 2963 τειπεῖν
1561 2919 1649 2963 οἶδεν
1671 2924 1896 2974 ἀδικούμενος
1912 2954 1922 2971 ,
1949 2924 2008 2961 καὶ
2038 2926 2241 2968 ἀντιστῆναι
2262 2922 2430 2973 βιαζόμε-

1405 3003 1461 3030 νος
1477 3017 1486 3033 ,
1505 2986 1564 3024 καὶ
1584 2987 1700 3024 πάντα
1718 2991 1810 3023 ποιεῖ
1829 2985 1888 3023 καὶ
1901 2983 2188 3035 πραγματεύεται
2204 3012 2213 3030 ,
2233 2982 2324 3020 ὥστε
2343 2983 2431 3033 μηδὲ

1407 3048 1530 3101 μικρὸν
1559 3044 1818 3097 ἐπηρεασθῆναί
1841 3060 1924 3082 ποτε
1937 3060 1944 3067 ·
1967 3044 2025 3082 ἐπὶ
2045 3043 2081 3082 δὲ
2097 3047 2165 3081 τῶν
2185 3046 2431 3093 πνευματικῶν

1406 3111 1443 3146 οὖ
1465 3108 1636 3160 κέχρηται
1657 3110 1699 3158 τῇ
1734 3108 1819 3157 αὐτῇ
1847 3104 1957 3157 ταύτῃι
1989 3105 2143 3152 συνέσει,
2176 3104 2236 3143 καὶ
2262 3104 2344 3142 ὅταν
2369 3103 2431 3155 μὲν

2186 3171 2199 3187 a

1405 3169 1499 3207 λίθον
1527 3171 1704 3221 προσκυνῇ
1734 3167 1794 3205 καὶ
1824 3167 1896 3205 θεὸν
1919 3170 2076 3218 ἡγεῖται,
2102 3167 2161 3205 καὶ
2209 3166 2329 3219 ἑορτὰς
2353 3168 2432 3204 ἐπι-

1467 3316 1480 3330 r·
1507 3302 1622 3336 Morel.
1634 3304 1740 3335 minus
1757 3310 1858 3343 recte,
1876 3306 1982 3346 ἑορτὰς
1997 3306 2136 3337 ἐπιτελεῖ.
2149 3302 2220 3345 [Sic
2233 3313 2363 3345 quoque
2376 3302 2432 3334 Sa-

1423 3357 1518 3390 vilius
1533 3365 1566 3389 et
1583 3358 1633 3396 A„
1647 3364 1757 3388 reete:
1779 3354 1896 3398 incipit
1912 3357 2000 3387 enim
2013 3354 2170 3397 apodosis
2185 3354 2228 3387 ab
2243 3355 2369 3396 verbis,
2385 3360 2434 3388 καὶ

1425 3413 1530 3453 ἑορτὰς
1546 3413 1623 3444 &nir-
1644 3409 1756 3449 Quare
1772 3407 1870 3441 scrib.
1892 3407 2028 3449 ἦγῆται-]
