2502 3810
677 241 719 269 lN
756 241 869 270 ACTA
909 239 1244 270 APOSTOLORUM.
1284 240 1437 271 nonu„
1478 225 1584 272 x'Lv.

94 318 220 365 ἠξίωσε
233 347 242 363 ,
257 318 404 356 κατευθὺ
424 318 585 362 πλέοντες
604 323 663 366 τῆς
684 321 812 373 Συρίας
824 337 831 345 ·
860 321 967 364 οὕτως
986 321 1107 359 ἔσπευ-

95 380 160 416 δεν.
197 372 284 416 Εἶτα
310 378 370 416 καὶ
389 379 613 430 κατήχθημεν
640 383 687 423 εἷς
702 381 835 433 Τύρον,
855 381 958 432 φησί·
978 381 1036 419 καὶ
1056 383 1108 418 εὗ-

94 439 206 489 ρόντες
227 439 406 489 μαθητὰς,
435 440 618 491 ἐμείναμεν
647 442 731 494 πρὸς
753 442 885 486 αὐτούς.
916 442 1005 481 εὈτε
1021 443 1108 488 πλη-

93 499 164 537 σίον
184 494 271 545 ἦσαν
290 500 555 553 Ἱεροσολύμων,
575 504 637 540 οὐκ
655 503 706 541 ἔτι
722 503 916 555 τρέχουσιν,
938 503 1027 542 ἀλλὰ
1047 502 1106 540 καὶ

93 560 234 610 μένουσι
257 561 353 613 παρὰ
386 568 455 605 τοῖς
480 564 637 615 ἀδελφοῖς
665 563 753 602 ἑπτὰ
772 565 917 616 ἡμέρας.
948 564 1019 602 Ἴδε
1048 580 1107 615 μοι

41 648 49 654 .
91 621 209 659 λοιπὸν
238 622 297 659 καὶ
327 623 386 666 τὰς
404 623 549 676 ἡμέρας.
582 625 681 662 Μετὰ
695 625 738 663 τὰ
759 625 873 676 ἄζυμα
890 627 936 668 εἷς
953 625 1105 677 Τρωάδα

92 676 194 727 ἦλθον
223 683 268 719 δι’
284 686 423 735 ἡμερῶν
442 685 560 722 πέντε·
584 679 660 723 εἶτα
679 688 749 724 ἐκεῖ
772 687 860 724 ἑπτά
877 701 884 709 ·
914 685 975 728 τὰς
990 685 1106 728 πάσας

89 743 224 781 δώδεκα
239 761 246 768 ·
265 739 339 782 εἶτα
359 748 404 788 εἷς
432 746 495 792 τὴν
514 745 636 785 Ἄσσον
649 778 659 795 ,
682 750 729 791 εἷς
745 753 758 768 ⁰
770 747 987 794 Μυτιλήνην,
1008 750 1104 784 ἀντι-ν

90 803 152 857 κρὺ
175 806 273 851 Χίου,
286 807 561 858 εἷςΤρωγύλιον,
583 809 629 851 εἷς
645 808 765 857 Σάμον
787 808 846 844 καὶ
866 809 913 850 εἷς
933 807 1103 852 Μίλητον·

90 865 265 903 δεκαοκτὼ
283 867 412 917 ’ἡμέραι
430 870 464 904 αἱ
485 874 606 905 πᾶσαι.
631 862 720 905 Εἶτα
740 868 786 909 εἷς
800 869 892 913 Κῶν,
909 868 955 909 εἷς
971 865 1104 913 (Ρόδον,

90 926 136 967 εἷς
156 926 319 977 Πάταρα,
343 926 452 964 εἴκοσι
477 927 536 964 καὶ
559 926 633 976 μία·
654 920 727 963 εἶτα
752 929 878 963 ἐκεῖθεν
899 927 941 961 δι’
962 928 1102 976 ἡμερῶν

88 986 189 1024 πέντε
216 990 262 1029 εἷς
288 988 418 1039 Τύρον,
451 987 486 1030 ἒξ
518 986 577 1023 καὶ
604 985 738 1023 εἴκοσι·
767 985 887 1023 λοιπὸν
914 987 984 1022 ἐκεῖ
1013 985 1103 1023 ἑπτὰ

87 1046 272 1096 τριάκοντα
287 1048 345 1085 καὶ
364 1053 469 1099 τρεῖς·
492 1040 565 1083 εἶτα
585 1047 631 1088 εἷς
647 1044 872 1096 Πτολεμαΐδα
889 1044 984 1094 μίαν,
1003 1045 1102 1097 τριά-

87 1121 191 1143 κοντα
219 1107 405 1159 τέσσαρες·
435 1100 509 1143 εἶτα
539 1107 586 1148 εἷς
614 1105 827 1156 Καισάρειαν
846 1105 985 1149 πλείους
1007 1106 1102 1156 μένει

86 1167 153 1204 τῶν
174 1167 288 1203 ἄλλων
306 1182 313 1189 ·
335 1167 394 1203 καὶ
411 1166 490 1203 τότε
510 1166 629 1204 λοιπὸν
652 1168 780 1204 ἐκεῖθεν
809 1167 930 1209 αὐτοὺς
952 1166 1071 1219 ἀνοίγει
1085 1169 1103 1205 ὁ

85 1225 276 1277 προφήτης.
306 1225 428 1277 Οὕτως
447 1229 468 1272 ἡ
491 1226 709 1274 πεντηκοστὴ
729 1229 935 1279 πληροῦται,
958 1228 1018 1265 καὶ
1033 1231 1103 1266 ἐκεῖ

85 1287 192 1334 αὐτὴν
211 1294 315 1326 ποιεῖ.
349 1287 446 1340 ΕὈρα
466 1289 568 1327 αὐτὸν
588 1288 646 1327 ὅτε
668 1289 707 1327 τὸ
725 1290 872 1339 Πνεῦμα
892 1291 952 1326 οὐκ
971 1288 1101 1326 ἐκώλυε

84 1348 301 1399 πειθόμενον.
334 1343 464 1396 Εἶπον,
496 1349 557 1396 Μὴ
584 1350 648 1400 δῷς
671 1351 792 1388 σαυτὸν
818 1352 865 1393 εἷς
890 1350 928 1388 τὸ
945 1350 1100 1401 θέατρον,

84 1409 143 1446 καὶ
158 1411 217 1447 οὐκ
233 1409 357 1447 ἔδωκε·
374 1409 541 1453 πολλάκις
558 1411 660 1448 αὐτὸν
678 1410 857 1460 ἐξήγαγον,
873 1409 931 1447 καὶ
945 1410 1099 1458 ἐπείσθη·

85 1469 141 1507 διὰ
174 1469 306 1522 θυρίδος
338 1470 442 1508 πάλιν
477 1470 599 1522 ἔφυγε·
621 1472 680 1508 καὶ
704 1477 759 1509 νῦν
779 1474 826 1514 ὡς
844 1473 950 1508 εἰπεῖν
969 1471 1100 1523 μυρίων

83 1529 392 1581 παρακαλούντων,
412 1531 471 1569 καὶ
487 1535 555 1569 τῶν
573 1534 606 1569 ἐν
627 1531 734 1584 Τύρῳ
752 1531 810 1569 καὶ
827 1534 894 1569 τῶν
918 1533 952 1568 ἐν
973 1533 1103 1570 Katoa-

85 1590 182 1642 ρεία,
214 1591 273 1629 καὶ
300 1588 488 1629 κλαὶόντων
519 1592 579 1629 καὶ
611 1593 717 1643 μυρία
737 1591 973 1643 προλεγόντων
996 1591 1100 1641 δεινὰ,

84 1653 144 1688 οὐκ
164 1651 335 1703 ἀνέχεται.
351 1652 420 1690 Καὶ
439 1652 506 1702 μὴν
522 1655 586 1705 οὐχ
597 1654 715 1696 ἁπλῶς
732 1653 775 1691 τὰ
792 1652 885 1690 δεινὰ
901 1652 1101 1703 προέλεγον,

84 1713 174 1750 ἀλλὰ
204 1712 261 1750 διὰ
291 1718 351 1751 τοῦ
381 1714 587 1764 Πνεύματος
615 1713 812 1766 προέλεγον.
844 1716 890 1751 Εἰ
918 1713 1030 1751 τοίνυν
1062 1713 1101 1751 τὸ

83 1774 229 1823 Πνεῦμα
254 1774 412 1811 ἐκέλευσε
430 1804 439 1820 ,
461 1774 517 1811 διὰ
538 1774 572 1811 τί
593 1777 769 1820 ἀντεῖπον,
790 1774 875 1812 νΌτι
894 1776 956 1812 οὔκ
974 1774 1099 1824 ᾔδεσαν

84 1834 172 1885 ἅπερ
203 1834 314 1871 ἐδόκει
340 1838 390 1886 τῷ
423 1835 617 1885 Πνεύματι.
655 1836 724 1874 Καὶ
745 1836 859 1879 ἄλλως
881 1836 915 1873 δὲ
942 1834 1017 1873 οὐδὲ
1037 1834 1099 1880 τὴν

83 1894 285 1945 παραίνεσιν
315 1894 372 1932 διὰ
398 1900 457 1934 τοῦ
491 1896 697 1946 Πνεύματος
725 1900 911 1935 ἐποιοῦντο.
955 1899 1007 1934 Οὐ
1033 1896 1099 1947 γὰρ

83 1954 201 1997 ἁπλῶς
221 1956 313 2006 αὐτῷ
333 1954 376 1992 τὰ
405 1954 499 1992 δεινὰ
519 1955 728 2006 προύλεγον,
754 1955 832 1993 ἀλλ’
855 1955 907 1992 ὅτι
927 1954 1100 1999 &vasi-”qum

82 2017 119 2053 οὐ
138 2015 208 2066 χρὴ
225 2046 234 2063 ,
257 2015 451 2068 φειδόμενοι
473 2019 587 2054 αὐτοῦ.
613 2017 715 2055 Μετὰ
734 2017 769 2054 δὲ
784 2017 823 2054 τὸ
842 2015 1019 2066 ἐξαρτίσαι
1038 2014 1099 2058 τὰς

81 2077 234 2128 ἡμέρας,
264 2077 368 2128 φησί·
389 2077 557 2122 τουτέστι,
577 2079 784 2129 πληρῶσαι·
802 2077 935 2127 ’ἡμέρας
955 2076 990 2113 δὲ
1006 2076 1099 2128 λέγει

80 2135 141 2180 τὰς
169 2137 403 2189 τεταγμένας·
436 2137 715 2189 προπεμπόντων
745 2140 837 2187 ἡμᾶς
866 2137 1007 2175 πάντων
1039 2136 1099 2175 σὺν

80 2197 214 2247 γυναιξὶ
230 2198 289 2236 καὶ
304 2198 445 2241 τέκνοις.

80 2446 291 2485 διαλύονται.
315 2448 384 2485 Καὶ
412 2449 446 2485 ἐν
473 2446 690 2498 Πτολεμαΐδι
719 2447 799 2498 μίαν
829 2448 988 2499 μένουσιν
1009 2448 1097 2499 ἡμέ-

81 2523 160 2558 ραν,
179 2511 214 2546 ἐν
237 2508 272 2545 δὲ
292 2508 487 2560 Καισαρείᾳ
507 2508 655 2552 πλείους.
676 2508 745 2546 Καὶ
771 2509 827 2547 ὅτε
853 2509 999 2556 ἤκουσεν
1013 2540 1023 2557 ,
1041 2510 1096 2549 ὅτι

80 2568 187 2620 μυρία
221 2568 314 2606 δεινὰ
343 2569 415 2620 ἔχει
450 2572 591 2616 παθεῖν,
618 2569 696 2607 τότε
729 2570 920 2620 ἐπείγεται,
943 2573 1004 2608 οὐκ
1038 2571 1096 2608 ἐπὶ

77 2629 153 2673 τοὺς
185 2629 358 2672 κινδύνους
386 2628 515 2680 ῥίπτων
541 2630 683 2676 ἑαυτὸν,
714 2632 790 2667 ἀλλ’
820 2631 1009 2681 ἡγούμενος
1035 2637 1095 2670 τοῦ

78 2689 282 2740 Πνεύματος
303 2683 390 2727 εἶναι
408 2689 446 2727 τὸ
465 2689 686 2742 πρόσταγμα.
707 2690 809 2728 Μετὰ
829 2692 864 2728 δὲ
883 2692 944 2735 τὰς
962 2692 1096 2744 ἡμέρας

77 2749 202 2793 ταύτας
221 2749 554 2800 ἐπισκευασάμενοι,
574 2750 696 2802 φησὶν,
716 2751 946 2802 ἅναὸαίνομεν
966 2755 1014 2796 εἷς
1032 2753 1096 2791 Ἱε-

79 2807 255 2858 ροσόλυμα
269 2823 276 2830 ·
295 2808 476 2854 τουτέστι,
499 2807 543 2845 τὰ
562 2809 646 2860 πρὸς
669 2808 731 2855 τὴν
755 2809 949 2862 ὁδοιπορίαν
970 2811 1095 2850 >afflas-

77 2883 144 2910 τες.
163 2869 337 2913 Συνῆλθον
358 2868 394 2906 δὲ
420 2869 480 2906 καὶ
507 2871 575 2906 τῶν
605 2872 770 2919 μαθητῶν
791 2871 860 2908 ἀπὸ
886 2872 1096 2924 Καισαρείας

77 2928 136 2968 σὺν
155 2933 238 2980 ἡμῖν
251 2959 261 2977 ,
282 2930 420 2981 ἄγοντες
441 2932 523 2982 παρ’
545 2924 573 2982 ᾧ
592 2929 818 2981 ξενισθῶμεν,
839 2932 1008 2970 Μνάσωνί
1029 2949 1096 2971 τινι

77 2989 243 3042 Κυπρίῳ,
278 2990 415 3043 ἀρχαίῳ
446 2992 610 3040 μαθητῇ·
630 2991 820 3041 γενομένων
847 2991 881 3028 δὲ
914 2995 1014 3043 ἡμῶν
1047 2996 1094 3037 εἷς

77 3049 320 3102 Ἱεροσόλυμα,
342 3051 500 3100 ἀσμένως
520 3051 677 3095 ἐδέξαντο
691 3054 785 3102 ἡμᾶς
803 3054 834 3090 οἱ
855 3053 1007 3106 ἀδελφοί.
1024 3055 1095 3092 Καὶ

77 3111 161 3162 ὅρα,
184 3114 245 3149 οὐκ
264 3105 358 3150 εἶπεν
384 3111 552 3163 Ἄγανῗος,
583 3112 635 3151 ὅτι
668 3114 807 3151 Παῦλον
836 3113 996 3160 δήσουσιν
1009 3145 1019 3163 ,
1039 3115 1096 3153 ῗνα

79 3171 126 3221 μὴ
158 3171 236 3222 δόξῃ
260 3174 298 3210 ἐκ
325 3173 496 3219 συνθήκης
516 3173 650 3225 λέγειν·
673 3174 784 3220 ἀλλὰ,
814 3174 883 3212 Τὸν
913 3176 1038 3228 ἄνδρα,
1058 3171 1096 3213 οῦ

695 3236 711 3257 γ
727 3233 735 3246 l

78 3235 169 3270 ἐστιν
199 3235 220 3277 ἡ
253 3231 341 3279 ζώνη
371 3232 472 3280 αὕτη.
503 3233 589 3286 Ἄρα
616 3234 674 3272 καὶ
696 3251 803 3281 ςωνην
825 3238 929 3286 εἶχεν.
950 3236 1096 3283 Ἐπειδὴ

2067 230 2149 275 581

1179 320 1384 370 ostenderet,
1401 335 1444 359 ne
1462 335 1572 373 prope
1601 320 1746 372 quidem
1775 322 1874 360 illam
1899 322 2062 361 accedere
2093 338 2158 363 vo-

1132 393 1155 423 (3
1178 380 1303 431 luisse,
1322 396 1401 418 cum
1422 391 1516 420 recto
1537 397 1643 420 cursu
1665 382 1701 420 in
1723 383 1866 435 Syriam
1886 393 2093 435 pergerent:
2109 385 2158 422 ita

1179 454 1303 492 nempe
1320 441 1520 480 festinabat.
1547 441 1682 480 Deinde
1710 445 1891 482 Venimus
1914 446 1947 481 T
1942 458 2075 492 ¹yrum,
2103 445 2157 482 in-

1177 502 1271 551 quit,
1307 506 1549 555 inventisque
1576 505 1788 555 discipulis,
1828 508 2040 543 mansimus
2070 520 2157 544 eum

1177 564 1268 601 illis.
1290 565 1381 602 Cum
1406 574 1518 602 essent
1545 579 1655 617 prope
1682 566 1955 618 Jerosolymam,
1987 580 2055 604 non
2080 568 2158 618 jam

1177 633 1336 672 currunt,
1361 624 1423 662 sed
1452 625 1559 662 etiam
1589 635 1729 664 manent
1749 626 1845 678 apud
1865 627 1991 664 fratres
2023 636 2157 678 septem

1175 683 1314 722 diebus.
1347 685 1443 724 Vide
1459 686 1535 736 jam
1553 686 1629 723 dies
1658 697 1852 725 enumerat.
1869 689 1953 725 Post
1968 691 2101 740 Azyma
2121 688 2158 726 in

1178 744 1357 782 Troadem
1387 755 1561 783 venerunt
1592 746 1718 783 diebus
1749 748 1907 798 quinque
1918 763 1928 796 3
1947 748 2076 786 deinde
2105 750 2156 787 ibi

1173 803 1248 840 dies
1267 814 1424 855 septem,
1446 815 1598 854 suntque
1617 805 1693 842 dies
1722 806 1913 845 duodecim
1933 824 1941 844 ε
1959 808 2087 847 deinde
2119 810 2155 847 in

1174 865 1319 909 Assum,
1336 863 1548 914 Mitylenen,
1570 873 1690 901 contra
1706 865 1850 913 Chium,
1871 867 1907 903 in
1923 869 2155 919 Trogylium,

1173 921 1210 958 in
1226 923 1389 971 Samum,
1406 923 1592 972 Miletum,
1610 923 1686 961 dies
1701 939 1819 963 omnes
1838 936 1919 964 sunt
1937 928 2131 966 octodecim
2149 946 2156 965 :

1174 992 1293 1033 postea
1313 983 1350 1020 in
1372 984 1497 1033 Coum,
1516 985 1552 1022 in
1583 985 1762 1033 Rhodum,
1780 987 1943 1025 Pataram
1955 1003 1966 1037 3
1990 999 2072 1026 sunt
2096 990 2156 1027 vi-

1173 1044 1262 1095 ginti
1281 1055 1314 1083 et
1335 1060 1404 1084 una
1418 1046 1493 1085 dies
1511 1063 1518 1083 :
1539 1046 1669 1085 deinde
1687 1048 1817 1086 isthinc
1831 1063 1892 1100 per
1909 1049 1984 1087 dies
2000 1050 2157 1101 quinque

1174 1106 1338 1157 Tyrum3
1358 1117 1395 1145 ut
1414 1107 1484 1145 sint
1515 1107 1590 1145 dies
1616 1108 1741 1158 viginti
1770 1123 1852 1147 sex:
1883 1110 1935 1147 ibi
1964 1119 2083 1161 postea
2103 1125 2156 1149 se-

1171 1176 1268 1219 ptem
1295 1167 1371 1206 dies
1394 1184 1401 1205 :
1428 1179 1509 1207 sunt
1527 1168 1604 1207 dies
1635 1169 1782 1221 triginta
1806 1180 1901 1209 tres:
1922 1172 2006 1211 hinc
2035 1174 2153 1211 Ptole-

1172 1228 1324 1267 maidem
1349 1244 1418 1268 una
1442 1230 1523 1281 die,
1567 1240 1650 1269 sunt
1668 1231 1815 1282 triginta
1834 1242 2008 1283 quatuor:
2030 1234 2157 1272 deinde

1173 1290 1339 1329 Caesareae
1359 1301 1476 1329 manet
1495 1292 1675 1343 pluribus,
1698 1307 1805 1343 quam
1822 1294 1924 1343 ahhi,
1945 1294 2096 1344 diebus3
2124 1304 2158 1334 ct

1173 1359 1258 1389 tunc
1269 1351 1415 1389 demum
1428 1352 1509 1390 inde
1527 1353 1606 1390 illos
1622 1353 1770 1391 abducit
1785 1354 1969 1406 propbeta.
1987 1356 2046 1393 Sic
2060 1371 2158 1394 conl-

1173 1411 1292 1462 pletur
1309 1411 1385 1450 dies
1411 1413 1630 1451 pentecostes
1650 1423 1683 1451 ct
1701 1414 1751 1451 ibi
1771 1414 1870 1452 illam
1889 1416 2039 1467 peragit.
2060 1417 2157 1457 Vide

1172 1472 1289 1520 illum,
1308 1472 1448 1523 quando
1464 1473 1622 1525 Spiritus
1633 1488 1702 1512 non
1720 1475 1946 1526 prohibebat,
1963 1477 2158 1528 obsequen-

1172 1541 1254 1570 tem.
1271 1534 1459 1583 Dicebant,
1476 1537 1536 1573 Ne
1549 1537 1615 1573 des
1633 1545 1669 1574 te
1682 1539 1723 1574 in
1743 1538 1952 1584 theatrum,
1972 1547 2004 1575 et
2016 1552 2084 1576 non
2095 1539 2157 1576 de-

1169 1593 1222 1631 dit
1239 1610 1247 1630 :
1267 1609 1357 1647 saepe
1375 1596 1478 1633 illum
1499 1595 1709 1648 educebant,
1731 1607 1763 1635 et
1782 1613 1917 1636 morem
1943 1600 2050 1650 gessit
2068 1616 2075 1636 :
2091 1615 2156 1653 per

1172 1654 1359 1693 fenestram
1370 1656 1496 1693 iterum
1507 1657 1632 1708 cffugit
1647 1673 1654 1693 ε
1672 1667 1706 1695 et
1724 1672 1832 1708 nunc,
1846 1669 1885 1697 ut
1897 1658 1945 1697 ita
1961 1660 2090 1710 dicam,
2105 1662 2157 1699 in-

1126 1722 1149 1752 E
1172 1719 1330 1757 numeris
1342 1720 1549 1771 rogantibus
1563 1730 1596 1758 et
1605 1721 1696 1772 Tyri
1710 1731 1742 1759 et
1754 1723 1931 1770 Caesareae,
1941 1724 2109 1762 flentibus
2123 1734 2156 1763 et

1172 1779 1353 1817 innumera
1366 1781 1486 1831 gravia
1499 1781 1786 1833 praedicentibus,
1797 1797 1866 1820 non
1878 1784 1982 1833 cedit,
1991 1786 2155 1835 quamvis

1169 1853 1237 1877 non
1252 1840 1355 1878 modo
1368 1841 1490 1891 gravia
1506 1840 1753 1893 praedicerent,
1767 1843 1830 1880 sed
1845 1843 1949 1881 etiam
1966 1860 2027 1896 per
2041 1845 2154 1897 Spiri-

1171 1909 1247 1938 tum
1261 1901 1503 1953 praedicerent.
1520 1902 1559 1940 Si
1582 1916 1664 1953 ergo
1685 1903 1840 1953 Spiritus
1855 1905 1975 1955 jussit,
1992 1919 2055 1942 cur
2072 1919 2154 1943 con-

1171 1961 1415 1999 tradicebant?
1449 1963 1543 2008 Quia
1575 1962 1778 2001 nesciebant
1805 1964 1961 2016 Spiritus
1992 1980 2151 2018 scopum.

1169 2022 1337 2073 Alioquin
1357 2037 1441 2061 vero
1460 2018 1743 2061 adhortationem
1771 2024 1872 2062 illam
1897 2040 1960 2077 per
1977 2027 2154 2078 Spiritum

1169 2097 1238 2120 non
1266 2083 1452 2121 faciebant.
1481 2083 1687 2123 Nonmodo
1709 2085 1804 2122 enim
1833 2086 1956 2136 gravia
1982 2087 2153 2139 praedice-

1168 2144 1266 2191 bant,
1284 2143 1344 2182 sed
1361 2145 1553 2193 addebant,
1576 2159 1645 2182 non
1674 2146 1937 2184 ascendendum
1960 2162 2049 2198 esse,
2072 2163 2154 2200 par-

1169 2216 1282 2244 centes
1297 2207 1365 2244 illi.
1387 2209 1440 2245 Et
1453 2208 1636 2259 perfectis
1650 2209 1796 2255 diebus,
1815 2210 1947 2259 inquit,
1964 2210 2000 2246 id
2021 2220 2072 2248 est
2091 2225 2153 2248 ex-

1168 2266 1272 2318 pletis
1292 2283 1300 2304 :
1319 2267 1395 2305 dies
1415 2277 1534 2305 autem
1552 2267 1640 2305 dicit
1664 2269 1882 2319 praestitutos
1901 2285 1909 2305 t
1930 2271 2154 2309 deducenti-

1172 2329 1238 2365 bus
1255 2342 1323 2366 nos
1339 2331 1514 2366 omnibus
1531 2342 1619 2366 cnm
1635 2331 1820 2368 uoeoribus
1839 2339 1875 2368 et
1898 2331 2041 2370 liberis.

1221 2390 1257 2426 5.
1275 2388 1371 2427 Vide
1387 2399 1518 2440 quanta
1533 2390 1726 2427 consolatio
1745 2399 1853 2428 esset:
1871 2401 1903 2429 et
1914 2407 2036 2430 rursus
2049 2408 2155 2432 oran—

1166 2457 1217 2486 tes
1246 2448 1480 2487 divelluntur.
1509 2449 1631 2487 Etiam
1656 2450 1877 2489 Ptolemaide
1895 2466 1965 2490 uno
1992 2452 2052 2490 die
2082 2468 2155 2492 ma-

1168 2519 1264 2559 nent,
1290 2511 1453 2548 Caesareae
1475 2524 1558 2548 vero
1586 2510 1753 2562 plurimis
1771 2510 1910 2550 (liebus.
1935 2515 1982 2551 Et
2011 2515 2154 2564 quando

1167 2571 1308 2608 audivit
1324 2586 1360 2609 se
1379 2571 1563 2609 innumera
1589 2572 1710 2622 gravia
1733 2585 1923 2623 passurum
1953 2588 2040 2620 esse,
2069 2584 2153 2613 tune

1166 2633 1321 2682 festinat,
1343 2646 1413 2670 non
1432 2646 1506 2669 sese
1534 2633 1570 2670 in
1590 2632 1748 2684 pericula
1778 2634 1978 2685 conjiciens,
2000 2634 2061 2672 sed
2088 2650 2152 2687 pu-

1167 2704 1243 2732 tans
1258 2694 1412 2746 Spiritus
1432 2708 1504 2732 esse
1521 2703 1750 2746 pracceptum.
1774 2696 1838 2733 15.
1856 2698 1951 2734 Post
1980 2698 2061 2735 dies
2083 2712 2152 2736 au-

1170 2765 1245 2794 tem
1270 2757 1353 2801 hos,
1380 2755 1513 2805 inquit,
1532 2759 1745 2806 proeparati
1775 2758 2077 2796 ascendebamus
2111 2762 2152 2795 in

1167 2817 1385 2855 Jerusalem
1393 2832 1408 2861 ;
1427 2815 1464 2853 id
1484 2825 1548 2864 est,
1567 2816 1718 2867 acceptis
1737 2816 1796 2866 iis,
1825 2831 1904 2867 quae
1935 2817 1981 2854 ad
2008 2818 2074 2855 iter
2092 2833 2151 2856 ne-

1169 2877 1316 2915 cessaria
1337 2885 1449 2914 erant.
1473 2878 1538 2914 16.
1570 2878 1765 2914 Venerunt
1795 2886 1926 2915 autem
1954 2881 2152 2917 nobiscum

1157 2948 1193 2979 et
1214 2952 1261 2975 ez·
1284 2937 1486 2988 discipulis
1501 2951 1526 2974 a
1548 2938 1741 2984 Coesarea,
1761 2938 2001 2975 adducentes
2028 2953 2156 2977 secum

1168 3000 1273 3051 apud
1303 3012 1415 3049 quem
1446 2999 1738 3049 hospitaremus,
1768 3000 1818 3035 M
1817 3012 2002 3036 nasonem
2024 3014 2154 3051 quem-

1120 3065 1143 3094 Β
1170 3061 1261 3098 dam
1281 3061 1484 3110 Cyprium,
1508 3061 1710 3109 antiquum
1741 3060 1985 3110 discipulum.
2016 3063 2077 3099 47.
2099 3063 2152 3098 Et

1170 3135 1257 3159 cum
1274 3123 1513 3158 venissemus
1543 3120 1573 3156 J
1573 3120 1846 3168 erosolymam,
1869 3120 2031 3157 libenter
2046 3134 2153 3158 exce-

1169 3189 1307 3232 perunt
1326 3194 1394 3218 nos
1410 3181 1571 3231 fratres.
1591 3180 1637 3217 Et
1656 3179 1751 3227 vide,
1774 3194 1841 3217 non
1860 3179 1954 3217 dixit
1973 3180 2118 3231 Agabus
2143 3197 2149 3217 ι

1173 3241 1324 3278 Paulum
1348 3241 1524 3292 ligabunt,
1549 3253 1590 3277 ne
1621 3239 1801 3277 videretur
1819 3253 1862 3278 ex
1892 3249 1993 3292 pacto
2017 3240 2152 3289 diccre;

1111 2364 1158 2388 εἰ

132 2385 230 2439 “Ὀρα
247 2386 338 2434 πόση
355 2390 374 2434 ἡ
394 2387 617 2439 παράκλησις
631 2382 685 2428 ἦν·
711 2387 769 2426 καὶ
790 2388 894 2426 πάλιν
916 2390 1098 2441 εὐχόμενοι
1122 2373 1148 2430 :a

120 3374 132 3387 ⁰
151 3364 227 3405 [Sic
251 3364 411 3396 Commcl.
430 3372 461 3396 et
484 3366 524 3399 D.
553 3366 652 3399 Savil.
681 3379 755 3400 cum
783 3368 821 3399 A.
840 3369 874 3399 B.
895 3369 932 3401 C.
950 3376 1115 3411 Μιτυλήνην
1135 3375 1145 3415 ]
