2466 3805
704 242 747 272 is
789 243 902 273 ACTA
939 243 1284 274 APOSTOLORUM.
1325 244 1483 274 nomi„
1526 244 1604 274 vn.
2117 234 2176 295 07

104 320 190 361 τικόι
208 321 327 368 κοινὰ,
352 323 410 360 καὶ
430 323 538 367 οὐδεὶς
557 324 672 375 ἕτερος
693 324 806 375 ἑτέρου
827 323 930 361 πλέον
958 324 1047 376 ἔχει,
1069 325 1127 362 καὶ

103 383 241 435 ’ταχέως
258 378 360 430 ἦλθον
380 384 437 421 ἐπὶ
452 385 491 423 τὸ
508 384 553 422 τὰ
572 387 684 422 αὐτῶν
704 391 790 422 πᾶσι
808 385 1009 423 διαδιδόναι.
1030 386 1126 422 Πάν-

104 460 160 487 Ιτες
174 444 208 481 δὲ
223 447 254 481 οἱ
272 443 488 488 πιστεύοντες
506 440 594 491 ἦσαν
613 445 807 483 ἐπιτοαυτό.
821 444 907 483 e‘Ort
922 444 956 482 δὲ
972 446 1009 482 οὐ
1030 445 1126 497 τόπῳ

104 499 193 550 ἦσαν
221 505 424 553 ἐπιτοαυτὸ,
445 507 546 552 δῆλον
577 505 611 550 ἐξ
640 500 687 543 ὧν
709 506 863 558 ἐπήγαγε
890 505 1000 556 λέγων
1018 535 1027 552 ,
1054 507 1125 544 Καὶ

103 566 220 603 πάντα
240 559 331 617 εἶχον
360 565 470 604 κοινοί.
491 567 626 609 Πάντες
653 567 711 612 δὲ,
732 567 848 618 φησὶν,
865 569 929 618 οὐχ
959 569 977 604 ὁ
1002 566 1078 616 μὲν,
1107 571 1125 604 ὁ

105 624 140 662 δὲ
160 625 210 664 οὔ.
232 627 344 664 Τοῦτο
365 625 523 664 πολιτεία
543 626 708 678 ἀγγελικὴ
722 655 731 672 ,
752 626 859 676 μηδὲν
880 628 992 664 αὐτῶν
1012 627 1123 677 λέγειν

102 686 188 724 Ξἴδιον
207 680 306 724 εἶναι.
328 686 506 724 Ἐντεῦθεν
523 691 544 734 ἢ
567 687 644 738 ῥίζα
658 690 726 724 τῶν
743 688 860 724 κακῶν
880 685 1026 732 ἐξεκόπη
1040 717 1049 733 ,
1065 687 1125 724 καὶ
1149 691 1174 720 D

105 748 147 784 δι’
169 741 216 784 ὧν
235 747 403 799 ἔπραττον
431 748 573 794 ἔδειξαν,
591 747 643 785 ὅτι
665 747 830 792 ἤκουσαν.
850 746 936 796 Ἄρα
957 750 1058 784 τοῦτο
1082 741 1123 792 ἦν

101 807 120 844 δ
136 807 249 859 ἔλεγε,
270 808 413 855 Σώθητε
431 808 500 845 ἀπὸ
520 810 582 852 τῆς
595 813 713 856 γενεᾶς
731 809 793 851 τῆς
815 807 956 848 σκολιᾶς
983 805 1123 851 ταύτης.

103 868 172 905 Καὶ
197 869 454 921 προσετέθησαν
477 870 520 918 τῇ
544 866 661 919 ἡμέρα
681 865 794 916 ἐκείνῃ
817 865 928 916 ψυχαὶ
945 865 1027 901 ὡσεὶ
1048 880 1122 916 τρι-

101 926 248 978 σήίλιαι.
262 927 408 974 Ἐπειδὴ
425 926 612 978 τρισχίλιοι
622 925 814 977 γεγόνασιν,
827 924 994 975 ἐξήγαγον
1005 923 1126 966 αὐτοὺς

101 988 220 1026 λοιπὸν
237 988 300 1032 ἔξω
312 1018 321 1036 ,
336 988 368 1026 οἳ
385 988 444 1025 καὶ
456 987 544 1038 μετὰ
559 985 757 1038 παρρησίας
774 1013 782 1030 ,
802 985 861 1021 ἅτε
877 986 1007 1030 πολλῆς
1023 984 1126 1031 οὔσης

101 1048 183 1095 ἤδη,
195 1051 270 1086 καθ’
287 1048 422 1099 ἡμέραν
437 1047 586 1098 ἀνῄεσαν
598 1046 658 1084 καὶ
669 1044 904 1097 προσήδρευον
919 1047 953 1083 ἐν
967 1047 1016 1096 τῷ
1027 1047 1108 1097 ἱερῷ
1119 1060 1126 1067 ·

101 1109 177 1145 ἐπεὶ
193 1108 252 1146 καὶ
264 1108 397 1159 Πέτρος
419 1108 478 1144 καὶ
501 1107 666 1153 Ἰωάννης
683 1106 806 1158 μικρὸν
826 1104 967 1156 ὕστερον
988 1105 1027 1142 τὸ
1041 1106 1126 1143 αὐτὸ

99 1171 254 1206 ποιοῦσιν
266 1184 273 1191 ·
293 1168 386 1206 οὐδὲν
408 1167 475 1219 γὰρ
492 1167 578 1210 τέως
595 1168 799 1219 παρεκίνουν
822 1169 889 1205 τῶν
908 1167 1123 1205 Ἰουδαϊκῶν.

99 1228 170 1267 Καὶ
184 1228 270 1275 αὐτὴ
289 1229 322 1266 δὲ
339 1232 361 1275 ἠ
379 1231 425 1272 εἷς
443 1229 500 1267 τὸν
514 1229 617 1267 τόπον
633 1228 719 1277 τιμὴ
736 1228 888 1266 διέέαινε
898 1228 982 1279 πρὸς
992 1228 1048 1266 τὀν
1063 1233 1123 1266 τοῦ

98 1291 189 1342 ἱεροῦ
209 1289 403 1336 Δεσπότην.
422 1283 523 1332 Εἶδες
543 1289 726 1332 εὖλαὸείας
747 1288 921 1335 ἐπίδοσιν;
944 1289 1123 1341 Χρήματα
1151 1294 1172 1322 Ε

98 1350 255 1403 ἔρριψαν,
272 1350 330 1388 καὶ
347 1350 497 1402 ἔχαιρον,
518 1350 575 1388 καὶ
591 1349 703 1396 πολλὴ
721 1344 763 1396 ἦν
783 1352 804 1395 ἦ
823 1349 1012 1401 εὐφροσύνη
1025 1365 1032 1372 ·
1046 1349 1124 1400 μεί-

98 1414 179 1456 ζονα
190 1406 305 1463 γὰρῆν
320 1412 342 1448 ἃ
358 1411 552 1462 ἐλάμὸανον
565 1410 818 1462 ἀγαθοί.οῧδεἰς
834 1410 1125 1458 ὠνείδιζενρῦδείς

99 1472 372 1524 ἐφθόνει,οὐδε“ις
392 1472 677 1521 ἐδάσκαινεν,οὐκ
698 1467 739 1519 ἦν
757 1477 870 1524 τῦφος,
888 1474 948 1510 οὐκ
968 1466 1010 1518 ἦν
1035 1472 1126 1516 ἐξου-

99 1533 255 1577 δένωσις·
271 1533 428 1587 καθάπερ
451 1533 575 1572 παιδία
600 1533 754 1583 ἐνόμιζον
773 1533 863 1570 οὕτω
884 1532 1124 1581 παιδεύεσθαι,

97 1597 144 1638 ὡς
155 1594 330 1647 ἀρτίτοκοι
347 1593 435 1632 οὕτω
450 1594 626 1633 διέκειντο.
637 1595 707 1632 Καὶ
722 1594 756 1631 τί
769 1597 816 1636 ὡς
830 1597 864 1633 ἐν
879 1595 1018 1646 ἀμυδρᾷ
1034 1595 1125 1646 λέγω

98 1655 203 1693 εἰκόνι
221 1672 229 1702 ;
251 1654 323 1693 ιί1Ξῖ
341 1656 516 1706 μέμνησθε
536 1659 583 1698 ὡς
598 1686 606 1703 ,
623 1655 680 1693 ὅτε
698 1655 760 1702 τὴν
774 1655 874 1693 πόλιν
893 1658 979 1705 ἡμῖν
995 1656 1124 1694 ἔσεισεν
1147 1683 1177 1707 59

98 1719 116 1752 ὁ
142 1715 247 1762 Θεὸς,
265 1715 324 1752 καὶ
344 1717 472 1758 πάντες
504 1711 592 1762 ἦσαν
621 1716 911 1767 συνεσταλμένοι,
927 1716 1018 1754 οὕτω
1045 1716 1125 1755 τότε
1150 1721 1174 1748 Α

98 1782 220 1822 ἐκεῖνοι
243 1778 428 1814 διέκειντο·
443 1778 552 1821 οὐδεὶς
578 1777 723 1822 ὕπουλος
743 1772 798 1825 ἦν,
828 1778 936 1821 οὐδεὶς
964 1778 1124 1829 πονηρός.

98 1837 167 1875 Καὶ
196 1837 263 1890 γὰρ
282 1842 433 1876 τοιοῦτον
464 1837 588 1889 φόὲος,
606 1842 757 1876 τοιοῦτον
783 1843 805 1885 ἡ
827 1840 951 1890 otique.
977 1839 1054 1877 Οὐκ
1082 1833 1123 1884 ἦν

97 1897 136 1935 τὸ
161 1899 294 1950 ψυχρὸν
326 1901 423 1950 ῥῆμα
449 1898 510 1943 τὸ,
538 1898 633 1948 ἐμὸν,
658 1899 717 1936 καὶ
747 1899 800 1944 τὸ,
835 1899 906 1937 σόν.
929 1897 997 1936 Διὰ
1024 1902 1124 1937 τοῦτο

98 1959 303 2010 ἀγαλλίασις
328 1954 370 2005 ἦν
395 1958 450 1997 ἐπὶ
473 1962 534 2004 τῆς
554 1959 728 2010 τραπέζης
744 1974 752 1982 ·
774 1959 882 2002 οὐδεὶς
903 1961 948 2002 ὡς
970 1959 1003 2003 ἐξ
1028 1959 1122 1997 ἰδίων

97 2019 218 2058 ἐσθίων
235 2019 393 2065 διέκειτο,
418 2020 527 2063 οὐδεὶς
546 2023 591 2063 ὡς
608 2020 641 2063 ἐξ
668 2019 858 2072 ἀλλο-πρίονα
873 2036 880 2043 ·
900 2020 1014 2058 καίτοι
1030 2021 1124 2059 δοκεῖ

98 2079 240 2130 αἴνιγμα
275 2074 373 2117 εἶναι.
395 2080 486 2118 Οὔτε
511 2079 678 2133 ἀλλότρια
697 2080 852 2131 ἐνόμιζον
873 2074 960 2117 εἶναι
990 2080 1034 2118 τὰ
1053 2084 1120 2119 τῶν

97 2141 265 2191 ἀδελφῶν·
286 2141 473 2179 δεσποτικὰ
484 2141 553 2193 γὰρ
565 2136 618 2187 ἦν·
633 2140 711 2178 οὔτε
727 2141 811 2187 ἴδια,
829 2140 920 2178 ἀλλὰ
934 2143 1000 2177 τῶν
1021 2142 1122 2178 ἀδελ-

96 2203 182 2252 φῶν.
206 2201 298 2239 Οὔτε
320 2205 338 2239 ὃ
366 2201 474 2247 πένης
500 2201 688 2252 ᾐσχύνετο,
706 2201 781 2238 οὔτε
812 2204 830 2237 ὃ
858 2200 1021 2243 πλούσιος
1044 2202 1120 2239 ἐτυ-

95 2266 209 2313 φοῧτο.
232 2262 346 2300 Τοῦτό
365 2263 457 2300 ἐστιν
484 2262 703 2313 ἀγαλλίασις.
719 2264 887 2306 Κάκεῖνος
906 2265 952 2304 ὡς
980 2264 1120 2314 εὐεργε-

93 2322 256 2374 τούμενος
276 2324 439 2371 διέκειτο,
458 2323 518 2361 καὶ
538 2317 575 2361 εὔ
594 2323 741 2376 πάσχων
767 2325 911 2374 μᾶλλον,
939 2323 997 2361 καὶ
1025 2319 1118 2362 οὗτοι

93 2385 139 2427 ὡς
168 2383 388 2435 δοξαζόμενοι
416 2384 545 2436 ταύτῃ,
564 2385 623 2422 καὶ
647 2385 739 2423 πάνυ
765 2385 851 2436 πρὸς
880 2383 1003 2428 αὐτοὺς
1027 2379 1115 2432 ἦσαν

94 2443 343 2494 συνδεδεμένοι.
367 2444 514 2491 Ἐπειδὴ
550 2445 619 2497 γὰρ
642 2448 676 2483 ἐν
712 2452 789 2488 ταῖς
817 2449 885 2483 τῶν
921 2446 1114 2498 χρημάτων
1140 2452 1162 2481 Β

93 2506 274 2557 διανομαῖς
293 2506 352 2543 καί
371 2506 503 2558 ὔὸρεις,
526 2507 585 2545 καὶ
605 2506 768 2550 ἀπονοίας
783 2507 871 2553 ,καὶ
888 2508 998 2551 λύπας
1025 2508 1114 2560 γίνε-

94 2569 173 2604 σθαι
195 2566 398 2617 συμῧαίνει,
422 2567 479 2604 διὰ
501 2572 601 2606 τοῦτο
628 2568 742 2619 ἔλεγεν
765 2571 782 2606 ὁ
811 2567 1024 2612 ἀπόστολος·
1051 2569 1112 2616 Μὴ

94 2628 133 2664 ἐκ
151 2627 265 2673 λύπης
277 2657 286 2674 ,
305 2627 328 2673 ἢ
346 2627 380 2671 ἐξ
398 2628 563 2679 ἀνάγκης.
582 2627 679 2682 ”Ορα
694 2659 704 2676 ,
720 2628 813 2667 πόσα
833 2630 948 2673 αὐτοῖς
975 2646 1112 2682 μαρτυ-

95 2693 166 2738 ρεῖ,
184 2687 310 2725 Πίστιν
326 2688 483 2739 γνησίαν,
501 2689 573 2739 βίον
594 2690 703 2741 ὀρθὸν,
715 2689 777 2736 τὴν
798 2691 832 2727 ἐν
849 2690 1013 2742 ἀκροάσει
1030 2707 1113 2743 καρ-

93 2748 299 2800 τερίαν,τὴν
328 2751 360 2787 ἓν
393 2751 526 2800 εὐχαῖς,
547 2749 608 2795 τὴν
639 2752 672 2787 ἐν
707 2750 869 2803 ἀφελείᾳ,
897 2751 960 2798 τὴν
994 2755 1026 2790 ἐν
1055 2754 1110 2790 εὖ·

93 2809 257 2862 φροσύνη.

136 3292 152 3316 d
176 3293 285 3324 Terrae
299 3299 427 3325 motum
443 3305 618 3334 memorat,
629 3298 683 3339 qui
701 3296 993 3339 Constantinopoli
1009 3299 1096 3330 acei-

92 3343 143 3375 dit
161 3355 248 3375 auno
265 3345 346 3385 400,
363 3344 543 3378 secundum
569 3347 650 3380 al'os
671 3356 781 3380 autem
800 3359 888 3380 anno
906 3351 981 3380 401.
1001 3349 1079 3381 Diffi

92 3395 196 3427 cultas
216 3407 292 3427 vero
309 3397 386 3427 anni
403 3398 570 3432 statuendi
586 3399 662 3433 blnc
680 3402 802 3442 oritur,
821 3401 908 3443 quod
929 3403 996 3443 ipse
1012 3401 1095 3433 iufra

280 3453 373 3476 TOM.
407 3454 458 3478 lx.

1202 339 1283 363 nam
1302 325 1412 374 dicit,
1433 324 1642 377 compendio
1658 326 1814 376 loquens.
1831 327 1924 366 Hinc
1939 329 2018 366 licet
2035 329 2180 370 discere,

1200 386 1377 437 apostolos
1402 385 1489 438 ipsis
1516 386 1614 436 quasi
1644 387 1803 438 puerulis
1821 388 1942 426 cibum
1962 389 2179 441 spiritualem

1198 446 1357 495 dedisse,
1377 447 1438 497 qui
1454 456 1493 484 ut
1509 447 1624 498 angeli
1643 447 1762 485 statim
1787 449 1869 486 faeti
1889 458 1983 486 sunt.
2007 451 2060 487 Et
2082 452 2181 487 divi<

1199 507 1343 544 debant
1360 507 1535 558 singulis,
1554 516 1667 558 prout
1689 510 1826 560 cuique
1851 522 1942 560 opus
1960 519 2053 547 erat.
2071 510 2182 548 Vide-

1197 567 1295 616 bant,
1318 568 1516 619 spiritualia
1543 582 1617 605 esse
1645 569 1866 619 communia,
1899 571 2088 622 nullusque
2113 573 2182 609 alio

1198 629 1279 679 plus
1306 629 1472 678 habebat,
1501 639 1533 667 et
1564 629 1610 667 ad
1637 630 1703 667 hoe
1728 631 1847 668 statim
1867 643 2118 684 pervenerunt,
2144 645 2183 672 ut

1198 702 1261 726 sua
1289 690 1454 727 omnibus
1478 690 1745 729 distribuerent.
1777 694 1917 731 Omnes
1947 703 2090 741 autem,
2118 699 2184 747 qni

1199 750 1424 795 credebant,
1459 752 1576 787 simul
1604 760 1726 790 erant.
1744 752 1848 797 Quod
1873 763 1989 791 autem
2019 769 2086 792 non
2108 756 2184 793 loco

1199 809 1304 846 simul
1321 820 1456 857 essent,
1480 811 1597 862 palam
1629 821 1679 849 est
1711 827 1755 849 ex
1784 813 1848 859 iis,
1869 829 1947 864 quae
1975 817 2183 868 subjunxit:

1200 871 1251 906 Et
1273 874 1403 908 omnia
1429 873 1627 909 habebant
1648 877 1880 912 communia.
1901 877 2041 914 Omnes
2066 877 2152 915 dicit
2177 895 2183 912 :

1198 944 1266 968 non
1287 931 1347 969 ille
1365 932 1519 969 habebat
1532 961 1540 977 ‚
1560 932 1622 970 ille
1649 947 1760 971 secus.
1783 934 1867 971 Haee
1887 937 2044 986 angelica
2065 953 2185 990 respn-

1196 992 1291 1030 blica
1319 1002 1412 1042 erat,
1441 993 1537 1043 quod
1574 994 1665 1032 nihil
1700 995 1856 1032 dicerent
1890 996 1957 1033 sihi
1988 999 2185 1049 proprium.

1199 1053 1292 1091 Hinc
1305 1054 1413 1092 radix
1431 1055 1607 1092 malorum
1621 1054 1737 1093 excisa
1757 1065 1818 1104 est,
1834 1065 1865 1093 et
1886 1071 1929 1094 ex
1945 1058 2049 1108 gestis
2065 1059 2136 1096 suis
2153 1074 2187 1097 s‹·

1199 1115 1378 1153 audivisse
1407 1115 1707 1154 demonstrarunt.
1728 1117 1804 1154 Hoc
1823 1131 1905 1169 ergo
1923 1128 1997 1156 erat
2015 1120 2113 1170 quod
2132 1121 2186 1158 di-

1199 1176 1299 1214 cebat
1319 1193 1326 1212 :
1345 1178 1564 1215 salvamini
1585 1192 1608 1215 a
1627 1182 1878 1229 generatione
1898 1183 1973 1217 ista
1985 1196 2120 1232 prava.
2135 1185 2187 1220 Et

1198 1240 1380 1288 apposita?
1407 1247 1501 1275 sunt
1523 1241 1564 1274 in
1582 1239 1646 1275 die
1677 1239 1750 1276 illa
1775 1242 1917 1277 animae
1936 1244 2088 1279 circiter
2112 1246 2187 1280 tria

1199 1298 1340 1334 millia.
1364 1298 1456 1344 Quia
1477 1307 1530 1335 ter
1557 1298 1655 1336 mille
1683 1308 1800 1348 erant,
1823 1299 2017 1338 educebant
2038 1302 2117 1340 illos
2137 1303 2188 1340 fo-

1198 1371 1254 1395 ras
1262 1373 1273 1407 3
1294 1358 1353 1408 qui
1374 1372 1455 1395 cum
1474 1359 1606 1396 fidncia
1632 1360 1747 1397 multa
1775 1360 1934 1410 quotidie
1955 1363 2189 1401 ascendebant

1198 1418 1235 1456 in
1252 1419 1444 1471 templum,
1464 1429 1498 1457 et
1519 1419 1570 1456 ibi
1600 1419 1733 1457 assidui
1753 1431 1851 1458 erant
1875 1437 1882 1457 ε
1902 1436 1984 1459 nam
2014 1423 2139 1461 Petrus
2156 1434 2189 1461 et

1199 1481 1350 1519 Joannes
1369 1481 1479 1532 paulo
1495 1490 1574 1533 post
1595 1481 1685 1518 illud
1711 1482 1868 1519 fecerunt
1887 1498 1896 1519 :
1920 1483 2008 1520 nihi]
2031 1485 2124 1522 enim
2145 1499 2189 1523 ex

1199 1541 1361 1580 Judaicis
1387 1542 1506 1579 adhuc
1530 1543 1737 1580 movebant.
1758 1543 1804 1580 Et
1828 1544 1942 1581 honor
1967 1544 2027 1582 ille
2057 1546 2189 1598 templo

1199 1602 1398 1651 exhibitus,
1415 1603 1588 1641 transibat
1618 1603 1663 1640 ad
1691 1604 1815 1656 templi
1845 1605 2053 1642 Dominum.
2079 1606 2187 1645 Vidi-

1199 1664 1281 1701 stin’
1306 1664 1447 1716 pietatis
1477 1665 1740 1715 augmentum?
1766 1666 1937 1703 Pecunias
1963 1666 2188 1718 abjiciebant,

1198 1733 1230 1761 et
1243 1724 1662 1776 gaudebant,magnaque
1673 1734 1745 1762 erat
1756 1725 1882 1762 laetitia
1896 1727 2048 1778 :majora
2057 1727 2189 1780 quippe

1198 1795 1296 1823 erant
1311 1786 1402 1822 bona
1431 1800 1508 1835 quae
1531 1786 1764 1837 accipiebant.
1787 1787 1898 1824 Nemo
1924 1788 2186 1839 exprobrabat,

1197 1860 1300 1883 nemo
1327 1846 1532 1895 invidebat,
1552 1847 1673 1884 nullus
1708 1857 1780 1884 erat
1810 1848 1920 1885 fastus
1934 1879 1943 1896 ,
1966 1849 2086 1887 nullus
2105 1864 2187 1887 con-

1198 1916 1328 1945 temtus
1347 1923 1354 1943 :
1372 1907 1471 1958 quasi
1500 1908 1601 1959 pueri
1629 1922 1665 1945 se
1694 1908 1867 1959 putabant
1897 1909 2126 1960 erudiendos,
2149 1920 2187 1948 nt

1197 1982 1314 2005 reeens
1342 1967 1416 2005 nati
1443 1967 1557 2005 affecti
1586 1977 1695 2005 erant.
1713 1968 1760 2005 Et
1783 1983 1847 2006 cur
1862 1970 1963 2019 quasi
1980 1970 2015 2007 in
2035 1971 2183 2009 obscura

1194 2028 1323 2078 loquor
1337 2028 1510 2080 imagine?
1519 2029 1558 2066 Si
1572 2028 1781 2066 meministis
1794 2029 2074 2079 quomodo,cum
2085 2032 2181 2069 Deus
2197 2056 2294 2085 Terrae
2322 2069 2385 2086 mo-

1195 2089 1370 2128 concussit.
1382 2089 1567 2127 civitatsm
1582 2098 1752 2138 nostram,
1771 2103 1892 2127 omnes
1911 2091 2048 2129 attoniti
2068 2102 2179 2140 erant,
2197 2104 2240 2125 tus
2250 2100 2383 2145 quiCon-

1193 2149 1243 2187 sic
1267 2159 1352 2186 tunc
1377 2149 1431 2186 illi
1458 2149 1575 2186 affecti
1593 2158 1693 2186 erant
1716 2164 1724 2185 :
1751 2149 1871 2187 nullus
1898 2150 2069 2189 subdolus
2091 2162 2178 2203 erat,
2195 2142 2384 2209 {fcfflff-P‘M

1193 2210 1315 2247 nullus
1333 2209 1524 2260 malignus.
1549 2209 1692 2247 Etenim
1711 2210 1792 2247 talis
1809 2210 1915 2247 timor
1929 2220 1979 2249 est
1991 2242 2000 2260 ,
2015 2212 2096 2250 talis
2113 2228 2177 2251 an-

1193 2270 1319 2321 gustia.
1341 2271 1420 2308 Non
1451 2278 1526 2307 erat
1557 2269 1730 2321 frigidum
1749 2270 1844 2307 illud
1863 2272 2025 2320 verbum,
2056 2288 2179 2312 meum

1191 2341 1224 2369 et
1245 2341 1364 2369 tuum.
1385 2331 1468 2369 Ideo
1492 2331 1683 2369 exsultatio
1700 2331 1736 2368 in
1755 2346 1874 2369 mensa
1891 2342 1966 2371 erat
1987 2349 1994 2369 :
2010 2348 2112 2373 nemo
2130 2336 2178 2373 ita

1190 2393 1336 2430 affectus
1355 2400 1449 2440 erat,
1472 2406 1513 2429 ac
1533 2391 1561 2429 si
1580 2405 1625 2428 ex
1644 2392 1739 2440 suis,
1759 2406 1862 2430 nemo
1878 2407 1918 2430 ac
1938 2393 1968 2431 si
1990 2408 2034 2431 ex
2053 2395 2177 2433 alienis

1189 2454 1306 2492 ederet
1337 2469 1344 2490 :
1377 2454 1442 2491 etsi
1469 2453 1537 2491 hoc
1565 2452 1713 2504 aenigma
1748 2454 1910 2491 videatur
1946 2469 2030 2494 esse.
2057 2458 2177 2507 Neque

1187 2514 1301 2552 aliena
1315 2514 1486 2566 putabant
1505 2528 1579 2551 esse
1599 2514 1691 2552 bona
1718 2515 1890 2563 fratrum3
1907 2526 2004 2554 erant
2023 2518 2117 2555 enim
2138 2529 2175 2556 nt

1187 2575 1434 2621 dominorum3
1458 2589 1572 2624 neque
1594 2575 1750 2627 propria,
1778 2575 1839 2613 sed
1866 2577 2030 2616 fratrum.
2053 2580 2174 2629 Neque

1186 2651 1321 2688 pauper
1339 2635 1474 2687 pudore
1487 2636 1650 2684 affectus,
1672 2649 1786 2685 neque
1806 2636 1906 2674 dives
1925 2637 2068 2675 inflatus
2086 2649 2171 2676 erat.

1188 2695 1263 2733 Hoc
1278 2693 1470 2732 exsultatio
1485 2703 1547 2731 est.
1568 2694 1634 2731 Ille
1655 2694 1754 2744 quasi
1766 2695 1938 2732 beneficio
1957 2696 2118 2745 affectus,
2139 2708 2172 2735 et

1186 2755 1223 2792 hi
1240 2754 1339 2806 quasi
1356 2754 1441 2791 hinc
1461 2754 1572 2805 gloria
1591 2754 1706 2804 aucti,
1731 2763 1765 2791 et
1784 2754 1888 2792 valde
1910 2755 2001 2793 inter
2019 2771 2055 2794 se
2073 2767 2171 2794 erant

1185 2815 1355 2867 colligati.
1371 2815 1464 2860 Quia
1486 2815 1580 2851 enim
1600 2814 1635 2851 in
1651 2815 1883 2866 pecuniarum
1909 2815 2172 2855 distributioni-

1184 2877 1250 2915 bus
1271 2875 1492 2914 contumeliae
1516 2874 1704 2922 accidunt,
1731 2875 1951 2926 arrogantia,
1982 2877 2170 2926 molestiae,

1184 2935 1262 2973 ideo
1286 2933 1427 2972 dicebat
1451 2933 1652 2985 apostolus,
1670 2935 1759 2970 Non
1775 2948 1822 2971 ea:
1842 2936 2014 2980 tristitia,
2035 2945 2104 2974 aut
2123 2952 2170 2975 ez·
2187 2962 2201 2980 2
2230 2953 2369 2993 501-9-7·

1187 2998 1424 3034 necessitate.
1444 2994 1558 3043 Vide,
1578 3004 1708 3044 quanta
1739 2995 1811 3032 illis
1840 2995 2047 3034 testificetur
2060 2998 2077 3035 Ξ)
2091 2999 2171 3036 Sin-

1186 3070 1304 3095 ceram
1331 3055 1460 3103 fidem,
1491 3055 1605 3093 vitam
1630 3063 1780 3103 rectam,
1809 3057 2105 3106 perseverantiam
2136 3060 2171 3097 in

1187 3118 1352 3156 concione
1372 3115 1568 3164 audienda,
1587 3116 1621 3152 in
1641 3115 1822 3167 precibus,
1845 3116 1880 3152 in
1895 3116 2098 3167 frugalitate
2111 3151 2119 3163 ,
2136 3121 2170 3157 in

1186 3179 1322 3216 lanitia.

1161 3297 1252 3329 dicat
1276 3304 1369 3329 terrae
1387 3302 1514 3326 motum
1533 3294 1657 3326 factum
1672 3304 1740 3326 esse
1753 3300 1873 3340 πέρυσι,
1889 3306 1977 3328 anno
1991 3300 2167 3340 superiore.

1163 3350 1283 3381 Verum
1301 3360 1336 3380 ea
1353 3346 1393 3379 de
1412 3358 1443 3378 rc
1460 3345 1609 3388 pluribus
1626 3348 1657 3379 in
1677 3346 1754 3379 Vita
1777 3347 2021 3391 Chrysostomi.

1977 3447 2001 3481 6
