2502 3810
695 246 739 274 tx
782 247 897 276 ACTA
934 248 1270 281 APOSTOLORUM.
1311 251 1464 282 HOMlL.
1500 252 1606 283 XLV.
2097 243 2188 305 579

119 318 233 381 (ἕπως,
251 320 365 359 ἄκουε.
382 322 637 372 Ἐπιμενόντων
658 325 693 362 δὲ
709 329 808 376 ἡμῶν
824 328 957 380 ἡμέρας
977 329 1129 377 πλείους,
1204 344 1272 369 non
1289 332 1362 370 istae
1384 333 1581 384 praedicunt
1601 334 1723 383 Paulo,
1744 334 1824 372 licet
1842 336 2106 388 prophetarent,
2124 339 2187 376 sed

117 382 219 425 ἢλθεν
240 381 308 418 ἀπὸ
333 385 395 427 τῆς
418 383 584 427 Ἰουδαίας
604 387 782 438 προφήτης
801 388 943 439 ὀνόματι
963 389 1110 442 Ἄγαδος
1125 407 1132 414 ·
1205 393 1347 442 Agabus
1369 409 1375 428 ε
1393 403 1426 431 et
1444 394 1623 443 quomodo
1647 395 1745 433 audi.
1767 398 1829 434 10.
1856 399 1909 435 Et
1938 411 2024 435 eum
2052 412 2186 435 mane-

117 440 175 476 καὶ
195 439 302 478 ἐλθὼν
318 442 402 492 πρὸς
421 446 532 493 ἡμᾶς,
550 446 608 483 καὶ
629 447 713 498 ἄρας
739 447 802 494 τὴν
821 449 930 495 ζώνην
949 455 1009 487 τοῦ
1037 450 1133 487 Παύ-
1202 466 1327 491 remus
1351 446 1420 504 per
1449 456 1529 492 [lies
1546 456 1710 507 aliquot,
1735 460 1845 494 venit
1878 471 1902 494 a
1929 459 2071 495 Judoea
2097 473 2187 510 pro-

115 501 194 547 λου,
229 501 336 547 δήσας
365 520 403 541 τε
432 508 535 544 αὐτοῦ
553 513 672 559 χεῖρας
701 508 760 546 καὶ
779 510 904 557 πόδας,
933 503 1007 548 εἶπε
1022 526 1030 534 ·
1050 511 1131 549 τάδε
1153 521 1177 551 Ε
1198 514 1331 563 pheta,
1354 517 1507 552 nomine
1539 515 1700 566 Agabus
1718 533 1729 553 .·
1755 519 1816 554 11.
1842 527 1880 556 et
1910 532 1996 555 cum
2014 522 2186 556 venisset

114 564 206 614 λέγει
233 566 272 604 τὸ
293 568 437 616 Πνεῦμα
461 568 500 605 τὸ
529 569 624 619 ἅγιον
642 584 649 591 ·
683 569 739 606 τὸν
762 569 893 621 ἄνδρα,
929 566 966 608 οἷ
996 573 1087 609 ἐστιν
1107 574 1128 617 ἡ
1201 575 1255 611 ad
1273 587 1354 620 nos,
1390 576 1478 613 tulit
1510 590 1650 613 zonam
1673 579 1795 615 Pauli
1815 593 1823 614 z
1845 587 1882 616 et
1907 580 2079 630 alligans
2111 583 2185 618 sibi

113 624 202 671 ζώνη
221 626 329 672 αὕτη,
350 626 437 664 οὕτω
463 628 621 674 δήσουσιν
637 631 683 671 εἷς
701 628 935 680 Ἰερουσαλὴμ
951 630 1129 678 Ἰουδαῖοι,
1196 635 1312 684 pedes
1343 643 1379 672 et
1410 649 1560 683 manus,
1594 639 1694 675 dixit
1724 653 1731 674 ε
1767 640 1864 676 Haec
1895 640 1989 676 dicit
2019 640 2183 690 Spiritus

112 685 170 722 καὶ
189 687 455 738 παραδώσουσιν
475 691 522 732 εἰς
538 694 656 740 χεῖρας
673 691 789 727 ἐθνῶν.
808 689 851 728 Ὁ
870 690 979 728 πάλαι
998 690 1054 728 τὸν
1075 693 1130 728 λι-
1198 705 1354 732 sanctus
1369 711 1379 730 .·
1397 698 1543 746 Virum,
1557 700 1667 749 cujus
1679 708 1734 736 est
1751 714 1849 737 zona
1864 702 1959 746 haee,
1971 704 2025 739 sic
2040 703 2182 753 alliga-

112 746 175 795 μὸν
204 747 375 797 μηνύσας,
410 742 526 796 οὗτος,
549 750 620 787 Τὸν
647 750 754 802 ἄνδρα
770 778 779 795 ,
801 750 905 801 φησὶ,
930 755 1061 798 τοῦτον,
1089 746 1127 789 οῧ
1198 755 1290 791 bunt
1302 757 1344 791 in
1362 756 1580 793 Jerusalem
1594 758 1626 794 J
1625 759 1738 803 udoei,
1755 767 1791 796 et
1809 761 1962 797 tradent
1982 764 2023 797 in
2039 775 2181 805 manus

109 808 201 844 ἐστιν
218 811 238 853 ἡ
259 808 348 855 ζώνη
369 808 454 856 αὕτη
469 840 478 857 ,
498 809 585 848 οὕτω
606 809 781 855 δήσουσιν.
797 808 915 859 εΌπερ
937 813 967 847 οἱ
992 814 1127 861 προφῆ-
1193 817 1379 863 gentium.
1406 815 1479 861 Qui
1507 815 1594 852 olim
1619 817 1748 855 famem
1768 819 1999 868 praedixerat,
2021 821 2080 858 hie
2095 822 2150 871 {ait
2169 838 2177 858 τ

108 882 165 904 ται
186 868 333 917 ἐποίουν,
362 870 437 922 ὄψει
467 871 511 908 τὰ
541 870 709 920 γενόμενα
739 869 1011 920 ὑπογράφοντες,
1042 869 1124 907 ὅταν
1197 874 1341 919 Virum,
1353 875 1461 923 cujus
1476 882 1532 910 est
1544 876 1748 921 zonahoec,
1761 879 1815 913 sic
1829 879 2180 928 alligabunt.Quod

108 928 186 979 περὶ
219 930 460 980 αἰχμαλωσίας
480 931 608 981 ἔλεγον,
631 933 677 972 ὡς
694 933 711 966 ὁ
730 927 914 975 Ἰεζεκιὴλ,
937 932 1036 965 τοῦτο
1064 929 1124 966 καὶ
1194 930 1374 981 prophetae
1403 931 1591 983 faciebant,
1632 934 1743 972 oculis
1777 936 1897 973 futura
1924 938 2176 988 describentes,

106 982 201 1031 οὗτος
223 989 376 1036 ἐποίησε.
398 990 466 1028 Καὶ
494 991 532 1027 τὸ
564 990 604 1034 δὴ
639 988 809 1039 χαλεπὸν,
844 987 896 1025 ὅτι
928 989 975 1030 εἰς
1003 993 1123 1039 χεῖρας
1194 1004 1275 1028 cum
1293 991 1338 1029 de
1359 992 1563 1042 captivitate
1582 994 1746 1033 dicebant
1767 1005 1806 1033 ut
1833 997 1997 1035 Ezechiel
2018 1014 2024 1035 :
2058 1000 2124 1037 hoc
2146 1011 2179 1038 et

104 1050 207 1086 ἐθνῶν
236 1050 512 1101 παραδώσουσιν.
536 1049 599 1090 Ὡ.ς
630 1048 664 1085 δὲ
684 1047 880 1097 ἠκούσαμεν
906 1052 1035 1093 ταῦτα,
1055 1064 1123 1085 πα·
1193 1050 1257 1088 iste
1278 1052 1372 1088 feeit.
1396 1052 1559 1103 thuod
1588 1068 1697 1105 grave
1717 1065 1791 1093 erat
1815 1071 1822 1092 τ
1843 1060 1891 1094 In
1916 1072 2055 1097 manus
2087 1074 2177 1111 gen-

105 1110 314 1159 ρεκαλοῧμεν
338 1114 438 1160 ἡμεῖς
457 1126 493 1147 τε
523 1110 581 1148 καὶ
612 1112 642 1147 οἱ
671 1109 845 1156 ἐντόπιοι,
871 1110 930 1145 τοῦ
955 1108 1003 1158 μὴ
1036 1109 1121 1145 ἀνα-
1193 1114 1288 1149 tium
1318 1114 1486 1151 tradent.
1510 1117 1572 1153 42).
1604 1116 1716 1165 Quod
1733 1130 1821 1154 eum
1841 1119 2093 1165 audissemus,
2118 1134 2177 1156 ro-

101 1167 229 1205 C‘ou'vew
245 1169 344 1206 αὐτὸν
361 1172 408 1212 εἰς
424 1169 666 1222 Ἰερουσαλήμ.
680 1169 750 1207 Καὶ
764 1168 886 1206 πολλοὶ
901 1168 1120 1220 παρεκάλουν
1189 1174 1377 1223 gabamus
1397 1187 1464 1211 nos
1484 1183 1519 1211 et
1539 1178 1606 1226 qui
1623 1176 1698 1213 loci
1716 1177 1824 1214 illius
1840 1187 1962 1226 erant,
1982 1193 2028 1216 ne
2045 1193 2177 1218 ascen-

101 1228 149 1277 μὴ
176 1230 349 1277 ἀπελθεῖν,
369 1229 428 1267 καὶ
459 1230 536 1269 οὐδὲ
557 1230 663 1273 οὕτως
694 1229 899 1276 ὑπήκουσεν.
933 1228 1118 1280 Ἀπεκρίθη
1191 1234 1295 1270 deret
1317 1234 1623 1283 Jerosolymam,
1646 1236 1693 1273 Et
1724 1237 1829 1275 multi
1864 1239 2025 1287 orabant,
2051 1254 2093 1277 ne
2114 1241 2176 1277 ali-

100 1288 388 1333 δὲὸΠαῦλος·τί
413 1296 542 1328 ποιεῖτε
568 1290 743 1332 κλαίοντες
760 1289 819 1327 καὶ
849 1289 1119 1341 συνθρύπτοντές
1130 1321 1177 1348 339
1191 1293 1267 1342 iret,
1302 1308 1414 1344 neque
1454 1296 1505 1333 sic
1547 1296 1700 1334 audivit.
1732 1299 1793 1336 15,
1835 1300 2050 1350 Respondit
2080 1316 2176 1338 vero

99 1364 163 1399 μου
182 1350 244 1396 τὴν
273 1351 416 1403 καρδίαν
425 1367 434 1397 ;
461 1351 554 1402 Ἐγὼ
575 1350 641 1402 γὰρ
662 1353 699 1388 οὐ
719 1351 822 1401 μόνον
842 1351 980 1395 δεθῆναι
994 1379 1003 1397 ,
1027 1350 1116 1388 ἀλλὰ
1140 1360 1164 1388 Λ
1189 1356 1362 1392 Paulus.-
1389 1357 1493 1406 Quid
1506 1358 1644 1408 facitis
1655 1359 1801 1414 flentes
1818 1368 1854 1397 et
1873 1360 2090 1416 affligentes
2110 1377 2177 1400 cor

96 1410 154 1447 καὶ
171 1414 354 1450 ἀποθανεῖν
373 1415 420 1455 εἰς
438 1412 671 1466 Ἰερουσαλὴμ
686 1411 831 1461 ἑτοίμως
854 1410 925 1462 ἔχω
945 1410 1031 1461 ὑπὲρ
1055 1415 1116 1449 τοῦ
1189 1419 1344 1453 meum?
1376 1419 1461 1468 Ego
1498 1421 1600 1455 enim
1629 1433 1706 1456 non
1741 1421 1866 1458 solum
1898 1416 2071 1473 alligari,
2107 1427 2178 1461 sed

94 1471 262 1520 ὀνόματος
293 1478 352 1511 τοῦ
384 1472 512 1525 Κυρίου
531 1473 660 1519 Ἰησοῦ.
693 1472 754 1518 Μὴ
775 1470 980 1521 πειθομένου
1000 1469 1034 1507 δὲ
1056 1473 1114 1508 αὐ·
1186 1477 1304 1512 etiam
1319 1478 1416 1513 mori
1430 1479 1471 1513 in
1490 1478 1713 1516 Jerusalem
1729 1488 1895 1530 paratus
1910 1493 1994 1517 sum
2010 1496 2081 1531 pro
2105 1496 2172 1519 no-

93 1536 170 1576 τοῦ,
197 1533 426 1585 ἡσυχάσαμεν
450 1533 622 1577 εἰπόντες·
656 1534 695 1571 τὸ
726 1533 861 1582 θέλημα
894 1536 953 1569 τοῦ
985 1531 1113 1584 Κυρίου
1188 1538 1290 1575 mine
1309 1538 1470 1574 Domini
1483 1538 1590 1576 Jesu.
1612 1541 1673 1576 14.
1688 1541 1839 1577 Etcum
1856 1542 1891 1576 ei
1907 1542 2071 1578 suadere
2095 1556 2174 1579 non

93 1591 254 1641 γενέσθω.
1181 1611 1392 1648 possemus,
1413 1602 1625 1649 quievimus
1656 1601 1826 1640 dicentes
1844 1617 1853 1638 .·
1875 1602 2065 1641 Voluntas
2088 1605 2171 1641 Do-

1187 1661 1284 1695 mini
1289 1659 1385 1710 fiat.

125 1715 272 1769 ,Ὁρᾷς
303 1715 359 1753 ἵνα
390 1716 438 1768 μὴ
470 1718 620 1762 ἀκούσας
657 1719 801 1771 νομίσῃς
836 1721 989 1772 ἀνάγκης
1022 1716 1109 1760 εἶναι
1237 1721 1274 1756 Q.
1299 1719 1439 1758 Vides?
1465 1722 1515 1758 Ut
1533 1735 1576 1759 ne
1597 1721 1745 1760 audiens
1765 1732 1868 1774 putes
1895 1738 1939 1761 ex
1967 1725 2171 1763 necessitate

91 1778 140 1825 τὸ,
154 1780 342 1830 Δεδεμένος
361 1783 408 1832 τῷ
425 1779 604 1830 Πνεύματι
621 1781 825 1832 πορεύομαι,
843 1781 930 1831 μηδὲ
950 1784 1109 1832 ἀγνοοῦν-
1182 1778 1274 1816 illud
1293 1793 1379 1827 esse,
1397 1779 1602 1832 Alligatus
1622 1783 1765 1832 Spiritu
1784 1784 1891 1820 ‘vado
1905 1799 1919 1828 ;
1942 1797 2029 1822 neve
2051 1785 2169 1836 ipsum

89 1841 247 1892 ταζαύτὸν
264 1843 439 1889 ἐμπεσεῖν,
462 1840 517 1878 διὰ
533 1845 633 1879 τοῦτο
648 1842 995 1893 ταῦταπρολέγεται,
1017 1842 1109 1881 Ἀλλ’
1180 1838 1399 1890 ignorantem
1418 1840 1583 1879 incidisse
1606 1842 1747 1892 credas,
1775 1843 1855 1881 ideo
1874 1844 1950 1880 haec
1969 1845 2168 1895 praedicun-

89 1906 119 1940 οἱ
155 1902 216 1953 μὲν
255 1902 390 1940 ἔκλαιον
403 1931 412 1947 ,
456 1902 556 1944 αὐτὸς
589 1902 623 1940 δὲ
659 1902 868 1954 παρεκάλει,
904 1903 1017 1954 ἀλγῶν
1051 1903 1108 1941 ἐπὶ
1180 1907 1248 1936 tur.
1270 1901 1315 1936 At
1336 1900 1390 1937 illi
1421 1900 1565 1950 quidem
1587 1902 1737 1953 flebant3
1760 1903 1818 1940 hic
1845 1917 1928 1941 vero
1961 1906 2167 1942 consolaba-

87 1968 156 2005 τοῖς
186 1962 330 2013 δάκρυσι
362 1967 431 2005 τοῖς
463 1962 613 2001 ἐκείνων.
663 1963 710 2000 Τί
741 1969 871 2000 ποιεῖτε
892 1963 976 2015 γὰρ,
1008 1963 1105 2014 φησὶ,
1178 1968 1238 1998 tur
1253 1960 1375 1998 dolens
1392 1960 1437 1998 de
1465 1962 1640 2014 lacrymis
1659 1978 1793 2002 eorum.
1819 1966 2082 2017 Quiclsaeitis,
2107 1966 2163 2004 in-

86 2023 261 2066 κλαίοντες
280 2023 339 2060 καὶ
356 2022 624 2073 συνθρύπτοντές
646 2039 710 2073 μου
728 2022 791 2068 τὴν
808 2023 952 2075 καρδίαν
967 2040 976 2070 3
994 2023 1103 2061 Οὐδὲν
1177 2021 1268 2070 quit,
1284 2021 1430 2075 flentes
1456 2031 1492 2060 et
1519 2024 1739 2075 affligentes
1771 2038 1838 2061 eor
1875 2031 2027 2063 meum?
2063 2027 2165 2065 Nihil

86 2083 228 2121 Παύλου
246 2083 548 2135 φιλοστοργότερον
563 2099 570 2106 ·
591 2082 643 2120 ὅτι
660 2082 752 2134 ἑώρα
768 2083 989 2134 δακρύοντας,
1004 2084 1104 2136 ἤλγει
1178 2082 1289 2119 Paulo
1320 2083 1518 2120 amantius:
1540 2083 1622 2133 quia
1649 2084 1884 2141 lacrymantes
1913 2085 2072 2133 videbat,
2092 2087 2162 2125 do—

83 2146 100 2180 ὁ
122 2143 170 2194 μὴ
187 2144 335 2195 πάσχων
355 2145 412 2181 ἐπὶ
430 2149 500 2187 τοῖς
521 2143 657 2186 οἰκείοις
676 2149 895 2194 πειρασμοῖς.
921 2144 1010 2194 Ἐμὲ
1027 2146 1101 2183 ἀδι-
1126 2159 1148 2188 B
1175 2142 1283 2190 lebat,
1302 2143 1362 2193 qui
1382 2144 1417 2180 in
1438 2144 1594 2195 propriis
1618 2145 1871 2182 tentationibus
1890 2146 1981 2182 nihil
2004 2148 2163 2197 patieba-

83 2204 194 2256 xeire}
207 2210 307 2243 τοῦτο
323 2235 333 2252 ,
366 2205 450 2257 φησὶ
466 2234 475 2252 ,
508 2208 699 2247 ποιοῦντες·
728 2203 775 2254 μὴ
799 2204 866 2256 γὰρ
891 2204 958 2256 ἐγὼ
982 2206 1100 2257 ἀλγῶ;
1175 2211 1245 2240 tur.
1269 2205 1329 2240 Me
1348 2204 1384 2240 in
1401 2204 1470 2241 hoc
1488 2203 1631 2252 laedifis,
1646 2204 1762 2255 inquit
1781 2220 1788 2240 :
1812 2206 1992 2255 numquid
2018 2221 2082 2257 ego
2099 2207 2163 2244 do-

82 2264 174 2303 Τότε
191 2264 404 2313 ἐπαύσαντο,
425 2266 481 2303 ὅτε
502 2260 576 2303 εἶπε
590 2281 597 2287 ·
618 2264 665 2303 Τί
683 2272 814 2303 ποιεῖτε
833 2266 1101 2318 συνθρύπτοντές
1173 2262 1251 2300 100?
1270 2264 1375 2300 Tunc
1391 2264 1616 2313 quieverunt,
1630 2265 1774 2315 quando
1790 2265 1885 2303 (lixit
1902 2283 1909 2302 Ξ
1937 2268 2040 2316 Quid
2051 2269 2161 2319 faci-—

82 2342 146 2376 μου
172 2325 236 2372 τὴν
267 2326 439 2377 καρδίαν,
469 2326 546 2377 Ἐφ’
569 2328 648 2376 ὑμῖν
666 2325 776 2363 κλαίω
791 2356 801 2373 ,
822 2326 943 2378 φησὶν,
964 2329 1024 2365 οὐκ
1044 2328 1100 2366 ἐπὶ
1174 2326 1222 2361 tis
1251 2325 1469 2379 affligentes
1505 2339 1571 2363 eor
1598 2339 1723 2363 meum
1738 2331 1754 2363 Ρ
1771 2327 1886 2378 Super
1916 2327 2015 2366 vobis
2048 2329 2160 2379 ploro,

79 2393 148 2429 τοῖς
181 2386 384 2435 παθήμασιν
401 2402 408 2410 ·
437 2386 523 2439 ὑπὲρ
554 2386 622 2440 γὰρ
658 2386 795 2425 ἐκείνων
824 2387 883 2424 καὶ
914 2390 1097 2426 ἀποθανεῖν
1172 2385 1304 2435 inquit,
1320 2400 1388 2423 non
1402 2400 1508 2437 super
1522 2386 1746 2438 passionibus
1759 2388 1846 2425 meis
1864 2404 1872 2424 :
1890 2403 1955 2440 pro
1972 2389 2042 2426 illis
2055 2390 2161 2427 etiam

86 2448 266 2498 βούλομαι.
288 2447 435 2497 Ἴὲωμεν
457 2446 492 2484 δὲ
514 2448 641 2485 ἄνωθεν
659 2447 703 2484 τὰ
720 2447 898 2498 εἰρημένα.
921 2448 1098 2501 Ἀργυρίου
1171 2447 1262 2484 mori
1277 2447 1371 2485 volo.
1386 2447 1456 2485 Sed
1471 2462 1578 2500 supra
1599 2448 1694 2486 dicta
1712 2458 1922 2501 repetamus.
1939 2449 2158 2502 Argentum

76 2509 97 2555 ἢ
119 2509 260 2560 χρυσίου
291 2507 314 2553 ἢ
342 2510 554 2558 ἱματισμοῦ,
574 2508 695 2560 φησὶν,
720 2509 853 2551 οὐδενὸς
872 2509 1095 2558 ἐπεθύμησα·
1119 2518 1123 2520 “
1171 2509 1239 2545 vel
1263 2522 1401 2546 aurum
1428 2509 1498 2546 vel
1516 2518 1664 2547 vestem
1698 2511 1843 2548 nullius
1870 2515 2085 2563 concupivi,
2106 2513 2158 2550 in-

1040 2565 1060 2572 ”
1170 2568 1247 2617 quit
1271 2584 1279 2604 :
1308 2582 1380 2606 vos
1399 2571 1519 2615 scitis,
1555 2572 1649 2620 quia
1680 2573 1970 2609 necessitatibus
1998 2575 2091 2609 meis
2121 2587 2155 2610 et

83 2570 178 2607 αὐτοὶ
199 2568 386 2620 γινώσκετε
402 2599 411 2616 ,
440 2568 492 2606 ὅτι
518 2575 593 2612 ταῖς
609 2568 743 2621 χρείαις
760 2585 824 2618 μου
852 2569 912 2607 καὶ
933 2576 1002 2612 τοῖς
1021 2575 1095 2608 οὖσι

1169 2631 1227 2677 iis,
1259 2632 1325 2680 qui
1346 2643 1493 2666 meeum
1523 2638 1628 2676 sunt,
1670 2633 1988 2669 ministraverunt
2019 2646 2156 2670 manus

76 2633 151 2681 μετ’
174 2633 257 2680 ἐμοῦ
284 2629 506 2682 ὑπηρέτησαν
525 2632 560 2667 αἱ
585 2636 699 2681 χεῖρες
719 2625 832 2668 αῧται.
863 2633 940 2668 Οὐκ
969 2632 1036 2684 ἄρα
1059 2634 1093 2669 ἐν

73 2690 231 2742 Κορίνθῳ
245 2695 345 2728 τοῦτο
362 2690 568 2742 εἰργάσαντο
586 2690 687 2740 μόνον
702 2693 733 2728 οἱ
749 2690 1000 2743 διαφθείροντες
1016 2691 1095 2735 τοὺς
1168 2691 1264 2726 istoe.
1283 2690 1363 2726 Non
1382 2703 1465 2740 ergo
1483 2689 1646 2727 Corinthi
1664 2699 1801 2727 tantum
1821 2691 1890 2728 hoc
1906 2692 2074 2740 fecerunt,
2093 2694 2155 2741 qui

80 2752 259 2803 μαθητὰς,
288 2750 378 2789 ἀλλὰ
403 2751 461 2788 καὶ
484 2753 517 2788 ἐν
537 2749 670 2801 ἃἈσία.
698 2751 864 2801 Οὐδαμοῦ
887 2757 986 2790 τοῦτο
1007 2754 1092 2790 ὂνει-
1168 2748 1442 2800 corrumpebant
1462 2748 1671 2800 discipulos,
1689 2749 1872 2787 sedetiam
1896 2752 1932 2788 in
1953 2752 2046 2789 Asia.
2062 2754 2154 2790 Nus-

72 2814 156 2858 δίζει
186 2820 256 2857 τοῖς
283 2812 458 2865 Ἐφεσίοις
486 2812 638 2864 γράφων.
671 2812 718 2849 Τί
745 2812 895 2859 δήποτε,
926 2812 1011 2851 “O-ct
1030 2815 1092 2852 οὐκ
1116 2828 1140 2859 C
1167 2825 1275 2861 quam
1289 2810 1358 2848 hoc
1370 2810 1535 2861 Ephesiis
1555 2811 1783 2862 improperat.
1806 2812 1952 2857 Quare?
1974 2813 2068 2860 Quia
2083 2829 2152 2852 non

1167 2870 1294 2908 incidit
1324 2871 1362 2908 in
1388 2870 1642 2908 necessitatem.
1666 2870 1736 2909 Sed
1763 2872 2016 2910 et'Corinthiis
2034 2873 2148 2912 dicit:

1166 2932 1256 2968 Non
1281 2931 1455 2982 infracta
1474 2939 1530 2968 est
1549 2931 1731 2982 gloriatio
1758 2946 1842 2969 mea
1874 2935 1915 2969 in
1933 2936 2151 2984 regionibus

1166 2991 1345 3029 Achaioe.
1365 2991 1439 3028 Nec
1462 2991 1567 3039 dixit,
1586 2992 1664 3028 Non
1684 2991 1831 3029 dedistis
1847 2992 1958 3042 mihi,
1976 2993 2051 3044 sed,
2069 2995 2149 3033 Ar-

1163 3060 1319 3102 gentum
1339 3052 1407 3088 vel
1419 3065 1558 3088 aurum
1579 3052 1646 3089 vel
1667 3060 1812 3089 vestem
1834 3067 1910 3089 non
1926 3058 2127 3106 concupivi
2134 3073 2148 3101 ‚-

1164 3127 1208 3150 ne
1228 3112 1411 3150 videretur
1433 3112 1470 3149 id
1498 3126 1571 3149 esse
1597 3126 1651 3162 ου,
1671 3112 1767 3162 quod
1788 3112 1840 3149 illi
1863 3127 1930 3150 nou
1954 3114 2145 3154 dedissent.

1159 3176 1278 3223 Neque
1302 3173 1409 3222 dixit,
1440 3173 1582 3211 Nullius
1606 3174 1793 3225 concupivi
1816 3176 2027 3226 necessaria,
2048 3187 2085 3215 ut
2107 3192 2149 3215 ne

71 2875 228 2913 ἐνέπεσεν
259 2876 305 2917 εἷς
339 2873 504 2923 ἀνάγκην.
546 2872 651 2910 Ἀλλὰ
683 2872 742 2910 καὶ
766 2873 958 2925 Κορινθίοις
977 2874 1090 2926 λέγει·

69 2938 146 2973 Οὐκ
172 2935 305 2987 ἐφράγη
330 2935 370 2972 τὸ
401 2933 573 2985 καύχημά
604 2948 668 2983 μου
694 2933 730 2970 ἐν
758 2938 827 2976 τοῖς
857 2933 1003 2985 κλίμασι
1029 2938 1090 2981 τῆς

68 2995 224 3047 Ἀχαίας.
247 2994 316 3033 Καὶ
335 2996 397 3032 οὐκ
415 2988 523 3041 εἶπεν,
544 2996 605 3032 οὐκ
620 2993 773 3031 ἐδώκατέ
795 3008 875 3043 μοι·
895 2994 988 3041 ἀλλ’,
1011 2994 1089 3048 Ἀρ-

66 3057 184 3107 γυρίου
205 3056 227 3101 ἢ
256 3055 399 3108 χρυσίου
422 3054 444 3101 ἢ
471 3058 661 3105 ἱματισμοῦ
691 3057 752 3092 οὐκ
788 3055 1009 3105 ἐπεθύμησα,
1031 3055 1087 3094 ἵνα

68 3117 115 3166 μὴ
148 3116 226 3167 δόξῃ
255 3116 394 3154 ἐκείνων
413 3110 499 3154 εἶναι
520 3116 559 3153 τὸ
581 3115 628 3166 μὴ
649 3116 778 3152 δοῦναι.
810 3115 878 3152 Καὶ
900 3117 961 3153 οὐκ
979 3111 1084 3164 εἶπεν,

66 3177 199 3219 οὐδενὸς
215 3176 416 3226 ἐπεθύμησα
432 3179 499 3214 τῶν
519 3175 729 3227 ἀναγκαίων,
746 3175 802 3212 ἵνα
818 3174 866 3225 μὴ
883 3175 961 3226 δόξῃ
979 3177 1083 3214 πάλιν

66 3236 257 3288 κατηγορία
278 3230 364 3274 εἶναι
387 3236 546 3275 ἐκείνων·
578 3236 667 3274 ἀλλὰ
685 3239 783 3273 τοῦτο
801 3235 1010 3282 αἰνίττεται,
1033 3236 1083 3274 ὅτι
1157 3235 1336 3275 videretur
1358 3235 1534 3273 accusatio
1550 3235 1693 3273 illorum
1713 3250 1786 3274 esse
1798 3251 1808 3286 3
1824 3236 1884 3274 sod
1901 3236 1992 3276 illud
2015 3238 2147 3277 subiu—

112 3377 124 3390 θ
142 3364 233 3398 snus
251 3365 338 3408 Avia*
360 3370 426 3399 ἀλλ’
446 3370 574 3409 offiano&
592 3372 676 3401 τοῦτο
693 3369 846 3406 ὠνείδιζον.

2166 2963 2196 2982 2.
2214 2956 2284 2986 θυι,
2305 2966 2353 2984 11⁶

2171 3004 2215 3024 10.
