<?xml version="1.0" encoding="UTF-8"?>
<!DOCTYPE html PUBLIC "-//W3C//DTD XHTML 1.0 Transitional//EN"
    "http://www.w3.org/TR/xhtml1/DTD/xhtml1-transitional.dtd">
<html xmlns="http://www.w3.org/1999/xhtml" xml:lang="en" lang="en">
 <head>
  <title>
</title>
<meta http-equiv="Content-Type" content="text/html;charset=utf-8" />
  <meta name='ocr-system' content='tesseract 3.04.00' />
  <meta name='ocr-capabilities' content='ocr_page ocr_carea ocr_par ocr_line ocrx_word'/>
</head>
<body>
  <div class='ocr_page' id='page_1' title='image "./operaomniaquaeex09johnuoft/operaomniaquaeex09johnuoft_0813.png"; bbox 0 0 2502 3810; ppageno 0'>
   <div class='ocr_carea' id='block_1_1' title="bbox 677 260 2134 320">
    <p class='ocr_par' dir='ltr' id='par_1_1' title="bbox 677 260 2134 320">
     <span class='ocr_line' id='line_1_1' title="bbox 677 260 2134 320; baseline -0.003 -10"><span class='ocrx_word' id='word_1_1' title='bbox 677 281 717 310; x_wconf 65' lang='lat' dir='ltr'><em>iu</em></span> <span class='ocrx_word' id='word_1_2' title='bbox 756 281 895 310; x_wconf 75' lang='lat' dir='ltr'>EPIST.</span> <span class='ocrx_word' id='word_1_3' title='bbox 936 279 995 308; x_wconf 78' lang='lat' dir='ltr'><em>AD</em></span> <span class='ocrx_word' id='word_1_4' title='bbox 1031 278 1139 308; x_wconf 73' lang='lat' dir='ltr'><em>nom.</em></span> <span class='ocrx_word' id='word_1_5' title='bbox 1168 278 1322 307; x_wconf 67' lang='lat' dir='ltr'><em>noim„</em></span> <span class='ocrx_word' id='word_1_6' title='bbox 1362 278 1488 308; x_wconf 76' lang='lat' dir='ltr'><em>xxiv.</em></span> <span class='ocrx_word' id='word_1_7' title='bbox 2046 260 2134 320; x_wconf 77' lang='lat'><em>763</em></span> 
     </span>
    </p>
   </div>
   <div class='ocr_carea' id='block_1_2' title="bbox 64 352 1132 1252">
    <p class='ocr_par' dir='ltr' id='par_1_2' title="bbox 64 352 1132 1010">
     <span class='ocr_line' id='line_1_2' title="bbox 64 352 1081 411; baseline -0.002 -14"><span class='ocrx_word' id='word_1_8' title='bbox 64 358 135 397; x_wconf 78' lang='grc' dir='ltr'><em>Καὶ</em></span> <span class='ocrx_word' id='word_1_9' title='bbox 155 361 214 396; x_wconf 78' lang='grc' dir='ltr'><em>οὐκ</em></span> <span class='ocrx_word' id='word_1_10' title='bbox 242 352 334 403; x_wconf 69' lang='grc' dir='ltr'>εἶπε,</span> <span class='ocrx_word' id='word_1_11' title='bbox 354 365 597 410; x_wconf 79' lang='grc' dir='ltr'>περιπατεῖτε,</span> <span class='ocrx_word' id='word_1_12' title='bbox 628 360 738 407; x_wconf 83' lang='grc' dir='ltr'>ἀλλὰ,</span> <span class='ocrx_word' id='word_1_13' title='bbox 761 359 1081 411; x_wconf 80' lang='grc' dir='ltr'>Περιπατήσωμεν,</span> 
     </span>
     <span class='ocr_line' id='line_1_3' title="bbox 64 419 1081 472; baseline 0 -16"><span class='ocrx_word' id='word_1_14' title='bbox 64 419 154 456; x_wconf 79' lang='grc' dir='ltr'>ὥστε</span> <span class='ocrx_word' id='word_1_15' title='bbox 173 420 353 470; x_wconf 78' lang='grc' dir='ltr'>ἀνεπαχθῆ</span> <span class='ocrx_word' id='word_1_16' title='bbox 375 423 520 465; x_wconf 72' lang='grc' dir='ltr'>ποιῆσαι</span> <span class='ocrx_word' id='word_1_17' title='bbox 540 420 603 466; x_wconf 70' lang='grc' dir='ltr'><em>τὴν</em></span> <span class='ocrx_word' id='word_1_18' title='bbox 625 420 842 472; x_wconf 90' lang='grc' dir='ltr'>παραίνεσιν,</span> <span class='ocrx_word' id='word_1_19' title='bbox 867 421 927 458; x_wconf 75' lang='grc' dir='ltr'><em>καὶ</em></span> <span class='ocrx_word' id='word_1_20' title='bbox 952 420 1081 469; x_wconf 84' lang='grc' dir='ltr'>κούφην</span> 
     </span>
     <span class='ocr_line' id='line_1_4' title="bbox 64 477 1081 531; baseline 0.001 -16"><span class='ocrx_word' id='word_1_21' title='bbox 64 477 126 524; x_wconf 80' lang='grc' dir='ltr'><em>τὴν</em></span> <span class='ocrx_word' id='word_1_22' title='bbox 147 477 343 524; x_wconf 79' lang='grc' dir='ltr'>ἐπίπληξιν.</span> <span class='ocrx_word' id='word_1_23' title='bbox 370 479 432 525; x_wconf 84' lang='grc' dir='ltr'><em>Μὴ</em></span> <span class='ocrx_word' id='word_1_24' title='bbox 464 479 596 529; x_wconf 79' lang='grc' dir='ltr'>κώμοις</span> <span class='ocrx_word' id='word_1_25' title='bbox 615 481 672 518; x_wconf 80' lang='grc' dir='ltr'><em>καὶ</em></span> <span class='ocrx_word' id='word_1_26' title='bbox 696 481 830 531; x_wconf 79' lang='grc' dir='ltr'>μέθαις·</span> <span class='ocrx_word' id='word_1_27' title='bbox 852 482 888 518; x_wconf 79' lang='grc' dir='ltr'><em>οὗ</em></span> <span class='ocrx_word' id='word_1_28' title='bbox 910 480 948 517; x_wconf 81' lang='grc' dir='ltr'><em>τὸ</em></span> <span class='ocrx_word' id='word_1_29' title='bbox 972 479 1081 516; x_wconf 86' lang='grc' dir='ltr'>πίνειν</span> 
     </span>
     <span class='ocr_line' id='line_1_5' title="bbox 64 537 1082 591; baseline 0.002 -18"><span class='ocrx_word' id='word_1_30' title='bbox 64 537 219 584; x_wconf 87' lang='grc' dir='ltr'>κωλύων,</span> <span class='ocrx_word' id='word_1_31' title='bbox 241 537 330 575; x_wconf 78' lang='grc' dir='ltr'>ἀλλὰ</span> <span class='ocrx_word' id='word_1_32' title='bbox 361 538 401 576; x_wconf 77' lang='grc' dir='ltr'><em>τὸ</em></span> <span class='ocrx_word' id='word_1_33' title='bbox 421 540 580 591; x_wconf 77' lang='grc' dir='ltr'>ἀμέτρως</span> <span class='ocrx_word' id='word_1_34' title='bbox 597 556 604 564; x_wconf 92' lang='grc'><em>·</em></span> <span class='ocrx_word' id='word_1_35' title='bbox 635 543 673 578; x_wconf 74' lang='grc' dir='ltr'><em>οὐ</em></span> <span class='ocrx_word' id='word_1_36' title='bbox 695 541 734 578; x_wconf 84' lang='grc' dir='ltr'><em>τὸ</em></span> <span class='ocrx_word' id='word_1_37' title='bbox 763 540 948 578; x_wconf 74' lang='grc' dir='ltr'>ἀπολαύειν</span> <span class='ocrx_word' id='word_1_38' title='bbox 968 539 1059 577; x_wconf 85' lang='grc' dir='ltr'>οἴνου</span> <span class='ocrx_word' id='word_1_39' title='bbox 1073 568 1082 585; x_wconf 85' lang='grc'>,</span> 
     </span>
     <span class='ocr_line' id='line_1_6' title="bbox 64 594 1083 652; baseline 0 -18"><span class='ocrx_word' id='word_1_40' title='bbox 64 597 154 635; x_wconf 79' lang='grc' dir='ltr'>ἀλλὰ</span> <span class='ocrx_word' id='word_1_41' title='bbox 170 597 209 635; x_wconf 78' lang='grc' dir='ltr'><em>τὸ</em></span> <span class='ocrx_word' id='word_1_42' title='bbox 229 598 316 647; x_wconf 78' lang='grc' dir='ltr'>μετὰ</span> <span class='ocrx_word' id='word_1_43' title='bbox 335 599 514 650; x_wconf 73' lang='grc' dir='ltr'>παροινίας</span> <span class='ocrx_word' id='word_1_44' title='bbox 530 616 537 622; x_wconf 88' lang='grc'><em>·</em></span> <span class='ocrx_word' id='word_1_45' title='bbox 553 599 670 652; x_wconf 80' lang='grc' dir='ltr'>ὥσπερ</span> <span class='ocrx_word' id='word_1_46' title='bbox 685 594 742 638; x_wconf 67' lang='grc' dir='ltr'><em>οῧν</em></span> <span class='ocrx_word' id='word_1_47' title='bbox 762 601 819 638; x_wconf 85' lang='grc' dir='ltr'><em>καὶ</em></span> <span class='ocrx_word' id='word_1_48' title='bbox 833 600 872 637; x_wconf 83' lang='grc' dir='ltr'><em>τὸ</em></span> <span class='ocrx_word' id='word_1_49' title='bbox 899 599 974 645; x_wconf 76' lang='grc' dir='ltr'><em>ἑξῆς</em></span> <span class='ocrx_word' id='word_1_50' title='bbox 995 597 1083 648; x_wconf 84' lang='grc' dir='ltr'>μετὰ</span> 
     </span>
     <span class='ocr_line' id='line_1_7' title="bbox 64 658 1084 712; baseline 0.001 -18"><span class='ocrx_word' id='word_1_51' title='bbox 64 662 123 695; x_wconf 77' lang='grc' dir='ltr'><em>τοῦ</em></span> <span class='ocrx_word' id='word_1_52' title='bbox 136 658 245 695; x_wconf 73' lang='grc' dir='ltr'>αὐτοῦ</span> <span class='ocrx_word' id='word_1_53' title='bbox 264 658 388 709; x_wconf 80' lang='grc' dir='ltr'>μέτρου</span> <span class='ocrx_word' id='word_1_54' title='bbox 403 659 518 706; x_wconf 86' lang='grc' dir='ltr'>τίθησι</span> <span class='ocrx_word' id='word_1_55' title='bbox 533 659 642 712; x_wconf 80' lang='grc' dir='ltr'>λέγων</span> <span class='ocrx_word' id='word_1_56' title='bbox 654 675 661 683; x_wconf 91' lang='grc'><em>·</em></span> <span class='ocrx_word' id='word_1_57' title='bbox 682 659 743 706; x_wconf 82' lang='grc' dir='ltr'><em>Μὴ</em></span> <span class='ocrx_word' id='word_1_58' title='bbox 764 660 893 702; x_wconf 82' lang='grc' dir='ltr'>κοίταις</span> <span class='ocrx_word' id='word_1_59' title='bbox 907 659 966 696; x_wconf 79' lang='grc' dir='ltr'><em>καὶ</em></span> <span class='ocrx_word' id='word_1_60' title='bbox 985 660 1084 696; x_wconf 87' lang='grc' dir='ltr'>ἀσελ-</span> 
     </span>
     <span class='ocr_line' id='line_1_8' title="bbox 65 717 1132 770; baseline 0.002 -16"><span class='ocrx_word' id='word_1_61' title='bbox 65 717 184 768; x_wconf 88' lang='grc' dir='ltr'>γείαις.</span> <span class='ocrx_word' id='word_1_62' title='bbox 207 718 299 756; x_wconf 79' lang='grc' dir='ltr'>Οὐδὲ</span> <span class='ocrx_word' id='word_1_63' title='bbox 317 719 383 770; x_wconf 78' lang='grc' dir='ltr'><em>γὰρ</em></span> <span class='ocrx_word' id='word_1_64' title='bbox 398 722 543 757; x_wconf 75' lang='grc' dir='ltr'>ἐνταῦθα</span> <span class='ocrx_word' id='word_1_65' title='bbox 560 720 598 757; x_wconf 84' lang='grc' dir='ltr'><em>τὸ</em></span> <span class='ocrx_word' id='word_1_66' title='bbox 617 720 799 770; x_wconf 80' lang='grc' dir='ltr'>μίγνυσθαι</span> <span class='ocrx_word' id='word_1_67' title='bbox 814 718 966 770; x_wconf 81' lang='grc' dir='ltr'>γυναιξὶν</span> <span class='ocrx_word' id='word_1_68' title='bbox 987 719 1083 755; x_wconf 85' lang='grc' dir='ltr'>ἀναι-</span> <span class='ocrx_word' id='word_1_69' title='bbox 1109 728 1132 756; x_wconf 87' lang='grc' dir='ltr'>Ε</span> 
     </span>
     <span class='ocr_line' id='line_1_9' title="bbox 67 777 1083 832; baseline 0 -17"><span class='ocrx_word' id='word_1_70' title='bbox 67 784 134 828; x_wconf 77' lang='grc' dir='ltr'>ρεῖ,</span> <span class='ocrx_word' id='word_1_71' title='bbox 157 778 246 816; x_wconf 75' lang='grc' dir='ltr'>ἀλλὰ</span> <span class='ocrx_word' id='word_1_72' title='bbox 279 779 318 816; x_wconf 80' lang='grc' dir='ltr'><em>τὸ</em></span> <span class='ocrx_word' id='word_1_73' title='bbox 349 779 537 831; x_wconf 83' lang='grc' dir='ltr'>πορνεύειν.</span> <span class='ocrx_word' id='word_1_74' title='bbox 569 779 657 826; x_wconf 64' lang='grc' dir='ltr'><em>ΘΜὴ</em></span> <span class='ocrx_word' id='word_1_75' title='bbox 688 780 775 832; x_wconf 76' lang='grc' dir='ltr'>ἔριδι</span> <span class='ocrx_word' id='word_1_76' title='bbox 809 779 869 817; x_wconf 79' lang='grc' dir='ltr'><em>καὶ</em></span> <span class='ocrx_word' id='word_1_77' title='bbox 891 779 996 831; x_wconf 82' lang='grc' dir='ltr'>ζήλῳ.</span> <span class='ocrx_word' id='word_1_78' title='bbox 1026 777 1083 815; x_wconf 83' lang='grc' dir='ltr'><em>Τὰ</em></span> 
     </span>
     <span class='ocr_line' id='line_1_10' title="bbox 66 837 1083 890; baseline 0 -16"><span class='ocrx_word' id='word_1_79' title='bbox 66 838 132 889; x_wconf 78' lang='grc' dir='ltr'><em>γὰρ</em></span> <span class='ocrx_word' id='word_1_80' title='bbox 153 837 273 890; x_wconf 89' lang='grc' dir='ltr'>καίρια</span> <span class='ocrx_word' id='word_1_81' title='bbox 297 842 365 876; x_wconf 76' lang='grc' dir='ltr'><em>τῶν</em></span> <span class='ocrx_word' id='word_1_82' title='bbox 398 841 517 877; x_wconf 75' lang='grc' dir='ltr'>παθῶν</span> <span class='ocrx_word' id='word_1_83' title='bbox 545 839 705 877; x_wconf 64' lang='grc' dir='ltr'>σὸέννυσι</span> <span class='ocrx_word' id='word_1_84' title='bbox 725 840 787 885; x_wconf 82' lang='grc' dir='ltr'><em>τὴν</em></span> <span class='ocrx_word' id='word_1_85' title='bbox 817 839 1000 888; x_wconf 80' lang='grc' dir='ltr'>ἐπιθυμίαν</span> <span class='ocrx_word' id='word_1_86' title='bbox 1024 838 1083 875; x_wconf 81' lang='grc' dir='ltr'><em>καὶ</em></span> 
     </span>
     <span class='ocr_line' id='line_1_11' title="bbox 65 898 1085 950; baseline 0.001 -15"><span class='ocrx_word' id='word_1_87' title='bbox 65 898 124 935; x_wconf 82' lang='grc' dir='ltr'><em>τὸν</em></span> <span class='ocrx_word' id='word_1_88' title='bbox 145 899 263 948; x_wconf 86' lang='grc' dir='ltr'>θυμόν.</span> <span class='ocrx_word' id='word_1_89' title='bbox 284 899 414 950; x_wconf 84' lang='grc' dir='ltr'>Διόπερ</span> <span class='ocrx_word' id='word_1_90' title='bbox 436 902 497 938; x_wconf 75' lang='grc' dir='ltr'><em>οὐκ</em></span> <span class='ocrx_word' id='word_1_91' title='bbox 513 899 600 937; x_wconf 81' lang='grc' dir='ltr'>αὐτὰ</span> <span class='ocrx_word' id='word_1_92' title='bbox 620 900 734 950; x_wconf 86' lang='grc' dir='ltr'>μόνον,</span> <span class='ocrx_word' id='word_1_93' title='bbox 754 900 842 938; x_wconf 81' lang='grc' dir='ltr'>ἀλλὰ</span> <span class='ocrx_word' id='word_1_94' title='bbox 860 900 919 937; x_wconf 82' lang='grc' dir='ltr'><em>καὶ</em></span> <span class='ocrx_word' id='word_1_95' title='bbox 938 899 999 943; x_wconf 83' lang='grc' dir='ltr'><em>τὰς</em></span> <span class='ocrx_word' id='word_1_96' title='bbox 1015 915 1085 944; x_wconf 89' lang='grc' dir='ltr'><em>πη-</em></span> 
     </span>
     <span class='ocr_line' id='line_1_12' title="bbox 66 958 422 1010; baseline 0.006 -15"><span class='ocrx_word' id='word_1_97' title='bbox 66 958 130 1008; x_wconf 81' lang='grc' dir='ltr'><em>γὰς</em></span> <span class='ocrx_word' id='word_1_98' title='bbox 150 961 261 996; x_wconf 83' lang='grc' dir='ltr'>αὐτῶν</span> <span class='ocrx_word' id='word_1_99' title='bbox 279 960 422 1010; x_wconf 82' lang='grc' dir='ltr'>ἀναιρεῖ.</span> 
     </span>
    </p>

    <p class='ocr_par' dir='ltr' id='par_1_3' title="bbox 66 1018 1087 1252">
     <span class='ocr_line' id='line_1_13' title="bbox 119 1018 1084 1069; baseline -0.001 -13"><span class='ocrx_word' id='word_1_100' title='bbox 119 1019 231 1056; x_wconf 74' lang='grc' dir='ltr'>Οὐδὲν</span> <span class='ocrx_word' id='word_1_101' title='bbox 250 1018 317 1069; x_wconf 81' lang='grc' dir='ltr'><em>γὰρ</em></span> <span class='ocrx_word' id='word_1_102' title='bbox 337 1019 425 1057; x_wconf 79' lang='grc' dir='ltr'>οὕτω</span> <span class='ocrx_word' id='word_1_103' title='bbox 443 1019 502 1057; x_wconf 78' lang='grc' dir='ltr'><em>καὶ</em></span> <span class='ocrx_word' id='word_1_104' title='bbox 522 1019 706 1069; x_wconf 82' lang='grc' dir='ltr'>ἐπιθυμίαν</span> <span class='ocrx_word' id='word_1_105' title='bbox 728 1020 873 1057; x_wconf 82' lang='grc' dir='ltr'>ἀνάπτει</span> <span class='ocrx_word' id='word_1_106' title='bbox 894 1019 954 1056; x_wconf 79' lang='grc' dir='ltr'><em>καὶ</em></span> <span class='ocrx_word' id='word_1_107' title='bbox 980 1018 1084 1069; x_wconf 80' lang='grc' dir='ltr'>ὀργὴν</span> 
     </span>
     <span class='ocr_line' id='line_1_14' title="bbox 67 1079 1085 1131; baseline 0.001 -16"><span class='ocrx_word' id='word_1_108' title='bbox 67 1079 219 1124; x_wconf 77' lang='grc' dir='ltr'>ἐκκαίει,</span> <span class='ocrx_word' id='word_1_109' title='bbox 256 1082 303 1123; x_wconf 81' lang='grc' dir='ltr'><em>ὡς</em></span> <span class='ocrx_word' id='word_1_110' title='bbox 338 1081 424 1129; x_wconf 83' lang='grc' dir='ltr'>μέθη</span> <span class='ocrx_word' id='word_1_111' title='bbox 453 1081 512 1118; x_wconf 77' lang='grc' dir='ltr'><em>καὶ</em></span> <span class='ocrx_word' id='word_1_112' title='bbox 543 1080 716 1130; x_wconf 90' lang='grc' dir='ltr'>παροινία.</span> <span class='ocrx_word' id='word_1_113' title='bbox 754 1080 822 1118; x_wconf 81' lang='grc' dir='ltr'><em>Διὰ</em></span> <span class='ocrx_word' id='word_1_114' title='bbox 863 1084 965 1117; x_wconf 78' lang='grc' dir='ltr'>τοῦτο</span> <span class='ocrx_word' id='word_1_115' title='bbox 995 1080 1085 1131; x_wconf 83' lang='grc' dir='ltr'>πρό-</span> 
     </span>
     <span class='ocr_line' id='line_1_15' title="bbox 66 1139 1087 1190; baseline 0.002 -15"><span class='ocrx_word' id='word_1_116' title='bbox 66 1154 163 1190; x_wconf 85' lang='grc' dir='ltr'>τερον</span> <span class='ocrx_word' id='word_1_117' title='bbox 183 1139 302 1186; x_wconf 82' lang='grc' dir='ltr'>εἰπὼν,</span> <span class='ocrx_word' id='word_1_118' title='bbox 321 1140 380 1186; x_wconf 80' lang='grc' dir='ltr'><em>Μὴ</em></span> <span class='ocrx_word' id='word_1_119' title='bbox 404 1140 534 1190; x_wconf 80' lang='grc' dir='ltr'>κώμοις</span> <span class='ocrx_word' id='word_1_120' title='bbox 554 1140 613 1177; x_wconf 79' lang='grc' dir='ltr'><em>καὶ</em></span> <span class='ocrx_word' id='word_1_121' title='bbox 643 1141 782 1190; x_wconf 82' lang='grc' dir='ltr'>μέθαις,</span> <span class='ocrx_word' id='word_1_122' title='bbox 809 1140 886 1178; x_wconf 84' lang='grc' dir='ltr'>τότε</span> <span class='ocrx_word' id='word_1_123' title='bbox 905 1139 1062 1190; x_wconf 78' lang='grc' dir='ltr'>ἐπήγαγε</span> <span class='ocrx_word' id='word_1_124' title='bbox 1079 1155 1087 1163; x_wconf 77' lang='grc'><em>·</em></span> 
     </span>
     <span class='ocr_line' id='line_1_16' title="bbox 66 1198 1087 1252; baseline 0.001 -16"><span class='ocrx_word' id='word_1_125' title='bbox 66 1198 128 1243; x_wconf 87' lang='grc' dir='ltr'><em>Μὴ</em></span> <span class='ocrx_word' id='word_1_126' title='bbox 150 1198 282 1242; x_wconf 87' lang='grc' dir='ltr'>κοίταις</span> <span class='ocrx_word' id='word_1_127' title='bbox 301 1199 360 1236; x_wconf 78' lang='grc' dir='ltr'><em>καὶ</em></span> <span class='ocrx_word' id='word_1_128' title='bbox 379 1199 597 1250; x_wconf 80' lang='grc' dir='ltr'>ἀσελγείαις,</span> <span class='ocrx_word' id='word_1_129' title='bbox 618 1200 666 1249; x_wconf 86' lang='grc' dir='ltr'><em>μὴ</em></span> <span class='ocrx_word' id='word_1_130' title='bbox 687 1201 773 1251; x_wconf 76' lang='grc' dir='ltr'>ἔριδι</span> <span class='ocrx_word' id='word_1_131' title='bbox 793 1200 851 1236; x_wconf 82' lang='grc' dir='ltr'><em>καὶ</em></span> <span class='ocrx_word' id='word_1_132' title='bbox 881 1200 989 1252; x_wconf 79' lang='grc' dir='ltr'>ζήλῳ.</span> <span class='ocrx_word' id='word_1_133' title='bbox 1019 1200 1087 1237; x_wconf 71' lang='grc' dir='ltr'><em>Καὶ</em></span> 
     </span>
    </p>
   </div>
   <div class='ocr_carea' id='block_1_3' title="bbox 1103 1233 1149 1257">
    <p class='ocr_par' dir='ltr' id='par_1_4' title="bbox 1103 1233 1149 1257">
     <span class='ocr_line' id='line_1_17' title="bbox 1103 1233 1149 1257; baseline 0 -1"><span class='ocrx_word' id='word_1_134' title='bbox 1103 1233 1149 1257; x_wconf 67' lang='grc' dir='ltr'><em>ὗῖιό</em></span> 
     </span>
    </p>
   </div>
   <div class='ocr_carea' id='block_1_4' title="bbox 1156 356 2344 1137">
    <p class='ocr_par' dir='ltr' id='par_1_5' title="bbox 1156 356 2344 1137">
     <span class='ocr_line' id='line_1_18' title="bbox 1156 356 2136 407; baseline 0 -13"><span class='ocrx_word' id='word_1_135' title='bbox 1156 357 1298 394; x_wconf 77' lang='lat' dir='ltr'><em>liabent.</em></span> <span class='ocrx_word' id='word_1_136' title='bbox 1316 357 1388 395; x_wconf 85' lang='lat' dir='ltr'><em>Nec.</em></span> <span class='ocrx_word' id='word_1_137' title='bbox 1417 357 1524 403; x_wconf 73' lang='lat' dir='ltr'><em>dixit,</em></span> <span class='ocrx_word' id='word_1_138' title='bbox 1548 357 1750 407; x_wconf 83' lang='lat' dir='ltr'><em>Ambulate,</em></span> <span class='ocrx_word' id='word_1_139' title='bbox 1780 357 1852 405; x_wconf 84' lang='lat' dir='ltr'><em>sed,</em></span> <span class='ocrx_word' id='word_1_140' title='bbox 1867 356 2136 403; x_wconf 75' lang='lat' dir='ltr'><em>Ambulemus,</em></span> 
     </span>
     <span class='ocr_line' id='line_1_19' title="bbox 1157 416 2137 467; baseline -0.001 -14"><span class='ocrx_word' id='word_1_141' title='bbox 1157 427 1195 454; x_wconf 91' lang='lat' dir='ltr'><em>ut</em></span> <span class='ocrx_word' id='word_1_142' title='bbox 1215 431 1282 454; x_wconf 87' lang='lat' dir='ltr'><em>non</em></span> <span class='ocrx_word' id='word_1_143' title='bbox 1302 431 1443 455; x_wconf 83' lang='lat' dir='ltr'><em>onerosa</em></span> <span class='ocrx_word' id='word_1_144' title='bbox 1467 418 1513 455; x_wconf 86' lang='lat' dir='ltr'><em>sit</em></span> <span class='ocrx_word' id='word_1_145' title='bbox 1530 418 1701 466; x_wconf 75' lang='lat' dir='ltr'>hortatio,</span> <span class='ocrx_word' id='word_1_146' title='bbox 1721 426 1753 455; x_wconf 90' lang='lat' dir='ltr'><em>et</em></span> <span class='ocrx_word' id='word_1_147' title='bbox 1768 416 1961 455; x_wconf 77' lang='lat' dir='ltr'><em>tolerabilis</em></span> <span class='ocrx_word' id='word_1_148' title='bbox 1980 416 2137 467; x_wconf 82' lang='lat' dir='ltr'><em>increpa-</em></span> 
     </span>
     <span class='ocr_line' id='line_1_20' title="bbox 1157 477 2134 515; baseline -0.001 -2"><span class='ocrx_word' id='word_1_149' title='bbox 1157 477 1217 514; x_wconf 79' lang='lat' dir='ltr'><em>tio.</em></span> <span class='ocrx_word' id='word_1_150' title='bbox 1237 478 1326 514; x_wconf 82' lang='lat' dir='ltr'><em>Non</em></span> <span class='ocrx_word' id='word_1_151' title='bbox 1354 480 1395 513; x_wconf 87' lang='lat' dir='ltr'><em>in</em></span> <span class='ocrx_word' id='word_1_152' title='bbox 1417 480 1794 515; x_wconf 75' lang='lat' dir='ltr'><em>commessationibus</em></span> <span class='ocrx_word' id='word_1_153' title='bbox 1818 486 1853 514; x_wconf 86' lang='lat' dir='ltr'><em>et</em></span> <span class='ocrx_word' id='word_1_154' title='bbox 1872 479 2134 514; x_wconf 77' lang='lat' dir='ltr'><em>ebrietatibus.</em></span> 
     </span>
     <span class='ocr_line' id='line_1_21' title="bbox 1159 537 2133 590; baseline -0.001 -16"><span class='ocrx_word' id='word_1_155' title='bbox 1159 537 1285 574; x_wconf 79' lang='lat' dir='ltr'>Bibere</span> <span class='ocrx_word' id='word_1_156' title='bbox 1303 551 1372 575; x_wconf 91' lang='lat' dir='ltr'><em>non</em></span> <span class='ocrx_word' id='word_1_157' title='bbox 1393 547 1500 584; x_wconf 77' lang='lat' dir='ltr'><em>vetat,</em></span> <span class='ocrx_word' id='word_1_158' title='bbox 1526 538 1586 576; x_wconf 88' lang='lat' dir='ltr'><em>scd</em></span> <span class='ocrx_word' id='word_1_159' title='bbox 1612 548 1739 590; x_wconf 79' lang='lat' dir='ltr'><em>praeter</em></span> <span class='ocrx_word' id='word_1_160' title='bbox 1762 553 1962 576; x_wconf 77' lang='lat' dir='ltr'><em>mensuram</em></span> <span class='ocrx_word' id='word_1_161' title='bbox 1987 537 2133 574; x_wconf 85' lang='lat' dir='ltr'><em>bibere:</em></span> 
     </span>
     <span class='ocr_line' id='line_1_22' title="bbox 1158 598 2139 646; baseline 0.002 -13"><span class='ocrx_word' id='word_1_162' title='bbox 1158 610 1225 634; x_wconf 87' lang='lat' dir='ltr'><em>non</em></span> <span class='ocrx_word' id='word_1_163' title='bbox 1251 598 1321 634; x_wconf 86' lang='lat' dir='ltr'><em>frui</em></span> <span class='ocrx_word' id='word_1_164' title='bbox 1340 598 1440 646; x_wconf 89' lang='lat' dir='ltr'><em>vino,</em></span> <span class='ocrx_word' id='word_1_165' title='bbox 1457 598 1520 636; x_wconf 89' lang='lat' dir='ltr'><em>sed</em></span> <span class='ocrx_word' id='word_1_166' title='bbox 1539 613 1618 636; x_wconf 90' lang='lat' dir='ltr'><em>cum</em></span> <span class='ocrx_word' id='word_1_167' title='bbox 1645 599 1847 636; x_wconf 75' lang='lat' dir='ltr'>temulentia</span> <span class='ocrx_word' id='word_1_168' title='bbox 1867 599 1935 635; x_wconf 84' lang='lat' dir='ltr'><em>frui</em></span> <span class='ocrx_word' id='word_1_169' title='bbox 1957 607 2049 635; x_wconf 77' lang='lat' dir='ltr'><em>vetat</em></span> <span class='ocrx_word' id='word_1_170' title='bbox 2067 613 2075 646; x_wconf 90' lang='lat'>;</span> <span class='ocrx_word' id='word_1_171' title='bbox 2100 607 2139 635; x_wconf 91' lang='lat' dir='ltr'><em>ut</em></span> 
     </span>
     <span class='ocr_line' id='line_1_23' title="bbox 1158 657 2139 710; baseline 0 -18"><span class='ocrx_word' id='word_1_172' title='bbox 1158 665 1190 693; x_wconf 85' lang='lat' dir='ltr'><em>et</em></span> <span class='ocrx_word' id='word_1_173' title='bbox 1205 657 1301 706; x_wconf 86' lang='lat' dir='ltr'><em>quod</em></span> <span class='ocrx_word' id='word_1_174' title='bbox 1317 657 1476 706; x_wconf 87' lang='lat' dir='ltr'><em>sequitur</em></span> <span class='ocrx_word' id='word_1_175' title='bbox 1497 672 1576 694; x_wconf 88' lang='lat' dir='ltr'><em>cum</em></span> <span class='ocrx_word' id='word_1_176' title='bbox 1595 657 1715 695; x_wconf 84' lang='lat' dir='ltr'><em>cadem</em></span> <span class='ocrx_word' id='word_1_177' title='bbox 1735 672 1896 695; x_wconf 81' lang='lat' dir='ltr'><em>mensura</em></span> <span class='ocrx_word' id='word_1_178' title='bbox 1919 658 2139 710; x_wconf 73' lang='lat' dir='ltr'><em>ponitleon</em></span> 
     </span>
     <span class='ocr_line' id='line_1_24' title="bbox 1158 718 2138 768; baseline 0.004 -16"><span class='ocrx_word' id='word_1_179' title='bbox 1158 719 1198 753; x_wconf 88' lang='lat' dir='ltr'><em>in</em></span> <span class='ocrx_word' id='word_1_180' title='bbox 1217 718 1405 755; x_wconf 85' lang='lat' dir='ltr'><em>cubilibus</em></span> <span class='ocrx_word' id='word_1_181' title='bbox 1421 726 1457 754; x_wconf 87' lang='lat' dir='ltr'><em>et</em></span> <span class='ocrx_word' id='word_1_182' title='bbox 1471 720 1860 768; x_wconf 73' lang='lat' dir='ltr'><em>irnpuclicitiis.Ncque</em></span> <span class='ocrx_word' id='word_1_183' title='bbox 1874 719 1933 756; x_wconf 81' lang='lat' dir='ltr'><em>hic</em></span> <span class='ocrx_word' id='word_1_184' title='bbox 1949 728 2042 756; x_wconf 76' lang='lat' dir='ltr'><em>vetat</em></span> <span class='ocrx_word' id='word_1_185' title='bbox 2058 733 2138 756; x_wconf 88' lang='lat' dir='ltr'><em>eum</em></span> 
     </span>
     <span class='ocr_line' id='line_1_25' title="bbox 1158 776 2139 821; baseline 0.004 -9"><span class='ocrx_word' id='word_1_186' title='bbox 1158 776 1368 813; x_wconf 86' lang='lat' dir='ltr'><em>mulieribus</em></span> <span class='ocrx_word' id='word_1_187' title='bbox 1390 777 1544 821; x_wconf 81' lang='lat' dir='ltr'><em>misceri,</em></span> <span class='ocrx_word' id='word_1_188' title='bbox 1563 777 1625 815; x_wconf 87' lang='lat' dir='ltr'><em>sed</em></span> <span class='ocrx_word' id='word_1_189' title='bbox 1641 779 1797 815; x_wconf 81' lang='lat' dir='ltr'><em>scortari.</em></span> <span class='ocrx_word' id='word_1_190' title='bbox 1821 780 1909 815; x_wconf 79' lang='lat' dir='ltr'><em>Non</em></span> <span class='ocrx_word' id='word_1_191' title='bbox 1925 782 1965 815; x_wconf 85' lang='lat' dir='ltr'><em>in</em></span> <span class='ocrx_word' id='word_1_192' title='bbox 1979 788 2139 816; x_wconf 85' lang='lat' dir='ltr'><em>conten-</em></span> 
     </span>
     <span class='ocr_line' id='line_1_26' title="bbox 1160 837 2139 888; baseline 0.004 -17"><span class='ocrx_word' id='word_1_193' title='bbox 1160 837 1262 872; x_wconf 80' lang='lat' dir='ltr'><em>tione</em></span> <span class='ocrx_word' id='word_1_194' title='bbox 1283 845 1319 872; x_wconf 88' lang='lat' dir='ltr'><em>et</em></span> <span class='ocrx_word' id='word_1_195' title='bbox 1342 837 1602 873; x_wconf 70' lang='lat' dir='ltr'><em>(emulatione.</em></span> <span class='ocrx_word' id='word_1_196' title='bbox 1626 838 1715 873; x_wconf 78' lang='lat' dir='ltr'><em>Nam</em></span> <span class='ocrx_word' id='word_1_197' title='bbox 1734 851 1926 888; x_wconf 81' lang='lat' dir='ltr'><em>pravorum</em></span> <span class='ocrx_word' id='word_1_198' title='bbox 1948 839 2139 875; x_wconf 81' lang='lat' dir='ltr'>affectuum</span> 
     </span>
     <span class='ocr_line' id='line_1_27' title="bbox 1159 897 2140 948; baseline 0.005 -16"><span class='ocrx_word' id='word_1_199' title='bbox 1159 897 1310 936; x_wconf 76' lang='lat' dir='ltr'><em>fomenta</em></span> <span class='ocrx_word' id='word_1_200' title='bbox 1325 897 1530 947; x_wconf 76' lang='lat' dir='ltr'><em>exstinguit,</em></span> <span class='ocrx_word' id='word_1_201' title='bbox 1541 898 1859 948; x_wconf 78' lang='lat' dir='ltr'><em>concupiscentiam</em></span> <span class='ocrx_word' id='word_1_202' title='bbox 1880 908 1912 936; x_wconf 91' lang='lat' dir='ltr'><em>et</em></span> <span class='ocrx_word' id='word_1_203' title='bbox 1928 900 2028 937; x_wconf 81' lang='lat' dir='ltr'><em>iram.</em></span> <span class='ocrx_word' id='word_1_204' title='bbox 2044 901 2140 945; x_wconf 84' lang='lat' dir='ltr'><em>Qua-</em></span> 
     </span>
     <span class='ocr_line' id='line_1_28' title="bbox 1160 956 2163 1008; baseline 0.005 -16"><span class='ocrx_word' id='word_1_205' title='bbox 1160 965 1304 1007; x_wconf 82' lang='lat' dir='ltr'><em>propter</em></span> <span class='ocrx_word' id='word_1_206' title='bbox 1322 970 1391 993; x_wconf 90' lang='lat' dir='ltr'><em>non</em></span> <span class='ocrx_word' id='word_1_207' title='bbox 1405 957 1479 1007; x_wconf 82' lang='lat' dir='ltr'><em>ipsa</em></span> <span class='ocrx_word' id='word_1_208' title='bbox 1499 956 1697 1004; x_wconf 82' lang='lat' dir='ltr'><em>solum,sed</em></span> <span class='ocrx_word' id='word_1_209' title='bbox 1717 957 1876 1008; x_wconf 85' lang='lat' dir='ltr'><em>ipsorum</em></span> <span class='ocrx_word' id='word_1_210' title='bbox 1891 960 2000 996; x_wconf 85' lang='lat' dir='ltr'><em>fontes</em></span> <span class='ocrx_word' id='word_1_211' title='bbox 2013 961 2138 997; x_wconf 77' lang='lat' dir='ltr'><em>aufert.</em></span> <span class='ocrx_word' id='word_1_212' title='bbox 2159 999 2163 1002; x_wconf 19' lang='grc' dir='ltr'><strong><em>Δ</em></strong></span> 
     </span>
     <span class='ocr_line' id='line_1_29' title="bbox 1212 1015 2344 1068; baseline 0.001 -15"><span class='ocrx_word' id='word_1_213' title='bbox 1212 1019 1248 1053; x_wconf 61' lang='lat' dir='ltr'><em>Q.</em></span> <span class='ocrx_word' id='word_1_214' title='bbox 1269 1015 1369 1053; x_wconf 88' lang='lat' dir='ltr'><em>Nihil</em></span> <span class='ocrx_word' id='word_1_215' title='bbox 1392 1016 1486 1052; x_wconf 86' lang='lat' dir='ltr'><em>enim</em></span> <span class='ocrx_word' id='word_1_216' title='bbox 1506 1016 1553 1053; x_wconf 82' lang='lat' dir='ltr'><em>ita</em></span> <span class='ocrx_word' id='word_1_217' title='bbox 1577 1018 1896 1068; x_wconf 70' lang='lat' dir='ltr'><em>concupiscentiam</em></span> <span class='ocrx_word' id='word_1_218' title='bbox 1923 1020 2088 1068; x_wconf 82' lang='lat' dir='ltr'><em>incendit,</em></span> <span class='ocrx_word' id='word_1_219' title='bbox 2108 1029 2140 1057; x_wconf 90' lang='lat' dir='ltr'><em>et</em></span> <span class='ocrx_word' id='word_1_220' title='bbox 2159 1029 2344 1056; x_wconf 79' lang='lat' dir='ltr'><em>Vinumeon-</em></span> 
     </span>
     <span class='ocr_line' id='line_1_30' title="bbox 1161 1071 2344 1137; baseline 0.005 -27"><span class='ocrx_word' id='word_1_221' title='bbox 1161 1075 1250 1111; x_wconf 84' lang='lat' dir='ltr'><em>iram</em></span> <span class='ocrx_word' id='word_1_222' title='bbox 1264 1075 1474 1121; x_wconf 74' lang='lat' dir='ltr'><em>inflammat,</em></span> <span class='ocrx_word' id='word_1_223' title='bbox 1498 1085 1537 1112; x_wconf 92' lang='lat' dir='ltr'><em>ut</em></span> <span class='ocrx_word' id='word_1_224' title='bbox 1552 1076 1677 1113; x_wconf 83' lang='lat' dir='ltr'><em>vinum</em></span> <span class='ocrx_word' id='word_1_225' title='bbox 1691 1086 1724 1113; x_wconf 85' lang='lat' dir='ltr'><em>et</em></span> <span class='ocrx_word' id='word_1_226' title='bbox 1740 1078 2046 1116; x_wconf 73' lang='lat' dir='ltr'><em>temulentiaJdeo</em></span> <span class='ocrx_word' id='word_1_227' title='bbox 2061 1094 2141 1116; x_wconf 86' lang='lat' dir='ltr'><em>cum</em></span> <span class='ocrx_word' id='word_1_228' title='bbox 2159 1071 2344 1137; x_wconf 43' lang='lat' dir='ltr'><em>Ufflffiffsa&#39;ffi</em></span> 
     </span>
    </p>
   </div>
   <div class='ocr_carea' id='block_1_5' title="bbox 1159 1134 2300 1252">
    <p class='ocr_par' dir='ltr' id='par_1_6' title="bbox 1159 1134 2300 1252">
     <span class='ocr_line' id='line_1_31' title="bbox 1159 1134 2300 1186; baseline 0.004 -15"><span class='ocrx_word' id='word_1_229' title='bbox 1159 1135 1257 1186; x_wconf 84' lang='lat' dir='ltr'><em>prius</em></span> <span class='ocrx_word' id='word_1_230' title='bbox 1267 1134 1524 1183; x_wconf 77' lang='lat' dir='ltr'><em>dixisset,Non</em></span> <span class='ocrx_word' id='word_1_231' title='bbox 1539 1139 1580 1173; x_wconf 84' lang='lat' dir='ltr'><em>in</em></span> <span class='ocrx_word' id='word_1_232' title='bbox 1591 1142 1972 1178; x_wconf 80' lang='lat' dir='ltr'><em>commessationibus</em></span> <span class='ocrx_word' id='word_1_233' title='bbox 1981 1149 2017 1178; x_wconf 88' lang='lat' dir='ltr'><em>et</em></span> <span class='ocrx_word' id='word_1_234' title='bbox 2029 1143 2142 1178; x_wconf 82' lang='lat' dir='ltr'><em>ebrie·</em></span> <span class='ocrx_word' id='word_1_235' title='bbox 2160 1151 2300 1178; x_wconf 65' lang='lat' dir='ltr'><em>incendit.</em></span> 
     </span>
     <span class='ocr_line' id='line_1_32' title="bbox 1161 1196 2145 1252; baseline 0.007 -21"><span class='ocrx_word' id='word_1_236' title='bbox 1161 1196 1406 1242; x_wconf 81' lang='lat' dir='ltr'><em>tatibus,tunc</em></span> <span class='ocrx_word' id='word_1_237' title='bbox 1419 1196 1655 1248; x_wconf 70' lang='lat' dir='ltr'><em>adjecit,]l⁷0n</em></span> <span class='ocrx_word' id='word_1_238' title='bbox 1670 1201 1711 1234; x_wconf 88' lang='lat' dir='ltr'><em>in</em></span> <span class='ocrx_word' id='word_1_239' title='bbox 1725 1200 1912 1237; x_wconf 79' lang='lat' dir='ltr'><em>cubilibus</em></span> <span class='ocrx_word' id='word_1_240' title='bbox 1931 1209 1966 1237; x_wconf 85' lang='lat' dir='ltr'><em>et</em></span> <span class='ocrx_word' id='word_1_241' title='bbox 1983 1203 2145 1252; x_wconf 79' lang='lat' dir='ltr'><em>impudi-</em></span> 
     </span>
    </p>
   </div>
   <div class='ocr_carea' id='block_1_6' title="bbox 68 1258 2147 1314">
    <p class='ocr_par' dir='ltr' id='par_1_7' title="bbox 68 1258 2147 1314">
     <span class='ocr_line' id='line_1_33' title="bbox 68 1258 2147 1314; baseline 0.002 -18"><span class='ocrx_word' id='word_1_242' title='bbox 68 1258 144 1296; x_wconf 80' lang='grc' dir='ltr'>οὐδὲ</span> <span class='ocrx_word' id='word_1_243' title='bbox 161 1261 306 1296; x_wconf 79' lang='grc' dir='ltr'>ἐνταῦθα</span> <span class='ocrx_word' id='word_1_244' title='bbox 323 1259 404 1306; x_wconf 82' lang='grc' dir='ltr'>ἔστη</span> <span class='ocrx_word' id='word_1_245' title='bbox 420 1290 429 1307; x_wconf 88' lang='grc'>,</span> <span class='ocrx_word' id='word_1_246' title='bbox 448 1261 524 1297; x_wconf 79' lang='grc' dir='ltr'>ἀλλ’</span> <span class='ocrx_word' id='word_1_247' title='bbox 546 1259 717 1302; x_wconf 84' lang='grc' dir='ltr'>ἀποδύσας</span> <span class='ocrx_word' id='word_1_248' title='bbox 736 1263 828 1309; x_wconf 78' lang='grc' dir='ltr'>ἡμᾶς</span> <span class='ocrx_word' id='word_1_249' title='bbox 842 1263 911 1297; x_wconf 81' lang='grc' dir='ltr'><em>τῶν</em></span> <span class='ocrx_word' id='word_1_250' title='bbox 928 1262 1087 1311; x_wconf 78' lang='grc' dir='ltr'>πονηρῶν</span> <span class='ocrx_word' id='word_1_251' title='bbox 1114 1270 1138 1298; x_wconf 84' lang='grc' dir='ltr'>Α</span> <span class='ocrx_word' id='word_1_252' title='bbox 1161 1260 1274 1305; x_wconf 78' lang='lat' dir='ltr'><em>citizs,</em></span> <span class='ocrx_word' id='word_1_253' title='bbox 1289 1272 1366 1295; x_wconf 86' lang='lat' dir='ltr'><em>non</em></span> <span class='ocrx_word' id='word_1_254' title='bbox 1380 1261 1420 1295; x_wconf 86' lang='lat' dir='ltr'><em>in</em></span> <span class='ocrx_word' id='word_1_255' title='bbox 1440 1263 1686 1297; x_wconf 78' lang='lat' dir='ltr'><em>contentione</em></span> <span class='ocrx_word' id='word_1_256' title='bbox 1701 1270 1736 1298; x_wconf 85' lang='lat' dir='ltr'><em>et</em></span> <span class='ocrx_word' id='word_1_257' title='bbox 1749 1259 2009 1300; x_wconf 72' lang='lat' dir='ltr'><em>(emulatione.</em></span> <span class='ocrx_word' id='word_1_258' title='bbox 2025 1265 2147 1314; x_wconf 83' lang='lat' dir='ltr'><em>Neque</em></span> 
     </span>
    </p>
   </div>
   <div class='ocr_carea' id='block_1_7' title="bbox 37 1320 1154 3235">
    <p class='ocr_par' dir='ltr' id='par_1_8' title="bbox 37 1320 1154 3235">
     <span class='ocr_line' id='line_1_34' title="bbox 68 1320 1089 1371; baseline 0.002 -14"><span class='ocrx_word' id='word_1_259' title='bbox 68 1320 229 1369; x_wconf 82' lang='grc' dir='ltr'>ἱματίων,</span> <span class='ocrx_word' id='word_1_260' title='bbox 247 1321 392 1359; x_wconf 78' lang='grc' dir='ltr'>ἄκουσον</span> <span class='ocrx_word' id='word_1_261' title='bbox 407 1323 481 1364; x_wconf 79' lang='grc' dir='ltr'><em>πῶς</em></span> <span class='ocrx_word' id='word_1_262' title='bbox 499 1321 710 1364; x_wconf 85' lang='grc' dir='ltr'>καλλωπίζει</span> <span class='ocrx_word' id='word_1_263' title='bbox 723 1321 843 1359; x_wconf 83' lang='grc' dir='ltr'>λοιπὸν</span> <span class='ocrx_word' id='word_1_264' title='bbox 856 1320 967 1371; x_wconf 83' lang='grc' dir='ltr'>λέγων</span> <span class='ocrx_word' id='word_1_265' title='bbox 979 1337 986 1344; x_wconf 90' lang='grc'><em>·</em></span> <span class='ocrx_word' id='word_1_266' title='bbox 997 1321 1089 1359; x_wconf 84' lang='grc' dir='ltr'>Ἀλλ’</span> 
     </span>
     <span class='ocr_line' id='line_1_35' title="bbox 69 1380 1090 1432; baseline 0.001 -15"><span class='ocrx_word' id='word_1_267' title='bbox 69 1380 255 1418; x_wconf 74' lang='grc' dir='ltr'>ἐνδύσασθε</span> <span class='ocrx_word' id='word_1_268' title='bbox 275 1382 332 1419; x_wconf 83' lang='grc' dir='ltr'><em>τὸν</em></span> <span class='ocrx_word' id='word_1_269' title='bbox 352 1381 479 1432; x_wconf 77' lang='grc' dir='ltr'>Κύριον</span> <span class='ocrx_word' id='word_1_270' title='bbox 505 1384 605 1430; x_wconf 78' lang='grc' dir='ltr'>ἡμῶν</span> <span class='ocrx_word' id='word_1_271' title='bbox 623 1381 759 1427; x_wconf 76' lang='grc' dir='ltr'>Ἰησοῦν</span> <span class='ocrx_word' id='word_1_272' title='bbox 779 1381 940 1431; x_wconf 78' lang='grc' dir='ltr'>Χριστόν.</span> <span class='ocrx_word' id='word_1_273' title='bbox 961 1380 1090 1418; x_wconf 78' lang='grc' dir='ltr'>Οὐκέτι</span> 
     </span>
     <span class='ocr_line' id='line_1_36' title="bbox 71 1434 1091 1492; baseline 0.002 -15"><span class='ocrx_word' id='word_1_274' title='bbox 71 1434 164 1478; x_wconf 60' lang='grc' dir='ltr'>εἶπεν</span> <span class='ocrx_word' id='word_1_275' title='bbox 191 1440 292 1492; x_wconf 84' lang='grc' dir='ltr'>ἔργα,</span> <span class='ocrx_word' id='word_1_276' title='bbox 316 1441 405 1478; x_wconf 81' lang='grc' dir='ltr'>ἀλλὰ</span> <span class='ocrx_word' id='word_1_277' title='bbox 429 1441 592 1491; x_wconf 83' lang='grc' dir='ltr'>μειζόνως</span> <span class='ocrx_word' id='word_1_278' title='bbox 624 1440 746 1483; x_wconf 71' lang='grc' dir='ltr'>αὐτοὺς</span> <span class='ocrx_word' id='word_1_279' title='bbox 767 1441 969 1487; x_wconf 79' lang='grc' dir='ltr'>ἀνέστησεν.</span> <span class='ocrx_word' id='word_1_280' title='bbox 1001 1440 1091 1479; x_wconf 70' lang='grc' dir='ltr'><em>εὈτε</em></span> 
     </span>
     <span class='ocr_line' id='line_1_37' title="bbox 73 1499 1093 1554; baseline 0.002 -17"><span class='ocrx_word' id='word_1_281' title='bbox 73 1499 135 1550; x_wconf 79' lang='grc' dir='ltr'><em>μὲν</em></span> <span class='ocrx_word' id='word_1_282' title='bbox 165 1500 231 1551; x_wconf 74' lang='grc' dir='ltr'><em>γὰρ</em></span> <span class='ocrx_word' id='word_1_283' title='bbox 260 1501 341 1554; x_wconf 86' lang='grc' dir='ltr'>περὶ</span> <span class='ocrx_word' id='word_1_284' title='bbox 361 1504 422 1546; x_wconf 81' lang='grc' dir='ltr'><em>τῆς</em></span> <span class='ocrx_word' id='word_1_285' title='bbox 440 1506 453 1521; x_wconf 72' lang='lat'><em>‘³</em></span> <span class='ocrx_word' id='word_1_286' title='bbox 468 1501 593 1543; x_wconf 88' lang='grc' dir='ltr'>κακίας</span> <span class='ocrx_word' id='word_1_287' title='bbox 613 1501 752 1552; x_wconf 84' lang='grc' dir='ltr'>ἔφησεν,</span> <span class='ocrx_word' id='word_1_288' title='bbox 778 1501 861 1552; x_wconf 81' lang='grc' dir='ltr'>ἔργα</span> <span class='ocrx_word' id='word_1_289' title='bbox 882 1501 995 1552; x_wconf 84' lang='grc' dir='ltr'>ἔλεγεν</span> <span class='ocrx_word' id='word_1_290' title='bbox 1008 1517 1015 1524; x_wconf 92' lang='grc'><em>·</em></span> <span class='ocrx_word' id='word_1_291' title='bbox 1037 1502 1093 1539; x_wconf 78' lang='grc' dir='ltr'><em>ὅτε</em></span> 
     </span>
     <span class='ocr_line' id='line_1_38' title="bbox 73 1560 1093 1614; baseline 0.002 -17"><span class='ocrx_word' id='word_1_292' title='bbox 73 1560 108 1597; x_wconf 82' lang='grc' dir='ltr'><em>δὲ</em></span> <span class='ocrx_word' id='word_1_293' title='bbox 129 1561 210 1612; x_wconf 85' lang='grc' dir='ltr'>περὶ</span> <span class='ocrx_word' id='word_1_294' title='bbox 229 1564 291 1607; x_wconf 79' lang='grc' dir='ltr'>τ’ῆς</span> <span class='ocrx_word' id='word_1_295' title='bbox 311 1563 454 1614; x_wconf 73' lang='grc' dir='ltr'>ἀρετῆς,</span> <span class='ocrx_word' id='word_1_296' title='bbox 474 1560 589 1599; x_wconf 75' lang='grc' dir='ltr'>οὐκέτι</span> <span class='ocrx_word' id='word_1_297' title='bbox 612 1561 717 1612; x_wconf 81' lang='grc' dir='ltr'>ἔργα,</span> <span class='ocrx_word' id='word_1_298' title='bbox 738 1563 813 1599; x_wconf 85' lang='grc' dir='ltr'>ἀλλ’</span> <span class='ocrx_word' id='word_1_299' title='bbox 830 1561 940 1608; x_wconf 78' lang='grc' dir='ltr'>ὅπλα,</span> <span class='ocrx_word' id='word_1_300' title='bbox 964 1561 1093 1605; x_wconf 76' lang='grc' dir='ltr'>δεικνὺς</span> 
     </span>
     <span class='ocr_line' id='line_1_39' title="bbox 72 1620 1094 1673; baseline 0.002 -15"><span class='ocrx_word' id='word_1_301' title='bbox 72 1621 124 1658; x_wconf 75' lang='grc' dir='ltr'><em>ὅτι</em></span> <span class='ocrx_word' id='word_1_302' title='bbox 138 1623 172 1659; x_wconf 84' lang='grc' dir='ltr'>ἐν</span> <span class='ocrx_word' id='word_1_303' title='bbox 190 1624 285 1671; x_wconf 80' lang='grc' dir='ltr'>πάσῃ</span> <span class='ocrx_word' id='word_1_304' title='bbox 310 1621 483 1673; x_wconf 78' lang='grc' dir='ltr'>ἀσφαλείᾳ</span> <span class='ocrx_word' id='word_1_305' title='bbox 498 1620 702 1667; x_wconf 82' lang='grc' dir='ltr'>καθίστησιν</span> <span class='ocrx_word' id='word_1_306' title='bbox 729 1625 749 1667; x_wconf 85' lang='grc' dir='ltr'>ἦ</span> <span class='ocrx_word' id='word_1_307' title='bbox 776 1621 880 1672; x_wconf 84' lang='grc' dir='ltr'>ἀρετὴ</span> <span class='ocrx_word' id='word_1_308' title='bbox 900 1621 957 1658; x_wconf 83' lang='grc' dir='ltr'><em>τὸν</em></span> <span class='ocrx_word' id='word_1_309' title='bbox 969 1622 1094 1673; x_wconf 76' lang='grc' dir='ltr'>ἔχοντα</span> 
     </span>
     <span class='ocr_line' id='line_1_40' title="bbox 73 1680 1094 1734; baseline 0 -15"><span class='ocrx_word' id='word_1_310' title='bbox 73 1681 258 1728; x_wconf 79' lang='grc' dir='ltr'>αὖτὴν,καὶ</span> <span class='ocrx_word' id='word_1_311' title='bbox 271 1684 303 1719; x_wconf 79' lang='grc' dir='ltr'>ἐν</span> <span class='ocrx_word' id='word_1_312' title='bbox 315 1681 411 1732; x_wconf 87' lang='grc' dir='ltr'>πάσῃ</span> <span class='ocrx_word' id='word_1_313' title='bbox 422 1680 658 1734; x_wconf 81' lang='grc' dir='ltr'>λαμπρότητι.</span> <span class='ocrx_word' id='word_1_314' title='bbox 670 1681 740 1719; x_wconf 77' lang='grc' dir='ltr'><em>Καὶ</em></span> <span class='ocrx_word' id='word_1_315' title='bbox 751 1681 826 1719; x_wconf 72' lang='grc' dir='ltr'>οὐδὲ</span> <span class='ocrx_word' id='word_1_316' title='bbox 841 1685 988 1720; x_wconf 72' lang='grc' dir='ltr'>ἐνταῦθα</span> <span class='ocrx_word' id='word_1_317' title='bbox 999 1682 1094 1729; x_wconf 83' lang='grc' dir='ltr'>ἔστη,</span> 
     </span>
     <span class='ocr_line' id='line_1_41' title="bbox 76 1741 1096 1794; baseline 0.001 -15"><span class='ocrx_word' id='word_1_318' title='bbox 76 1743 152 1779; x_wconf 83' lang='grc' dir='ltr'>ἀλλ’</span> <span class='ocrx_word' id='word_1_319' title='bbox 178 1741 234 1787; x_wconf 71' lang='grc' dir='ltr'>ἐπὶ</span> <span class='ocrx_word' id='word_1_320' title='bbox 253 1742 291 1779; x_wconf 75' lang='grc' dir='ltr'><em>τὸ</em></span> <span class='ocrx_word' id='word_1_321' title='bbox 307 1743 422 1792; x_wconf 84' lang='grc' dir='ltr'>μεῖζον</span> <span class='ocrx_word' id='word_1_322' title='bbox 443 1742 536 1792; x_wconf 77' lang='grc' dir='ltr'>ἄγων</span> <span class='ocrx_word' id='word_1_323' title='bbox 560 1742 616 1779; x_wconf 84' lang='grc' dir='ltr'><em>τὸν</em></span> <span class='ocrx_word' id='word_1_324' title='bbox 643 1741 757 1792; x_wconf 87' lang='grc' dir='ltr'>λόγον,</span> <span class='ocrx_word' id='word_1_325' title='bbox 778 1742 795 1780; x_wconf 77' lang='grc' dir='ltr'>ὃ</span> <span class='ocrx_word' id='word_1_326' title='bbox 821 1744 940 1794; x_wconf 78' lang='grc' dir='ltr'>πολλῷ</span> <span class='ocrx_word' id='word_1_327' title='bbox 968 1758 1096 1794; x_wconf 81' lang='grc' dir='ltr'>φρικω-</span> 
     </span>
     <span class='ocr_line' id='line_1_42' title="bbox 76 1795 1094 1852; baseline 0.001 -13"><span class='ocrx_word' id='word_1_328' title='bbox 76 1802 233 1852; x_wconf 83' lang='grc' dir='ltr'>δέστερον</span> <span class='ocrx_word' id='word_1_329' title='bbox 249 1795 305 1848; x_wconf 71' lang='grc' dir='ltr'>ἦν,</span> <span class='ocrx_word' id='word_1_330' title='bbox 326 1801 425 1839; x_wconf 79' lang='grc' dir='ltr'>αὐτὸν</span> <span class='ocrx_word' id='word_1_331' title='bbox 452 1801 509 1838; x_wconf 81' lang='grc' dir='ltr'><em>τὸν</em></span> <span class='ocrx_word' id='word_1_332' title='bbox 540 1801 721 1848; x_wconf 87' lang='grc' dir='ltr'>Δεσπότην</span> <span class='ocrx_word' id='word_1_333' title='bbox 750 1801 888 1840; x_wconf 76' lang='grc' dir='ltr'>δίδωσιν</span> <span class='ocrx_word' id='word_1_334' title='bbox 907 1806 989 1852; x_wconf 85' lang='grc' dir='ltr'>ἡμῖν</span> <span class='ocrx_word' id='word_1_335' title='bbox 1008 1803 1094 1852; x_wconf 82' lang='grc' dir='ltr'>ἱμά-</span> 
     </span>
     <span class='ocr_line' id='line_1_43' title="bbox 75 1861 1098 1913; baseline 0.001 -14"><span class='ocrx_word' id='word_1_336' title='bbox 75 1878 160 1910; x_wconf 84' lang='grc' dir='ltr'>τιον,</span> <span class='ocrx_word' id='word_1_337' title='bbox 177 1862 278 1900; x_wconf 84' lang='grc' dir='ltr'>αὐτὸν</span> <span class='ocrx_word' id='word_1_338' title='bbox 306 1862 363 1899; x_wconf 81' lang='grc' dir='ltr'><em>τὸν</em></span> <span class='ocrx_word' id='word_1_339' title='bbox 400 1862 557 1912; x_wconf 82' lang='grc' dir='ltr'>βασιλέα.</span> <span class='ocrx_word' id='word_1_340' title='bbox 575 1861 620 1899; x_wconf 86' lang='lat' dir='ltr'><em>‘O</em></span> <span class='ocrx_word' id='word_1_341' title='bbox 642 1861 707 1913; x_wconf 84' lang='grc' dir='ltr'><em>γὰρ</em></span> <span class='ocrx_word' id='word_1_342' title='bbox 740 1866 859 1900; x_wconf 72' lang='grc' dir='ltr'>τοῦτον</span> <span class='ocrx_word' id='word_1_343' title='bbox 886 1862 1098 1913; x_wconf 64' lang='grc' dir='ltr'>περιὸεὸλη-</span> 
     </span>
     <span class='ocr_line' id='line_1_44' title="bbox 78 1921 1098 1973; baseline 0 -13"><span class='ocrx_word' id='word_1_344' title='bbox 78 1923 200 1973; x_wconf 80' lang='grc' dir='ltr'>μένος,</span> <span class='ocrx_word' id='word_1_345' title='bbox 222 1922 360 1960; x_wconf 81' lang='grc' dir='ltr'>ἅπασαν</span> <span class='ocrx_word' id='word_1_346' title='bbox 390 1921 462 1973; x_wconf 71' lang='grc' dir='ltr'>ἔχει</span> <span class='ocrx_word' id='word_1_347' title='bbox 496 1922 643 1960; x_wconf 82' lang='grc' dir='ltr'>καθόλου</span> <span class='ocrx_word' id='word_1_348' title='bbox 665 1921 727 1968; x_wconf 82' lang='grc' dir='ltr'><em>τὴν</em></span> <span class='ocrx_word' id='word_1_349' title='bbox 759 1922 896 1973; x_wconf 77' lang='grc' dir='ltr'>ἀρετήν.</span> <span class='ocrx_word' id='word_1_350' title='bbox 920 1922 1035 1960; x_wconf 66' lang='grc' dir='ltr'><em>εὈι-οιν</em></span> <span class='ocrx_word' id='word_1_351' title='bbox 1063 1923 1098 1960; x_wconf 80' lang='grc' dir='ltr'><em>δὲ</em></span> 
     </span>
     <span class='ocr_line' id='line_1_45' title="bbox 78 1982 1147 2035; baseline 0 -14"><span class='ocrx_word' id='word_1_352' title='bbox 78 1983 179 2033; x_wconf 75' lang='grc' dir='ltr'>εἴπῃ,</span> <span class='ocrx_word' id='word_1_353' title='bbox 210 1982 439 2029; x_wconf 74' lang='grc' dir='ltr'>Ἐνδύσασθε,</span> <span class='ocrx_word' id='word_1_354' title='bbox 458 1982 626 2020; x_wconf 82' lang='grc' dir='ltr'>πάντοθεν</span> <span class='ocrx_word' id='word_1_355' title='bbox 662 1985 755 2032; x_wconf 79' lang='grc' dir='ltr'>ἡμᾶς</span> <span class='ocrx_word' id='word_1_356' title='bbox 782 1982 882 2020; x_wconf 77' lang='grc' dir='ltr'>αὐτὸν</span> <span class='ocrx_word' id='word_1_357' title='bbox 915 1983 1100 2035; x_wconf 66' lang='grc' dir='ltr'>περιὸαλέ-</span> <span class='ocrx_word' id='word_1_358' title='bbox 1125 1995 1147 2024; x_wconf 85' lang='grc' dir='ltr'>Β</span> 
     </span>
     <span class='ocr_line' id='line_1_46' title="bbox 79 2041 1099 2094; baseline 0.001 -14"><span class='ocrx_word' id='word_1_359' title='bbox 79 2046 160 2080; x_wconf 82' lang='grc' dir='ltr'>σθαι</span> <span class='ocrx_word' id='word_1_360' title='bbox 172 2042 322 2079; x_wconf 84' lang='grc' dir='ltr'>κελεύει·</span> <span class='ocrx_word' id='word_1_361' title='bbox 338 2041 456 2092; x_wconf 82' lang='grc' dir='ltr'>ὥσπερ</span> <span class='ocrx_word' id='word_1_362' title='bbox 479 2044 634 2093; x_wconf 75' lang='grc' dir='ltr'>ἀλλαχοῦ</span> <span class='ocrx_word' id='word_1_363' title='bbox 656 2058 772 2094; x_wconf 87' lang='grc' dir='ltr'>φησιν,</span> <span class='ocrx_word' id='word_1_364' title='bbox 790 2044 834 2079; x_wconf 85' lang='grc' dir='ltr'><em>Εἰ</em></span> <span class='ocrx_word' id='word_1_365' title='bbox 849 2041 883 2079; x_wconf 76' lang='grc' dir='ltr'><em>δὲ</em></span> <span class='ocrx_word' id='word_1_366' title='bbox 902 2043 1051 2094; x_wconf 75' lang='grc' dir='ltr'>Χριστὸς</span> <span class='ocrx_word' id='word_1_367' title='bbox 1066 2045 1099 2082; x_wconf 83' lang='grc' dir='ltr'>ἓν</span> 
     </span>
     <span class='ocr_line' id='line_1_47' title="bbox 78 2101 1102 2155; baseline 0.002 -14"><span class='ocrx_word' id='word_1_368' title='bbox 78 2107 158 2152; x_wconf 75' lang='grc' dir='ltr'>ὑμῖν</span> <span class='ocrx_word' id='word_1_369' title='bbox 174 2118 181 2125; x_wconf 94' lang='grc'><em>·</em></span> <span class='ocrx_word' id='word_1_370' title='bbox 193 2102 252 2139; x_wconf 79' lang='grc' dir='ltr'><em>καὶ</em></span> <span class='ocrx_word' id='word_1_371' title='bbox 267 2102 386 2149; x_wconf 84' lang='grc' dir='ltr'>πάλιν,</span> <span class='ocrx_word' id='word_1_372' title='bbox 398 2103 460 2144; x_wconf 82' lang='grc' dir='ltr'><em>Εἰς</em></span> <span class='ocrx_word' id='word_1_373' title='bbox 473 2102 530 2139; x_wconf 83' lang='grc' dir='ltr'><em>τὸν</em></span> <span class='ocrx_word' id='word_1_374' title='bbox 546 2101 613 2140; x_wconf 82' lang='grc' dir='ltr'>ἔσω</span> <span class='ocrx_word' id='word_1_375' title='bbox 627 2105 727 2152; x_wconf 75' lang='grc' dir='ltr'>ἡμῶν</span> <span class='ocrx_word' id='word_1_376' title='bbox 743 2102 922 2155; x_wconf 76' lang='grc' dir='ltr'>ἄνθρωπον</span> <span class='ocrx_word' id='word_1_377' title='bbox 937 2108 1102 2151; x_wconf 72' lang='grc' dir='ltr'>κατοικῆ-</span> 
     </span>
     <span class='ocr_line' id='line_1_48' title="bbox 81 2161 1102 2216; baseline 0.004 -16"><span class='ocrx_word' id='word_1_378' title='bbox 81 2178 139 2200; x_wconf 87' lang='grc' dir='ltr'><em>σαι</em></span> <span class='ocrx_word' id='word_1_379' title='bbox 157 2162 215 2200; x_wconf 82' lang='grc' dir='ltr'><em>τὸν</em></span> <span class='ocrx_word' id='word_1_380' title='bbox 234 2161 399 2213; x_wconf 82' lang='grc' dir='ltr'>Χριστόν.</span> <span class='ocrx_word' id='word_1_381' title='bbox 423 2163 494 2200; x_wconf 80' lang='grc' dir='ltr'><em>Καὶ</em></span> <span class='ocrx_word' id='word_1_382' title='bbox 513 2162 580 2215; x_wconf 78' lang='grc' dir='ltr'><em>γὰρ</em></span> <span class='ocrx_word' id='word_1_383' title='bbox 595 2162 705 2202; x_wconf 77' lang='grc' dir='ltr'>οἰκίαν</span> <span class='ocrx_word' id='word_1_384' title='bbox 723 2166 816 2216; x_wconf 80' lang='grc' dir='ltr'>αὐτῷ</span> <span class='ocrx_word' id='word_1_385' title='bbox 838 2165 999 2215; x_wconf 84' lang='grc' dir='ltr'>βούλεται</span> <span class='ocrx_word' id='word_1_386' title='bbox 1014 2161 1102 2204; x_wconf 67' lang='grc' dir='ltr'>εἶναι</span> 
     </span>
     <span class='ocr_line' id='line_1_49' title="bbox 79 2221 1101 2277; baseline 0.005 -18"><span class='ocrx_word' id='word_1_387' title='bbox 79 2221 143 2268; x_wconf 72' lang='grc' dir='ltr'><em>τὴν</em></span> <span class='ocrx_word' id='word_1_388' title='bbox 160 2223 274 2274; x_wconf 72' lang='grc' dir='ltr'>ψυχὴν</span> <span class='ocrx_word' id='word_1_389' title='bbox 298 2222 360 2269; x_wconf 79' lang='grc' dir='ltr'><em>τὴν</em></span> <span class='ocrx_word' id='word_1_390' title='bbox 381 2223 569 2277; x_wconf 75' lang='grc' dir='ltr'>ἡμετέραν,</span> <span class='ocrx_word' id='word_1_391' title='bbox 599 2224 657 2262; x_wconf 80' lang='grc' dir='ltr'><em>καὶ</em></span> <span class='ocrx_word' id='word_1_392' title='bbox 672 2226 718 2268; x_wconf 81' lang='grc' dir='ltr'><em>ὡς</em></span> <span class='ocrx_word' id='word_1_393' title='bbox 738 2226 875 2274; x_wconf 80' lang='grc' dir='ltr'>ἱμάτιον</span> <span class='ocrx_word' id='word_1_394' title='bbox 895 2229 979 2276; x_wconf 74' lang='grc' dir='ltr'>ἡμῖν</span> <span class='ocrx_word' id='word_1_395' title='bbox 1001 2227 1101 2265; x_wconf 80' lang='grc' dir='ltr'>αὐτὸν</span> 
     </span>
     <span class='ocr_line' id='line_1_50' title="bbox 79 2281 1103 2337; baseline 0.004 -17"><span class='ocrx_word' id='word_1_396' title='bbox 79 2286 316 2333; x_wconf 85' lang='grc' dir='ltr'>περικεῖσθαι,</span> <span class='ocrx_word' id='word_1_397' title='bbox 352 2283 407 2321; x_wconf 80' lang='grc' dir='ltr'><em>ἵνα</em></span> <span class='ocrx_word' id='word_1_398' title='bbox 440 2284 555 2322; x_wconf 85' lang='grc' dir='ltr'>πάντα</span> <span class='ocrx_word' id='word_1_399' title='bbox 586 2284 686 2328; x_wconf 77' lang='grc' dir='ltr'>αὐτὸς</span> <span class='ocrx_word' id='word_1_400' title='bbox 718 2289 802 2336; x_wconf 79' lang='grc' dir='ltr'>ἡμῖν</span> <span class='ocrx_word' id='word_1_401' title='bbox 833 2281 855 2337; x_wconf 67' lang='grc' dir='ltr'>ἦ</span> <span class='ocrx_word' id='word_1_402' title='bbox 878 2286 1003 2324; x_wconf 80' lang='grc' dir='ltr'>ἔσωθεν</span> <span class='ocrx_word' id='word_1_403' title='bbox 1043 2288 1103 2324; x_wconf 86' lang='grc' dir='ltr'><em>καὶ</em></span> 
     </span>
     <span class='ocr_line' id='line_1_51' title="bbox 80 2341 1105 2398; baseline 0.005 -19"><span class='ocrx_word' id='word_1_404' title='bbox 80 2341 214 2385; x_wconf 80' lang='grc' dir='ltr'>ἔξωθεν.</span> <span class='ocrx_word' id='word_1_405' title='bbox 232 2343 300 2380; x_wconf 87' lang='grc' dir='ltr'><em>Καὶ</em></span> <span class='ocrx_word' id='word_1_406' title='bbox 331 2343 396 2394; x_wconf 85' lang='grc' dir='ltr'><em>γὰρ</em></span> <span class='ocrx_word' id='word_1_407' title='bbox 419 2343 598 2396; x_wconf 83' lang='grc' dir='ltr'>πλήρωμα</span> <span class='ocrx_word' id='word_1_408' title='bbox 629 2347 729 2394; x_wconf 73' lang='grc' dir='ltr'>ἡμῶν</span> <span class='ocrx_word' id='word_1_409' title='bbox 769 2345 868 2388; x_wconf 76' lang='grc' dir='ltr'>αὐτός</span> <span class='ocrx_word' id='word_1_410' title='bbox 889 2361 897 2369; x_wconf 93' lang='grc'><em>·</em></span> <span class='ocrx_word' id='word_1_411' title='bbox 919 2346 1012 2394; x_wconf 78' lang='grc' dir='ltr'>(Καὶ</span> <span class='ocrx_word' id='word_1_412' title='bbox 1038 2347 1105 2398; x_wconf 90' lang='grc' dir='ltr'><em>γὰρ</em></span> 
     </span>
     <span class='ocr_line' id='line_1_52' title="bbox 79 2402 1106 2457; baseline 0.006 -17"><span class='ocrx_word' id='word_1_413' title='bbox 79 2402 256 2453; x_wconf 83' lang='grc' dir='ltr'>πλήρωμα</span> <span class='ocrx_word' id='word_1_414' title='bbox 279 2407 338 2441; x_wconf 77' lang='grc' dir='ltr'><em>τοῦ</em></span> <span class='ocrx_word' id='word_1_415' title='bbox 364 2404 408 2442; x_wconf 85' lang='grc' dir='ltr'><em>τὰ</em></span> <span class='ocrx_word' id='word_1_416' title='bbox 426 2404 542 2442; x_wconf 89' lang='grc' dir='ltr'>πάντα</span> <span class='ocrx_word' id='word_1_417' title='bbox 566 2406 600 2442; x_wconf 81' lang='grc' dir='ltr'>ἐν</span> <span class='ocrx_word' id='word_1_418' title='bbox 616 2411 704 2443; x_wconf 80' lang='grc' dir='ltr'>πᾶσι</span> <span class='ocrx_word' id='word_1_419' title='bbox 731 2406 1014 2457; x_wconf 82' lang='grc' dir='ltr'>πληρουμένου)·</span> <span class='ocrx_word' id='word_1_420' title='bbox 1045 2409 1106 2446; x_wconf 76' lang='grc' dir='ltr'><em>καὶ</em></span> 
     </span>
     <span class='ocr_line' id='line_1_53' title="bbox 77 2460 1107 2519; baseline 0.008 -21"><span class='ocrx_word' id='word_1_421' title='bbox 77 2460 153 2504; x_wconf 73' lang='grc' dir='ltr'>ὁδὸς</span> <span class='ocrx_word' id='word_1_422' title='bbox 178 2462 236 2500; x_wconf 85' lang='grc' dir='ltr'><em>καὶ</em></span> <span class='ocrx_word' id='word_1_423' title='bbox 262 2463 349 2515; x_wconf 83' lang='grc' dir='ltr'>ἀνὴρ</span> <span class='ocrx_word' id='word_1_424' title='bbox 376 2464 435 2501; x_wconf 84' lang='grc' dir='ltr'><em>καὶ</em></span> <span class='ocrx_word' id='word_1_425' title='bbox 458 2464 602 2516; x_wconf 78' lang='grc' dir='ltr'>νυμφίος</span> <span class='ocrx_word' id='word_1_426' title='bbox 630 2465 893 2518; x_wconf 35' lang='grc' dir='ltr'>((-Ηρμοσάμην</span> <span class='ocrx_word' id='word_1_427' title='bbox 929 2466 997 2519; x_wconf 84' lang='grc' dir='ltr'><em>γὰρ</em></span> <span class='ocrx_word' id='word_1_428' title='bbox 1017 2471 1107 2518; x_wconf 73' lang='grc' dir='ltr'>ὑμᾶς</span> 
     </span>
     <span class='ocr_line' id='line_1_54' title="bbox 81 2520 1106 2577; baseline 0.008 -20"><span class='ocrx_word' id='word_1_429' title='bbox 81 2520 131 2557; x_wconf 77' lang='grc' dir='ltr'>ἑνὶ</span> <span class='ocrx_word' id='word_1_430' title='bbox 163 2521 260 2571; x_wconf 79' lang='grc' dir='ltr'>ἀνδρὶ</span> <span class='ocrx_word' id='word_1_431' title='bbox 291 2522 460 2574; x_wconf 78' lang='grc' dir='ltr'>παρθένον</span> <span class='ocrx_word' id='word_1_432' title='bbox 483 2523 629 2574; x_wconf 84' lang='grc' dir='ltr'>ἁγνήν)·</span> <span class='ocrx_word' id='word_1_433' title='bbox 651 2525 710 2562; x_wconf 82' lang='grc' dir='ltr'><em>καὶ</em></span> <span class='ocrx_word' id='word_1_434' title='bbox 732 2524 808 2577; x_wconf 80' lang='grc' dir='ltr'>ῥίζα</span> <span class='ocrx_word' id='word_1_435' title='bbox 829 2526 889 2563; x_wconf 79' lang='grc' dir='ltr'><em>καὶ</em></span> <span class='ocrx_word' id='word_1_436' title='bbox 922 2528 1027 2565; x_wconf 81' lang='grc' dir='ltr'>ποτὸν</span> <span class='ocrx_word' id='word_1_437' title='bbox 1045 2528 1106 2565; x_wconf 83' lang='grc' dir='ltr'><em>καὶ</em></span> 
     </span>
     <span class='ocr_line' id='line_1_55' title="bbox 82 2581 1104 2639; baseline 0.006 -21"><span class='ocrx_word' id='word_1_438' title='bbox 82 2581 193 2632; x_wconf 80' lang='grc' dir='ltr'>τροφὴ</span> <span class='ocrx_word' id='word_1_439' title='bbox 227 2583 286 2620; x_wconf 79' lang='grc' dir='ltr'><em>καὶ</em></span> <span class='ocrx_word' id='word_1_440' title='bbox 326 2583 396 2628; x_wconf 79' lang='grc' dir='ltr'><em>ζωτ’Ι</em></span> <span class='ocrx_word' id='word_1_441' title='bbox 429 2583 514 2633; x_wconf 81' lang='grc' dir='ltr'><em>(Ζῶ</em></span> <span class='ocrx_word' id='word_1_442' title='bbox 548 2584 636 2636; x_wconf 80' lang='grc' dir='ltr'>γὰρ,</span> <span class='ocrx_word' id='word_1_443' title='bbox 659 2584 784 2636; x_wconf 78' lang='grc' dir='ltr'>φησὶν,</span> <span class='ocrx_word' id='word_1_444' title='bbox 813 2586 926 2624; x_wconf 75' lang='grc' dir='ltr'>οὐκέτι</span> <span class='ocrx_word' id='word_1_445' title='bbox 957 2587 1043 2638; x_wconf 81' lang='grc' dir='ltr'>ἐγὼ,</span> <span class='ocrx_word' id='word_1_446' title='bbox 1064 2590 1104 2639; x_wconf 78' lang='grc' dir='ltr'><em>ζῇ</em></span> 
     </span>
     <span class='ocr_line' id='line_1_56' title="bbox 85 2642 1154 2699; baseline 0.005 -20"><span class='ocrx_word' id='word_1_447' title='bbox 85 2642 120 2680; x_wconf 82' lang='grc' dir='ltr'><em>δὲ</em></span> <span class='ocrx_word' id='word_1_448' title='bbox 154 2643 188 2680; x_wconf 78' lang='grc' dir='ltr'>ἐν</span> <span class='ocrx_word' id='word_1_449' title='bbox 219 2643 295 2692; x_wconf 77' lang='grc' dir='ltr'>ἐμοὶ</span> <span class='ocrx_word' id='word_1_450' title='bbox 322 2644 516 2695; x_wconf 87' lang='grc' dir='ltr'>Χριστός)·</span> <span class='ocrx_word' id='word_1_451' title='bbox 545 2644 604 2682; x_wconf 82' lang='grc' dir='ltr'><em>καὶ</em></span> <span class='ocrx_word' id='word_1_452' title='bbox 635 2645 824 2687; x_wconf 85' lang='grc' dir='ltr'>ἀπόστολος</span> <span class='ocrx_word' id='word_1_453' title='bbox 844 2645 903 2682; x_wconf 82' lang='grc' dir='ltr'><em>καὶ</em></span> <span class='ocrx_word' id='word_1_454' title='bbox 928 2647 1106 2699; x_wconf 75' lang='grc' dir='ltr'>ἀρχιερεὺς</span> <span class='ocrx_word' id='word_1_455' title='bbox 1131 2661 1154 2690; x_wconf 81' lang='lat' dir='ltr'><em>c</em></span> 
     </span>
     <span class='ocr_line' id='line_1_57' title="bbox 84 2702 1104 2758; baseline 0.004 -18"><span class='ocrx_word' id='word_1_456' title='bbox 84 2702 143 2740; x_wconf 74' lang='grc' dir='ltr'><em>καὶ</em></span> <span class='ocrx_word' id='word_1_457' title='bbox 163 2703 371 2746; x_wconf 77' lang='grc' dir='ltr'>διδάσκαλος</span> <span class='ocrx_word' id='word_1_458' title='bbox 386 2704 445 2741; x_wconf 80' lang='grc' dir='ltr'><em>καὶ</em></span> <span class='ocrx_word' id='word_1_459' title='bbox 463 2703 581 2754; x_wconf 78' lang='grc' dir='ltr'>πατὴρ</span> <span class='ocrx_word' id='word_1_460' title='bbox 597 2703 656 2741; x_wconf 76' lang='grc' dir='ltr'><em>καὶ</em></span> <span class='ocrx_word' id='word_1_461' title='bbox 672 2705 818 2754; x_wconf 76' lang='grc' dir='ltr'>ἀδελφὸς</span> <span class='ocrx_word' id='word_1_462' title='bbox 835 2705 894 2742; x_wconf 86' lang='grc' dir='ltr'><em>καὶ</em></span> <span class='ocrx_word' id='word_1_463' title='bbox 915 2708 1104 2758; x_wconf 86' lang='grc' dir='ltr'>συγκληρο-</span> 
     </span>
     <span class='ocr_line' id='line_1_58' title="bbox 84 2762 1106 2818; baseline 0.005 -19"><span class='ocrx_word' id='word_1_464' title='bbox 84 2762 204 2811; x_wconf 84' lang='grc' dir='ltr'>νόμος,</span> <span class='ocrx_word' id='word_1_465' title='bbox 223 2763 282 2799; x_wconf 83' lang='grc' dir='ltr'><em>καὶ</em></span> <span class='ocrx_word' id='word_1_466' title='bbox 307 2764 416 2815; x_wconf 84' lang='grc' dir='ltr'>τάφου</span> <span class='ocrx_word' id='word_1_467' title='bbox 436 2764 597 2807; x_wconf 81' lang='grc' dir='ltr'>κοινωνὸς</span> <span class='ocrx_word' id='word_1_468' title='bbox 619 2765 679 2802; x_wconf 77' lang='grc' dir='ltr'><em>καὶ</em></span> <span class='ocrx_word' id='word_1_469' title='bbox 705 2768 850 2815; x_wconf 69' lang='grc' dir='ltr'>σταυροῦ</span> <span class='ocrx_word' id='word_1_470' title='bbox 876 2767 887 2816; x_wconf 84' lang='grc'>&lt;</span> <span class='ocrx_word' id='word_1_471' title='bbox 900 2767 1106 2818; x_wconf 84' lang='grc' dir='ltr'>Συνετάφη-</span> 
     </span>
     <span class='ocr_line' id='line_1_59' title="bbox 87 2821 1106 2878; baseline 0.006 -20"><span class='ocrx_word' id='word_1_472' title='bbox 87 2838 149 2871; x_wconf 86' lang='grc' dir='ltr'><em>μεν</em></span> <span class='ocrx_word' id='word_1_473' title='bbox 168 2821 234 2873; x_wconf 81' lang='grc' dir='ltr'><em>γὰρ</em></span> <span class='ocrx_word' id='word_1_474' title='bbox 255 2824 347 2874; x_wconf 75' lang='grc' dir='ltr'>αὐτῷ</span> <span class='ocrx_word' id='word_1_475' title='bbox 360 2853 370 2870; x_wconf 84' lang='grc'>,</span> <span class='ocrx_word' id='word_1_476' title='bbox 403 2823 505 2874; x_wconf 82' lang='grc' dir='ltr'>φησὶ,</span> <span class='ocrx_word' id='word_1_477' title='bbox 538 2823 597 2860; x_wconf 80' lang='grc' dir='ltr'><em>καὶ</em></span> <span class='ocrx_word' id='word_1_478' title='bbox 631 2823 801 2875; x_wconf 89' lang='grc' dir='ltr'>σύμφυτοι</span> <span class='ocrx_word' id='word_1_479' title='bbox 829 2825 1020 2876; x_wconf 82' lang='grc' dir='ltr'>γεγόναμεν</span> <span class='ocrx_word' id='word_1_480' title='bbox 1055 2829 1106 2878; x_wconf 80' lang='grc' dir='ltr'><em>τῷ</em></span> 
     </span>
     <span class='ocr_line' id='line_1_60' title="bbox 37 2879 1106 2938; baseline 0.006 -20"><span class='ocrx_word' id='word_1_481' title='bbox 37 2879 40 2882; x_wconf 51' lang='grc'>’</span> <span class='ocrx_word' id='word_1_482' title='bbox 85 2881 266 2932; x_wconf 84' lang='grc' dir='ltr'>ὁμιώματι</span> <span class='ocrx_word' id='word_1_483' title='bbox 284 2887 341 2919; x_wconf 74' lang='grc' dir='ltr'><em>τοῦ</em></span> <span class='ocrx_word' id='word_1_484' title='bbox 357 2883 507 2922; x_wconf 79' lang='grc' dir='ltr'>Θανάτου</span> <span class='ocrx_word' id='word_1_485' title='bbox 523 2885 660 2931; x_wconf 69' lang='grc' dir='ltr'>αὖτοῧ)·</span> <span class='ocrx_word' id='word_1_486' title='bbox 673 2884 732 2921; x_wconf 80' lang='grc' dir='ltr'><em>καὶ</em></span> <span class='ocrx_word' id='word_1_487' title='bbox 753 2884 868 2930; x_wconf 77' lang='grc' dir='ltr'>ἱκέτης</span> <span class='ocrx_word' id='word_1_488' title='bbox 887 2885 1023 2937; x_wconf 69' lang='grc' dir='ltr'>(“Υπὲρ</span> <span class='ocrx_word' id='word_1_489' title='bbox 1039 2887 1106 2938; x_wconf 82' lang='grc' dir='ltr'><em>γὰρ</em></span> 
     </span>
     <span class='ocr_line' id='line_1_61' title="bbox 87 2941 1109 2997; baseline 0.006 -19"><span class='ocrx_word' id='word_1_490' title='bbox 87 2941 240 2992; x_wconf 78' lang='grc' dir='ltr'>Χριστοῦ</span> <span class='ocrx_word' id='word_1_491' title='bbox 259 2942 522 2993; x_wconf 72' lang='grc' dir='ltr'>πρεσὸεύομεν)</span> <span class='ocrx_word' id='word_1_492' title='bbox 540 2959 547 2966; x_wconf 90' lang='grc'><em>·</em></span> <span class='ocrx_word' id='word_1_493' title='bbox 569 2943 628 2982; x_wconf 85' lang='grc' dir='ltr'><em>καὶ</em></span> <span class='ocrx_word' id='word_1_494' title='bbox 647 2944 732 2995; x_wconf 81' lang='grc' dir='ltr'>πρὸς</span> <span class='ocrx_word' id='word_1_495' title='bbox 762 2943 818 2981; x_wconf 86' lang='grc' dir='ltr'><em>τὸν</em></span> <span class='ocrx_word' id='word_1_496' title='bbox 847 2945 993 2997; x_wconf 84' lang='grc' dir='ltr'>Πατέρα</span> <span class='ocrx_word' id='word_1_497' title='bbox 1027 2963 1109 2984; x_wconf 89' lang='grc' dir='ltr'>συν-</span> 
     </span>
     <span class='ocr_line' id='line_1_62' title="bbox 87 3000 1110 3057; baseline 0.005 -19"><span class='ocrx_word' id='word_1_498' title='bbox 87 3000 210 3052; x_wconf 80' lang='grc' dir='ltr'>ήγορος</span> <span class='ocrx_word' id='word_1_499' title='bbox 229 3002 325 3049; x_wconf 80' lang='grc' dir='ltr'>(Καὶ</span> <span class='ocrx_word' id='word_1_500' title='bbox 357 3003 424 3054; x_wconf 75' lang='grc' dir='ltr'><em>γὰρ</em></span> <span class='ocrx_word' id='word_1_501' title='bbox 447 3004 669 3055; x_wconf 75' lang='grc' dir='ltr'>ἐντυγχάνει,</span> <span class='ocrx_word' id='word_1_502' title='bbox 689 3004 805 3055; x_wconf 78' lang='grc' dir='ltr'>φησὶν,</span> <span class='ocrx_word' id='word_1_503' title='bbox 839 3005 923 3057; x_wconf 79' lang='grc' dir='ltr'>ὑπὲρ</span> <span class='ocrx_word' id='word_1_504' title='bbox 956 3008 1056 3056; x_wconf 74' lang='grc' dir='ltr'>ἡμῶν</span> <span class='ocrx_word' id='word_1_505' title='bbox 1073 3012 1084 3054; x_wconf 87' lang='grc'>)</span> <span class='ocrx_word' id='word_1_506' title='bbox 1103 3023 1110 3029; x_wconf 92' lang='grc'><em>·</em></span> 
     </span>
     <span class='ocr_line' id='line_1_63' title="bbox 87 3056 1111 3117; baseline 0.005 -19"><span class='ocrx_word' id='word_1_507' title='bbox 87 3062 147 3099; x_wconf 85' lang='grc' dir='ltr'><em>καὶ</em></span> <span class='ocrx_word' id='word_1_508' title='bbox 165 3056 256 3105; x_wconf 59' lang='grc' dir='ltr'>οἶκος</span> <span class='ocrx_word' id='word_1_509' title='bbox 271 3063 330 3100; x_wconf 74' lang='grc' dir='ltr'><em>καὶ</em></span> <span class='ocrx_word' id='word_1_510' title='bbox 348 3063 476 3113; x_wconf 78' lang='grc' dir='ltr'>ἔνοικος</span> <span class='ocrx_word' id='word_1_511' title='bbox 494 3063 557 3111; x_wconf 57' lang='grc'><em>((0</em></span> <span class='ocrx_word' id='word_1_512' title='bbox 573 3064 640 3116; x_wconf 81' lang='grc' dir='ltr'><em>γὰρ</em></span> <span class='ocrx_word' id='word_1_513' title='bbox 661 3066 695 3101; x_wconf 81' lang='grc' dir='ltr'>ἐν</span> <span class='ocrx_word' id='word_1_514' title='bbox 714 3064 792 3114; x_wconf 79' lang='grc' dir='ltr'>ἐμοὶ</span> <span class='ocrx_word' id='word_1_515' title='bbox 813 3064 938 3115; x_wconf 83' lang='grc' dir='ltr'>μένων,</span> <span class='ocrx_word' id='word_1_516' title='bbox 959 3066 1057 3117; x_wconf 84' lang='grc' dir='ltr'><em>κάγὼ</em></span> <span class='ocrx_word' id='word_1_517' title='bbox 1077 3068 1111 3104; x_wconf 82' lang='grc' dir='ltr'>ἐν</span> 
     </span>
     <span class='ocr_line' id='line_1_64' title="bbox 88 3123 1112 3176; baseline 0.005 -18"><span class='ocrx_word' id='word_1_518' title='bbox 88 3124 207 3174; x_wconf 82' lang='grc' dir='ltr'>αὖτῷ)·</span> <span class='ocrx_word' id='word_1_519' title='bbox 229 3123 288 3160; x_wconf 83' lang='grc' dir='ltr'><em>καὶ</em></span> <span class='ocrx_word' id='word_1_520' title='bbox 303 3123 399 3174; x_wconf 84' lang='grc' dir='ltr'>φίλος</span> <span class='ocrx_word' id='word_1_521' title='bbox 418 3123 555 3173; x_wconf 47' lang='grc' dir='ltr'>((Υμεῖς</span> <span class='ocrx_word' id='word_1_522' title='bbox 573 3124 642 3176; x_wconf 74' lang='grc' dir='ltr'><em>γὰρ</em></span> <span class='ocrx_word' id='word_1_523' title='bbox 660 3124 753 3176; x_wconf 81' lang='grc' dir='ltr'>φίλοι</span> <span class='ocrx_word' id='word_1_524' title='bbox 775 3125 840 3174; x_wconf 89' lang='grc' dir='ltr'><em>μού</em></span> <span class='ocrx_word' id='word_1_525' title='bbox 855 3125 958 3174; x_wconf 80' lang='grc' dir='ltr'>ἐστε)·</span> <span class='ocrx_word' id='word_1_526' title='bbox 980 3126 1038 3163; x_wconf 82' lang='grc' dir='ltr'><em>καὶ</em></span> <span class='ocrx_word' id='word_1_527' title='bbox 1054 3130 1112 3163; x_wconf 89' lang='grc' dir='ltr'><em>θε-</em></span> 
     </span>
     <span class='ocr_line' id='line_1_65' title="bbox 93 3182 1114 3235; baseline 0.003 -15"><span class='ocrx_word' id='word_1_528' title='bbox 93 3182 209 3231; x_wconf 86' lang='grc' dir='ltr'>μέλιος</span> <span class='ocrx_word' id='word_1_529' title='bbox 227 3183 287 3221; x_wconf 84' lang='grc' dir='ltr'><em>καὶ</em></span> <span class='ocrx_word' id='word_1_530' title='bbox 305 3183 399 3226; x_wconf 84' lang='grc' dir='ltr'>λίθος</span> <span class='ocrx_word' id='word_1_531' title='bbox 420 3185 682 3235; x_wconf 87' lang='grc' dir='ltr'>ἀκρογωνιαῖος·</span> <span class='ocrx_word' id='word_1_532' title='bbox 704 3186 763 3223; x_wconf 76' lang='grc' dir='ltr'><em>καὶ</em></span> <span class='ocrx_word' id='word_1_533' title='bbox 793 3188 894 3235; x_wconf 80' lang='grc' dir='ltr'>ἡμεῖς</span> <span class='ocrx_word' id='word_1_534' title='bbox 921 3189 1025 3223; x_wconf 73' lang='grc' dir='ltr'>αὐτοῦ</span> <span class='ocrx_word' id='word_1_535' title='bbox 1056 3186 1114 3224; x_wconf 81' lang='grc' dir='ltr'><em>καὶ</em></span> 
     </span>
    </p>
   </div>
   <div class='ocr_carea' id='block_1_8' title="bbox 93 3248 1113 3302">
    <p class='ocr_par' dir='ltr' id='par_1_9' title="bbox 93 3248 1113 3302">
     <span class='ocr_line' id='line_1_66' title="bbox 93 3248 1113 3302; baseline 0.005 -17"><span class='ocrx_word' id='word_1_536' title='bbox 93 3248 182 3296; x_wconf 84' lang='grc' dir='ltr'>με’λη</span> <span class='ocrx_word' id='word_1_537' title='bbox 205 3249 264 3286; x_wconf 84' lang='grc' dir='ltr'><em>καὶ</em></span> <span class='ocrx_word' id='word_1_538' title='bbox 283 3249 450 3300; x_wconf 86' lang='grc' dir='ltr'>γεώργιον</span> <span class='ocrx_word' id='word_1_539' title='bbox 481 3250 540 3287; x_wconf 81' lang='grc' dir='ltr'><em>καὶ</em></span> <span class='ocrx_word' id='word_1_540' title='bbox 572 3251 737 3301; x_wconf 79' lang='grc' dir='ltr'>οἰκοδομὴ</span> <span class='ocrx_word' id='word_1_541' title='bbox 770 3251 829 3289; x_wconf 80' lang='grc' dir='ltr'><em>καὶ</em></span> <span class='ocrx_word' id='word_1_542' title='bbox 863 3252 1028 3302; x_wconf 84' lang='grc' dir='ltr'>κλήματα</span> <span class='ocrx_word' id='word_1_543' title='bbox 1054 3253 1113 3290; x_wconf 82' lang='grc' dir='ltr'><em>καὶ</em></span> 
     </span>
    </p>
   </div>
   <div class='ocr_carea' id='block_1_9' title="bbox 96 3366 1099 3464">
    <p class='ocr_par' dir='ltr' id='par_1_10' title="bbox 96 3366 1099 3464">
     <span class='ocr_line' id='line_1_67' title="bbox 139 3366 1099 3413; baseline 0.006 -16"><span class='ocrx_word' id='word_1_544' title='bbox 139 3377 150 3390; x_wconf 66' lang='lat'><strong>⁰</strong></span> <span class='ocrx_word' id='word_1_545' title='bbox 176 3366 237 3398; x_wconf 77' lang='lat' dir='ltr'><em>Alii</em></span> <span class='ocrx_word' id='word_1_546' title='bbox 263 3366 404 3399; x_wconf 83' lang='lat' dir='ltr'><em>Codices</em></span> <span class='ocrx_word' id='word_1_547' title='bbox 430 3366 556 3400; x_wconf 76' lang='lat' dir='ltr'><em>habent</em></span> <span class='ocrx_word' id='word_1_548' title='bbox 582 3376 625 3411; x_wconf 80' lang='grc' dir='ltr'>μὴ</span> <span class='ocrx_word' id='word_1_549' title='bbox 651 3375 725 3413; x_wconf 62' lang='grc' dir='ltr'>ἔρισι</span> <span class='ocrx_word' id='word_1_550' title='bbox 752 3376 800 3403; x_wconf 65' lang='grc' dir='ltr'><em>καί</em></span> <span class='ocrx_word' id='word_1_551' title='bbox 826 3375 936 3411; x_wconf 48' lang='grc' dir='ltr'>ζήλων</span> <span class='ocrx_word' id='word_1_552' title='bbox 960 3372 1034 3413; x_wconf 69' lang='lat' dir='ltr'><em>[Ita</em></span> <span class='ocrx_word' id='word_1_553' title='bbox 1066 3380 1099 3403; x_wconf 77' lang='lat' dir='ltr'><em>et,</em></span> 
     </span>
     <span class='ocr_line' id='line_1_68' title="bbox 96 3418 1095 3464; baseline 0.006 -15"><span class='ocrx_word' id='word_1_554' title='bbox 96 3419 130 3449; x_wconf 74' lang='lat' dir='ltr'><em>A.</em></span> <span class='ocrx_word' id='word_1_555' title='bbox 150 3425 181 3449; x_wconf 87' lang='lat' dir='ltr'><em>et</em></span> <span class='ocrx_word' id='word_1_556' title='bbox 199 3429 302 3461; x_wconf 75' lang='lat' dir='ltr'><em>marg.</em></span> <span class='ocrx_word' id='word_1_557' title='bbox 321 3418 420 3450; x_wconf 78' lang='lat' dir='ltr'><em>Savil.</em></span> <span class='ocrx_word' id='word_1_558' title='bbox 447 3419 674 3463; x_wconf 76' lang='lat' dir='ltr'><em>Eamdeiuque</em></span> <span class='ocrx_word' id='word_1_559' title='bbox 700 3422 891 3453; x_wconf 65' lang='lat' dir='ltr'><em>varietatem</em></span> <span class='ocrx_word' id='word_1_560' title='bbox 908 3430 1041 3464; x_wconf 78' lang='lat' dir='ltr'><em>praestat</em></span> <span class='ocrx_word' id='word_1_561' title='bbox 1058 3425 1095 3456; x_wconf 75' lang='lat' dir='ltr'><em>A.</em></span> 
     </span>
    </p>
   </div>
   <div class='ocr_carea' id='block_1_10' title="bbox 1162 1317 2366 3244">
    <p class='ocr_par' dir='ltr' id='par_1_11' title="bbox 1162 1317 2147 1371">
     <span class='ocr_line' id='line_1_69' title="bbox 1162 1317 2147 1371; baseline 0.008 -18"><span class='ocrx_word' id='word_1_562' title='bbox 1162 1317 1221 1354; x_wconf 85' lang='lat' dir='ltr'><em>hic</em></span> <span class='ocrx_word' id='word_1_563' title='bbox 1258 1318 1437 1367; x_wconf 85' lang='lat' dir='ltr'><em>constitit,</em></span> <span class='ocrx_word' id='word_1_564' title='bbox 1478 1318 1539 1356; x_wconf 88' lang='lat' dir='ltr'><em>sed</em></span> <span class='ocrx_word' id='word_1_565' title='bbox 1583 1333 1663 1356; x_wconf 85' lang='lat' dir='ltr'><em>cum</em></span> <span class='ocrx_word' id='word_1_566' title='bbox 1697 1321 1814 1371; x_wconf 74' lang='lat' dir='ltr'><em>pravis</em></span> <span class='ocrx_word' id='word_1_567' title='bbox 1842 1335 1903 1359; x_wconf 89' lang='lat' dir='ltr'><em>nos</em></span> <span class='ocrx_word' id='word_1_568' title='bbox 1929 1322 2147 1361; x_wconf 81' lang='lat' dir='ltr'><em>vestimentis</em></span> 
     </span>
    </p>

    <p class='ocr_par' dir='ltr' id='par_1_12' title="bbox 1162 1378 2147 1434">
     <span class='ocr_line' id='line_1_70' title="bbox 1162 1378 2147 1434; baseline 0.008 -19"><span class='ocrx_word' id='word_1_569' title='bbox 1162 1378 1336 1428; x_wconf 76' lang='lat' dir='ltr'><em>exuisset,</em></span> <span class='ocrx_word' id='word_1_570' title='bbox 1356 1379 1439 1416; x_wconf 83' lang='lat' dir='ltr'><em>audi</em></span> <span class='ocrx_word' id='word_1_571' title='bbox 1459 1394 1530 1430; x_wconf 89' lang='lat' dir='ltr'><em>quo</em></span> <span class='ocrx_word' id='word_1_572' title='bbox 1557 1394 1618 1417; x_wconf 88' lang='lat' dir='ltr'><em>nos</em></span> <span class='ocrx_word' id='word_1_573' title='bbox 1637 1390 1764 1418; x_wconf 82' lang='lat' dir='ltr'><em>ornatu</em></span> <span class='ocrx_word' id='word_1_574' title='bbox 1785 1393 1903 1434; x_wconf 83' lang='lat' dir='ltr'><em>postea</em></span> <span class='ocrx_word' id='word_1_575' title='bbox 1922 1384 2060 1422; x_wconf 85' lang='lat' dir='ltr'><em>decoret</em></span> <span class='ocrx_word' id='word_1_576' title='bbox 2086 1384 2147 1422; x_wconf 90' lang='lat' dir='ltr'><em>di-</em></span> 
     </span>
    </p>

    <p class='ocr_par' dir='ltr' id='par_1_13' title="bbox 1165 1440 2149 1483">
     <span class='ocr_line' id='line_1_71' title="bbox 1165 1440 2149 1483; baseline 0.009 -8"><span class='ocrx_word' id='word_1_577' title='bbox 1165 1452 1243 1476; x_wconf 90' lang='lat' dir='ltr'><em>cens</em></span> <span class='ocrx_word' id='word_1_578' title='bbox 1259 1454 1267 1473; x_wconf 90' lang='lat'>:</span> <span class='ocrx_word' id='word_1_579' title='bbox 1300 1440 1361 1476; x_wconf 66' lang='lat'><em>14.</em></span> <span class='ocrx_word' id='word_1_580' title='bbox 1380 1440 1455 1477; x_wconf 79' lang='lat' dir='ltr'><em>Sed</em></span> <span class='ocrx_word' id='word_1_581' title='bbox 1489 1443 1697 1478; x_wconf 82' lang='lat' dir='ltr'><em>induimini</em></span> <span class='ocrx_word' id='word_1_582' title='bbox 1729 1444 1943 1481; x_wconf 84' lang='lat' dir='ltr'><em>Dominum</em></span> <span class='ocrx_word' id='word_1_583' title='bbox 1977 1454 2149 1483; x_wconf 83' lang='lat' dir='ltr'><em>nostrum</em></span> 
     </span>
    </p>

    <p class='ocr_par' dir='ltr' id='par_1_14' title="bbox 1164 1502 2149 1558">
     <span class='ocr_line' id='line_1_72' title="bbox 1164 1502 2149 1558; baseline 0.007 -20"><span class='ocrx_word' id='word_1_584' title='bbox 1164 1502 1298 1538; x_wconf 88' lang='lat' dir='ltr'><em>Jesum</em></span> <span class='ocrx_word' id='word_1_585' title='bbox 1316 1502 1526 1540; x_wconf 79' lang='lat' dir='ltr'><em>Christum.</em></span> <span class='ocrx_word' id='word_1_586' title='bbox 1543 1504 1620 1540; x_wconf 90' lang='lat' dir='ltr'><em>Non</em></span> <span class='ocrx_word' id='word_1_587' title='bbox 1630 1504 1705 1555; x_wconf 78' lang='lat' dir='ltr'><em>jam</em></span> <span class='ocrx_word' id='word_1_588' title='bbox 1726 1518 1829 1556; x_wconf 82' lang='lat' dir='ltr'><em>opera</em></span> <span class='ocrx_word' id='word_1_589' title='bbox 1844 1505 1946 1556; x_wconf 85' lang='lat' dir='ltr'><em>dicit,</em></span> <span class='ocrx_word' id='word_1_590' title='bbox 1962 1507 2023 1544; x_wconf 82' lang='lat' dir='ltr'><em>sed</em></span> <span class='ocrx_word' id='word_1_591' title='bbox 2035 1508 2149 1558; x_wconf 80' lang='lat' dir='ltr'><em>magis</em></span> 
     </span>
    </p>

    <p class='ocr_par' dir='ltr' id='par_1_15' title="bbox 1164 1560 2144 1619">
     <span class='ocr_line' id='line_1_73' title="bbox 1164 1560 2144 1619; baseline 0.009 -22"><span class='ocrx_word' id='word_1_592' title='bbox 1164 1560 1245 1598; x_wconf 87' lang='lat' dir='ltr'><em>illos</em></span> <span class='ocrx_word' id='word_1_593' title='bbox 1272 1561 1456 1599; x_wconf 79' lang='lat' dir='ltr'><em>excitavit.</em></span> <span class='ocrx_word' id='word_1_594' title='bbox 1479 1564 1572 1600; x_wconf 75' lang='lat' dir='ltr'><em>Nam</em></span> <span class='ocrx_word' id='word_1_595' title='bbox 1595 1577 1674 1600; x_wconf 86' lang='lat' dir='ltr'><em>cum</em></span> <span class='ocrx_word' id='word_1_596' title='bbox 1706 1564 1750 1602; x_wconf 89' lang='lat' dir='ltr'><em>de</em></span> <span class='ocrx_word' id='word_1_597' title='bbox 1776 1566 1910 1604; x_wconf 74' lang='lat' dir='ltr'><em>malitia</em></span> <span class='ocrx_word' id='word_1_598' title='bbox 1929 1567 2144 1619; x_wconf 87' lang='lat' dir='ltr'><em>loqueretur,</em></span> 
     </span>
    </p>

    <p class='ocr_par' dir='ltr' id='par_1_16' title="bbox 1167 1622 2150 1678">
     <span class='ocr_line' id='line_1_74' title="bbox 1167 1622 2150 1678; baseline 0.01 -21"><span class='ocrx_word' id='word_1_599' title='bbox 1167 1635 1271 1670; x_wconf 81' lang='lat' dir='ltr'><em>opera</em></span> <span class='ocrx_word' id='word_1_600' title='bbox 1286 1622 1514 1673; x_wconf 82' lang='lat' dir='ltr'><em>memoravit;</em></span> <span class='ocrx_word' id='word_1_601' title='bbox 1531 1637 1612 1660; x_wconf 88' lang='lat' dir='ltr'><em>cum</em></span> <span class='ocrx_word' id='word_1_602' title='bbox 1631 1633 1748 1661; x_wconf 78' lang='lat' dir='ltr'><em>autem</em></span> <span class='ocrx_word' id='word_1_603' title='bbox 1769 1625 1813 1663; x_wconf 81' lang='lat' dir='ltr'><em>de</em></span> <span class='ocrx_word' id='word_1_604' title='bbox 1829 1626 1960 1665; x_wconf 79' lang='lat' dir='ltr'><em>virtute</em></span> <span class='ocrx_word' id='word_1_605' title='bbox 1973 1629 2059 1678; x_wconf 77' lang='lat' dir='ltr'><em>agit,</em></span> <span class='ocrx_word' id='word_1_606' title='bbox 2081 1644 2150 1667; x_wconf 87' lang='lat' dir='ltr'><em>non</em></span> 
     </span>
    </p>

    <p class='ocr_par' dir='ltr' id='par_1_17' title="bbox 1164 1681 2152 1734">
     <span class='ocr_line' id='line_1_75' title="bbox 1164 1681 2152 1734; baseline 0.01 -17"><span class='ocrx_word' id='word_1_607' title='bbox 1164 1681 1238 1732; x_wconf 77' lang='lat' dir='ltr'><em>jam</em></span> <span class='ocrx_word' id='word_1_608' title='bbox 1269 1695 1394 1733; x_wconf 79' lang='lat' dir='ltr'><em>opera,</em></span> <span class='ocrx_word' id='word_1_609' title='bbox 1424 1683 1486 1720; x_wconf 87' lang='lat' dir='ltr'><em>sed</em></span> <span class='ocrx_word' id='word_1_610' title='bbox 1518 1697 1616 1720; x_wconf 81' lang='lat' dir='ltr'><em>arma</em></span> <span class='ocrx_word' id='word_1_611' title='bbox 1643 1684 1745 1734; x_wconf 86' lang='lat' dir='ltr'><em>dicit,</em></span> <span class='ocrx_word' id='word_1_612' title='bbox 1771 1686 1955 1725; x_wconf 86' lang='lat' dir='ltr'><em>ostendens</em></span> <span class='ocrx_word' id='word_1_613' title='bbox 1981 1689 2152 1728; x_wconf 68' lang='lat' dir='ltr'><em>virtutem</em></span> 
     </span>
    </p>

    <p class='ocr_par' dir='ltr' id='par_1_18' title="bbox 1168 1742 2152 1792">
     <span class='ocr_line' id='line_1_76' title="bbox 1168 1742 2152 1792; baseline 0.01 -15"><span class='ocrx_word' id='word_1_614' title='bbox 1168 1755 1263 1788; x_wconf 86' lang='lat' dir='ltr'><em>eum,</em></span> <span class='ocrx_word' id='word_1_615' title='bbox 1284 1742 1346 1792; x_wconf 88' lang='lat' dir='ltr'><em>qui</em></span> <span class='ocrx_word' id='word_1_616' title='bbox 1368 1742 1430 1779; x_wconf 82' lang='lat' dir='ltr'><em>illa</em></span> <span class='ocrx_word' id='word_1_617' title='bbox 1459 1753 1616 1792; x_wconf 81' lang='lat' dir='ltr'><em>ornatur,</em></span> <span class='ocrx_word' id='word_1_618' title='bbox 1634 1744 1668 1781; x_wconf 92' lang='lat' dir='ltr'><em>in</em></span> <span class='ocrx_word' id='word_1_619' title='bbox 1696 1746 1792 1783; x_wconf 88' lang='lat' dir='ltr'><em>omni</em></span> <span class='ocrx_word' id='word_1_620' title='bbox 1813 1747 2000 1786; x_wconf 80' lang='lat' dir='ltr'><em>securitate</em></span> <span class='ocrx_word' id='word_1_621' title='bbox 2016 1750 2152 1787; x_wconf 82' lang='lat' dir='ltr'><em>consti-</em></span> 
     </span>
    </p>

    <p class='ocr_par' dir='ltr' id='par_1_19' title="bbox 1169 1802 2151 1860">
     <span class='ocr_line' id='line_1_77' title="bbox 1169 1802 2151 1860; baseline 0.007 -21"><span class='ocrx_word' id='word_1_622' title='bbox 1169 1811 1266 1839; x_wconf 87' lang='lat' dir='ltr'><em>tuere</em></span> <span class='ocrx_word' id='word_1_623' title='bbox 1291 1811 1323 1840; x_wconf 89' lang='lat' dir='ltr'><em>et</em></span> <span class='ocrx_word' id='word_1_624' title='bbox 1348 1802 1385 1840; x_wconf 91' lang='lat' dir='ltr'><em>in</em></span> <span class='ocrx_word' id='word_1_625' title='bbox 1416 1803 1512 1841; x_wconf 91' lang='lat' dir='ltr'><em>omni</em></span> <span class='ocrx_word' id='word_1_626' title='bbox 1547 1805 1745 1856; x_wconf 83' lang='lat' dir='ltr'><em>splendore.</em></span> <span class='ocrx_word' id='word_1_627' title='bbox 1766 1808 1886 1857; x_wconf 87' lang='lat' dir='ltr'><em>Neque</em></span> <span class='ocrx_word' id='word_1_628' title='bbox 1906 1807 1963 1844; x_wconf 82' lang='lat' dir='ltr'><em>hic</em></span> <span class='ocrx_word' id='word_1_629' title='bbox 1980 1809 2151 1860; x_wconf 84' lang='lat' dir='ltr'><em>constitit,</em></span> 
     </span>
    </p>

    <p class='ocr_par' dir='ltr' id='par_1_20' title="bbox 1171 1863 2156 2040">
     <span class='ocr_line' id='line_1_78' title="bbox 1171 1863 2155 1923; baseline 0.009 -23"><span class='ocrx_word' id='word_1_630' title='bbox 1171 1863 1235 1901; x_wconf 80' lang='lat' dir='ltr'><em>sed</em></span> <span class='ocrx_word' id='word_1_631' title='bbox 1250 1878 1322 1902; x_wconf 88' lang='lat' dir='ltr'><em>rem</em></span> <span class='ocrx_word' id='word_1_632' title='bbox 1343 1865 1514 1916; x_wconf 79' lang='lat' dir='ltr'><em>majorem</em></span> <span class='ocrx_word' id='word_1_633' title='bbox 1534 1880 1694 1905; x_wconf 87' lang='lat' dir='ltr'><em>sermone</em></span> <span class='ocrx_word' id='word_1_634' title='bbox 1710 1868 1932 1919; x_wconf 74' lang='lat' dir='ltr'><em>aggrediens,</em></span> <span class='ocrx_word' id='word_1_635' title='bbox 1947 1871 2040 1920; x_wconf 84' lang='lat' dir='ltr'><em>quod</em></span> <span class='ocrx_word' id='word_1_636' title='bbox 2052 1871 2155 1923; x_wconf 85' lang='lat' dir='ltr'><em>longe</em></span> 
     </span>
     <span class='ocr_line' id='line_1_79' title="bbox 1172 1923 2156 1978; baseline 0.006 -16"><span class='ocrx_word' id='word_1_637' title='bbox 1172 1923 1383 1962; x_wconf 86' lang='lat' dir='ltr'><em>horribilius</em></span> <span class='ocrx_word' id='word_1_638' title='bbox 1410 1934 1474 1972; x_wconf 83' lang='lat' dir='ltr'><em>est,</em></span> <span class='ocrx_word' id='word_1_639' title='bbox 1502 1926 1622 1978; x_wconf 89' lang='lat' dir='ltr'><em>ipsum</em></span> <span class='ocrx_word' id='word_1_640' title='bbox 1651 1928 1846 1965; x_wconf 80' lang='lat' dir='ltr'><em>Dominum</em></span> <span class='ocrx_word' id='word_1_641' title='bbox 1875 1929 1936 1967; x_wconf 82' lang='lat' dir='ltr'><em>dat</em></span> <span class='ocrx_word' id='word_1_642' title='bbox 1966 1931 2068 1968; x_wconf 82' lang='lat' dir='ltr'><em>nobis</em></span> <span class='ocrx_word' id='word_1_643' title='bbox 2101 1931 2156 1968; x_wconf 79' lang='lat' dir='ltr'><em>in-</em></span> 
     </span>
     <span class='ocr_line' id='line_1_80' title="bbox 1174 1985 2155 2040; baseline 0.007 -18"><span class='ocrx_word' id='word_1_644' title='bbox 1174 1985 1400 2034; x_wconf 86' lang='lat' dir='ltr'><em>dumentum,</em></span> <span class='ocrx_word' id='word_1_645' title='bbox 1423 1985 1544 2038; x_wconf 88' lang='lat' dir='ltr'><em>ipsum</em></span> <span class='ocrx_word' id='word_1_646' title='bbox 1571 1988 1714 2040; x_wconf 78' lang='lat' dir='ltr'><em>Regem.</em></span> <span class='ocrx_word' id='word_1_647' title='bbox 1736 1988 1807 2034; x_wconf 86' lang='lat' dir='ltr'><em>Qui</em></span> <span class='ocrx_word' id='word_1_648' title='bbox 1833 1990 1926 2027; x_wconf 87' lang='lat' dir='ltr'><em>enim</em></span> <span class='ocrx_word' id='word_1_649' title='bbox 1958 1990 2020 2028; x_wconf 88' lang='lat' dir='ltr'><em>illo</em></span> <span class='ocrx_word' id='word_1_650' title='bbox 2045 1991 2155 2029; x_wconf 76' lang='lat' dir='ltr'><em>indu-</em></span> 
     </span>
    </p>

    <p class='ocr_par' dir='ltr' id='par_1_21' title="bbox 1175 2051 2158 2103">
     <span class='ocr_line' id='line_1_81' title="bbox 1175 2051 2158 2103; baseline 0.008 -18"><span class='ocrx_word' id='word_1_651' title='bbox 1175 2057 1230 2086; x_wconf 88' lang='lat' dir='ltr'><em>tus</em></span> <span class='ocrx_word' id='word_1_652' title='bbox 1254 2058 1319 2098; x_wconf 88' lang='lat' dir='ltr'><em>est,</em></span> <span class='ocrx_word' id='word_1_653' title='bbox 1342 2062 1481 2087; x_wconf 90' lang='lat' dir='ltr'><em>omnem</em></span> <span class='ocrx_word' id='word_1_654' title='bbox 1501 2064 1645 2101; x_wconf 86' lang='lat' dir='ltr'><em>prorsus</em></span> <span class='ocrx_word' id='word_1_655' title='bbox 1677 2051 1832 2103; x_wconf 78' lang='lat' dir='ltr'><em>possidet</em></span> <span class='ocrx_word' id='word_1_656' title='bbox 1863 2053 2046 2093; x_wconf 80' lang='lat' dir='ltr'><em>virtutem.</em></span> <span class='ocrx_word' id='word_1_657' title='bbox 2067 2056 2158 2093; x_wconf 84' lang='lat' dir='ltr'><em>Cum</em></span> 
     </span>
    </p>

    <p class='ocr_par' dir='ltr' id='par_1_22' title="bbox 1175 2109 2157 2162">
     <span class='ocr_line' id='line_1_82' title="bbox 1175 2109 2157 2162; baseline 0.006 -15"><span class='ocrx_word' id='word_1_658' title='bbox 1175 2118 1292 2147; x_wconf 82' lang='lat' dir='ltr'><em>autem</em></span> <span class='ocrx_word' id='word_1_659' title='bbox 1307 2109 1408 2159; x_wconf 82' lang='lat' dir='ltr'><em>dicit,</em></span> <span class='ocrx_word' id='word_1_660' title='bbox 1426 2111 1656 2159; x_wconf 82' lang='lat' dir='ltr'><em>Induimini,</em></span> <span class='ocrx_word' id='word_1_661' title='bbox 1674 2112 1832 2162; x_wconf 77' lang='lat' dir='ltr'><em>undique</em></span> <span class='ocrx_word' id='word_1_662' title='bbox 1848 2127 1912 2151; x_wconf 92' lang='lat' dir='ltr'><em>nos</em></span> <span class='ocrx_word' id='word_1_663' title='bbox 1929 2114 1990 2151; x_wconf 89' lang='lat' dir='ltr'><em>illo</em></span> <span class='ocrx_word' id='word_1_664' title='bbox 2007 2116 2157 2153; x_wconf 87' lang='lat' dir='ltr'><em>circum-</em></span> 
     </span>
    </p>

    <p class='ocr_par' dir='ltr' id='par_1_23' title="bbox 1176 2170 2360 2402">
     <span class='ocr_line' id='line_1_83' title="bbox 1176 2170 2360 2222; baseline 0.006 -14"><span class='ocrx_word' id='word_1_665' title='bbox 1176 2170 1254 2208; x_wconf 83' lang='lat' dir='ltr'><em>dari</em></span> <span class='ocrx_word' id='word_1_666' title='bbox 1271 2171 1390 2222; x_wconf 62' lang='lat' dir='ltr'><em>juliet3</em></span> <span class='ocrx_word' id='word_1_667' title='bbox 1408 2181 1447 2208; x_wconf 87' lang='lat' dir='ltr'><em>ut</em></span> <span class='ocrx_word' id='word_1_668' title='bbox 1473 2171 1558 2208; x_wconf 81' lang='lat' dir='ltr'><em>alibi</em></span> <span class='ocrx_word' id='word_1_669' title='bbox 1576 2171 1638 2221; x_wconf 86' lang='lat' dir='ltr'><em>ait,</em></span> <span class='ocrx_word' id='word_1_670' title='bbox 1655 2173 1694 2210; x_wconf 88' lang='lat' dir='ltr'><em>Si</em></span> <span class='ocrx_word' id='word_1_671' title='bbox 1713 2187 1807 2210; x_wconf 85' lang='lat' dir='ltr'><em>vero</em></span> <span class='ocrx_word' id='word_1_672' title='bbox 1829 2175 2005 2213; x_wconf 78' lang='lat' dir='ltr'><em>Christus</em></span> <span class='ocrx_word' id='word_1_673' title='bbox 2022 2179 2063 2213; x_wconf 88' lang='lat' dir='ltr'><em>in</em></span> <span class='ocrx_word' id='word_1_674' title='bbox 2090 2190 2159 2213; x_wconf 78' lang='lat' dir='ltr'><em>vo-</em></span> <span class='ocrx_word' id='word_1_675' title='bbox 2173 2193 2261 2222; x_wconf 69' lang='lat' dir='ltr'><em>Rom</em></span> <span class='ocrx_word' id='word_1_676' title='bbox 2274 2192 2303 2221; x_wconf 62' lang='lat' dir='ltr'><em>g,</em></span> <span class='ocrx_word' id='word_1_677' title='bbox 2315 2201 2360 2221; x_wconf 64' lang='lat'><em>10,</em></span> 
     </span>
     <span class='ocr_line' id='line_1_84' title="bbox 1178 2233 2333 2287; baseline 0.006 -20"><span class='ocrx_word' id='word_1_678' title='bbox 1178 2233 1233 2268; x_wconf 93' lang='lat' dir='ltr'><em>bis</em></span> <span class='ocrx_word' id='word_1_679' title='bbox 1244 2246 1260 2275; x_wconf 89' lang='lat'><em>;</em></span> <span class='ocrx_word' id='word_1_680' title='bbox 1277 2240 1309 2268; x_wconf 90' lang='lat' dir='ltr'><em>et</em></span> <span class='ocrx_word' id='word_1_681' title='bbox 1328 2245 1464 2279; x_wconf 86' lang='lat' dir='ltr'><em>rursus,</em></span> <span class='ocrx_word' id='word_1_682' title='bbox 1484 2234 1532 2268; x_wconf 88' lang='lat' dir='ltr'><em>In</em></span> <span class='ocrx_word' id='word_1_683' title='bbox 1544 2234 1761 2270; x_wconf 78' lang='lat' dir='ltr'><em>interiorem</em></span> <span class='ocrx_word' id='word_1_684' title='bbox 1780 2243 1950 2272; x_wconf 85' lang='lat' dir='ltr'><em>nostrum</em></span> <span class='ocrx_word' id='word_1_685' title='bbox 1967 2237 2158 2273; x_wconf 86' lang='lat' dir='ltr'><em>lzominem</em></span> <span class='ocrx_word' id='word_1_686' title='bbox 2175 2250 2284 2287; x_wconf 63' lang='lat' dir='ltr'><em>Eplzes.</em></span> <span class='ocrx_word' id='word_1_687' title='bbox 2304 2250 2333 2277; x_wconf 84' lang='lat'><em>3.</em></span> 
     </span>
     <span class='ocr_line' id='line_1_85' title="bbox 1177 2292 2298 2335; baseline 0.006 -7"><span class='ocrx_word' id='word_1_688' title='bbox 1177 2292 1358 2328; x_wconf 79' lang='lat' dir='ltr'><em>babitare</em></span> <span class='ocrx_word' id='word_1_689' title='bbox 1368 2293 1578 2329; x_wconf 77' lang='lat' dir='ltr'><em>Christum.</em></span> <span class='ocrx_word' id='word_1_690' title='bbox 1596 2292 1738 2329; x_wconf 84' lang='lat' dir='ltr'><em>Etenim</em></span> <span class='ocrx_word' id='word_1_691' title='bbox 1749 2293 1904 2331; x_wconf 79' lang='lat' dir='ltr'><em>animam</em></span> <span class='ocrx_word' id='word_1_692' title='bbox 1917 2304 2071 2332; x_wconf 82' lang='lat' dir='ltr'><em>nostram</em></span> <span class='ocrx_word' id='word_1_693' title='bbox 2083 2296 2160 2335; x_wconf 88' lang='lat' dir='ltr'><em>vult</em></span> <span class='ocrx_word' id='word_1_694' title='bbox 2181 2293 2226 2321; x_wconf 69' lang='lat'><em>¹5·</em></span> <span class='ocrx_word' id='word_1_695' title='bbox 2252 2299 2298 2326; x_wconf 89' lang='lat'><em>¹7·</em></span> 
     </span>
     <span class='ocr_line' id='line_1_86' title="bbox 1178 2350 2161 2402; baseline 0.006 -15"><span class='ocrx_word' id='word_1_696' title='bbox 1178 2350 1325 2388; x_wconf 87' lang='lat' dir='ltr'><em>domum</em></span> <span class='ocrx_word' id='word_1_697' title='bbox 1339 2351 1414 2402; x_wconf 87' lang='lat' dir='ltr'><em>ejus</em></span> <span class='ocrx_word' id='word_1_698' title='bbox 1430 2365 1513 2397; x_wconf 90' lang='lat' dir='ltr'><em>esse,</em></span> <span class='ocrx_word' id='word_1_699' title='bbox 1530 2365 1663 2402; x_wconf 86' lang='lat' dir='ltr'><em>nosque</em></span> <span class='ocrx_word' id='word_1_700' title='bbox 1683 2352 1744 2390; x_wconf 90' lang='lat' dir='ltr'><em>illo</em></span> <span class='ocrx_word' id='word_1_701' title='bbox 1760 2353 1862 2391; x_wconf 82' lang='lat' dir='ltr'><em>indui</em></span> <span class='ocrx_word' id='word_1_702' title='bbox 1882 2363 1920 2392; x_wconf 88' lang='lat' dir='ltr'><em>ut</em></span> <span class='ocrx_word' id='word_1_703' title='bbox 1939 2355 2161 2401; x_wconf 76' lang='lat' dir='ltr'><em>vestimento,</em></span> 
     </span>
    </p>

    <p class='ocr_par' dir='ltr' id='par_1_24' title="bbox 1178 2412 2342 2588">
     <span class='ocr_line' id='line_1_87' title="bbox 1179 2412 2162 2469; baseline 0.007 -21"><span class='ocrx_word' id='word_1_704' title='bbox 1179 2421 1218 2449; x_wconf 86' lang='lat' dir='ltr'><em>ut</em></span> <span class='ocrx_word' id='word_1_705' title='bbox 1237 2412 1355 2450; x_wconf 87' lang='lat' dir='ltr'><em>omnia</em></span> <span class='ocrx_word' id='word_1_706' title='bbox 1375 2412 1478 2450; x_wconf 88' lang='lat' dir='ltr'><em>nobis</em></span> <span class='ocrx_word' id='word_1_707' title='bbox 1497 2412 1557 2450; x_wconf 83' lang='lat' dir='ltr'><em>ille</em></span> <span class='ocrx_word' id='word_1_708' title='bbox 1576 2413 1621 2450; x_wconf 91' lang='lat' dir='ltr'><em>sit</em></span> <span class='ocrx_word' id='word_1_709' title='bbox 1641 2413 1735 2451; x_wconf 90' lang='lat' dir='ltr'><em>intus</em></span> <span class='ocrx_word' id='word_1_710' title='bbox 1759 2423 1792 2451; x_wconf 90' lang='lat' dir='ltr'><em>et</em></span> <span class='ocrx_word' id='word_1_711' title='bbox 1811 2415 1907 2454; x_wconf 86' lang='lat' dir='ltr'><em>foris.</em></span> <span class='ocrx_word' id='word_1_712' title='bbox 1926 2416 2069 2454; x_wconf 82' lang='lat' dir='ltr'><em>Etenim</em></span> <span class='ocrx_word' id='word_1_713' title='bbox 2089 2417 2162 2469; x_wconf 84' lang='lat' dir='ltr'><em>ipse</em></span> 
     </span>
     <span class='ocr_line' id='line_1_88' title="bbox 1178 2472 2342 2528; baseline 0.009 -20"><span class='ocrx_word' id='word_1_714' title='bbox 1178 2472 1365 2523; x_wconf 81' lang='lat' dir='ltr'><em>plenitudo</em></span> <span class='ocrx_word' id='word_1_715' title='bbox 1384 2481 1504 2510; x_wconf 83' lang='lat' dir='ltr'><em>nostra</em></span> <span class='ocrx_word' id='word_1_716' title='bbox 1523 2482 1574 2510; x_wconf 87' lang='lat' dir='ltr'><em>est</em></span> <span class='ocrx_word' id='word_1_717' title='bbox 1590 2488 1598 2509; x_wconf 90' lang='lat'>:</span> <span class='ocrx_word' id='word_1_718' title='bbox 1612 2475 1685 2511; x_wconf 88' lang='lat' dir='ltr'><em>Est</em></span> <span class='ocrx_word' id='word_1_719' title='bbox 1697 2474 1791 2511; x_wconf 86' lang='lat' dir='ltr'><em>enim</em></span> <span class='ocrx_word' id='word_1_720' title='bbox 1804 2476 2006 2527; x_wconf 80' lang='lat' dir='ltr'><em>plenitudo</em></span> <span class='ocrx_word' id='word_1_721' title='bbox 2033 2480 2163 2515; x_wconf 89' lang='lat' dir='ltr'><em>omnia</em></span> <span class='ocrx_word' id='word_1_722' title='bbox 2179 2491 2287 2528; x_wconf 59' lang='lat' dir='ltr'><em>Ephes.</em></span> <span class='ocrx_word' id='word_1_723' title='bbox 2317 2498 2342 2518; x_wconf 92' lang='lat'><em>1.</em></span> 
     </span>
     <span class='ocr_line' id='line_1_89' title="bbox 1179 2532 2229 2588; baseline 0.007 -20"><span class='ocrx_word' id='word_1_724' title='bbox 1179 2535 1221 2569; x_wconf 84' lang='lat' dir='ltr'><em>in</em></span> <span class='ocrx_word' id='word_1_725' title='bbox 1236 2534 1411 2569; x_wconf 79' lang='lat' dir='ltr'><em>omnibus</em></span> <span class='ocrx_word' id='word_1_726' title='bbox 1443 2533 1720 2582; x_wconf 84' lang='lat' dir='ltr'><em>adimplentis;</em></span> <span class='ocrx_word' id='word_1_727' title='bbox 1736 2543 1768 2570; x_wconf 92' lang='lat' dir='ltr'><em>et</em></span> <span class='ocrx_word' id='word_1_728' title='bbox 1783 2533 1854 2583; x_wconf 79' lang='lat' dir='ltr'><em>via,</em></span> <span class='ocrx_word' id='word_1_729' title='bbox 1872 2544 1905 2572; x_wconf 87' lang='lat' dir='ltr'><em>et</em></span> <span class='ocrx_word' id='word_1_730' title='bbox 1922 2535 1979 2573; x_wconf 82' lang='lat' dir='ltr'><em>vir</em></span> <span class='ocrx_word' id='word_1_731' title='bbox 2001 2545 2032 2573; x_wconf 90' lang='lat' dir='ltr'><em>et</em></span> <span class='ocrx_word' id='word_1_732' title='bbox 2053 2551 2160 2588; x_wconf 87' lang='lat' dir='ltr'><em>spon-</em></span> <span class='ocrx_word' id='word_1_733' title='bbox 2181 2532 2229 2559; x_wconf 78' lang='lat'><em>²3·</em></span> 
     </span>
    </p>

    <p class='ocr_par' dir='ltr' id='par_1_25' title="bbox 1179 2593 2362 2702">
     <span class='ocr_line' id='line_1_90' title="bbox 1179 2593 2362 2648; baseline 0.006 -20"><span class='ocrx_word' id='word_1_734' title='bbox 1179 2607 1238 2630; x_wconf 90' lang='lat' dir='ltr'><em>sus</em></span> <span class='ocrx_word' id='word_1_735' title='bbox 1257 2593 1478 2643; x_wconf 82' lang='lat' dir='ltr'><em>:Despondi</em></span> <span class='ocrx_word' id='word_1_736' title='bbox 1492 2596 1593 2629; x_wconf 87' lang='lat' dir='ltr'><em>enim</em></span> <span class='ocrx_word' id='word_1_737' title='bbox 1608 2607 1680 2630; x_wconf 74' lang='lat' dir='ltr'><em>vos</em></span> <span class='ocrx_word' id='word_1_738' title='bbox 1695 2597 1878 2641; x_wconf 80' lang='lat' dir='ltr'><em>univiro,</em></span> <span class='ocrx_word' id='word_1_739' title='bbox 1897 2599 2085 2648; x_wconf 76' lang='lat' dir='ltr'><em>virginem</em></span> <span class='ocrx_word' id='word_1_740' title='bbox 2103 2612 2164 2636; x_wconf 81' lang='lat' dir='ltr'><em>ca·</em></span> <span class='ocrx_word' id='word_1_741' title='bbox 2180 2618 2209 2637; x_wconf 86' lang='lat'><em>2.</em></span> <span class='ocrx_word' id='word_1_742' title='bbox 2226 2609 2298 2636; x_wconf 80' lang='lat' dir='ltr'><em>Cor.</em></span> <span class='ocrx_word' id='word_1_743' title='bbox 2317 2617 2362 2635; x_wconf 80' lang='lat' dir='ltr'><em>tt.</em></span> 
     </span>
     <span class='ocr_line' id='line_1_91' title="bbox 1180 2651 2210 2702; baseline 0.006 -14"><span class='ocrx_word' id='word_1_744' title='bbox 1180 2660 1294 2689; x_wconf 85' lang='lat' dir='ltr'><em>stam.</em></span> <span class='ocrx_word' id='word_1_745' title='bbox 1310 2652 1375 2688; x_wconf 88' lang='lat' dir='ltr'><em>Est</em></span> <span class='ocrx_word' id='word_1_746' title='bbox 1394 2660 1427 2688; x_wconf 89' lang='lat' dir='ltr'><em>et</em></span> <span class='ocrx_word' id='word_1_747' title='bbox 1446 2651 1564 2700; x_wconf 79' lang='lat' dir='ltr'><em>radix,</em></span> <span class='ocrx_word' id='word_1_748' title='bbox 1578 2661 1693 2702; x_wconf 85' lang='lat' dir='ltr'><em>potus,</em></span> <span class='ocrx_word' id='word_1_749' title='bbox 1709 2653 1809 2690; x_wconf 83' lang='lat' dir='ltr'><em>cibus</em></span> <span class='ocrx_word' id='word_1_750' title='bbox 1828 2663 1861 2691; x_wconf 83' lang='lat' dir='ltr'><em>et</em></span> <span class='ocrx_word' id='word_1_751' title='bbox 1880 2655 1953 2693; x_wconf 73' lang='lat' dir='ltr'><em>vita</em></span> <span class='ocrx_word' id='word_1_752' title='bbox 1970 2671 1976 2691; x_wconf 93' lang='lat'>:</span> <span class='ocrx_word' id='word_1_753' title='bbox 1993 2671 2075 2694; x_wconf 78' lang='lat' dir='ltr'><em>nam</em></span> <span class='ocrx_word' id='word_1_754' title='bbox 2094 2657 2162 2694; x_wconf 83' lang='lat' dir='ltr'><em>ait:</em></span> <span class='ocrx_word' id='word_1_755' title='bbox 2181 2659 2210 2677; x_wconf 81' lang='lat'><em>2·</em></span> 
     </span>
    </p>

    <p class='ocr_par' dir='ltr' id='par_1_26' title="bbox 1179 2714 2362 2828">
     <span class='ocr_line' id='line_1_92' title="bbox 1182 2714 2362 2763; baseline 0.008 -15"><span class='ocrx_word' id='word_1_756' title='bbox 1182 2714 1277 2749; x_wconf 76' lang='lat' dir='ltr'><em>Vivo</em></span> <span class='ocrx_word' id='word_1_757' title='bbox 1291 2714 1377 2763; x_wconf 86' lang='lat' dir='ltr'><em>jam</em></span> <span class='ocrx_word' id='word_1_758' title='bbox 1398 2725 1475 2748; x_wconf 86' lang='lat' dir='ltr'><em>non</em></span> <span class='ocrx_word' id='word_1_759' title='bbox 1496 2726 1563 2762; x_wconf 78' lang='lat' dir='ltr'><em>ego</em></span> <span class='ocrx_word' id='word_1_760' title='bbox 1583 2715 1706 2749; x_wconf 71' lang='lat' dir='ltr'><em>:vivit</em></span> <span class='ocrx_word' id='word_1_761' title='bbox 1722 2728 1815 2750; x_wconf 70' lang='lat' dir='ltr'><em>‘vero</em></span> <span class='ocrx_word' id='word_1_762' title='bbox 1835 2717 1875 2751; x_wconf 86' lang='lat' dir='ltr'><em>in</em></span> <span class='ocrx_word' id='word_1_763' title='bbox 1894 2730 1952 2752; x_wconf 87' lang='lat' dir='ltr'><em>me</em></span> <span class='ocrx_word' id='word_1_764' title='bbox 1976 2718 2163 2757; x_wconf 77' lang='lat' dir='ltr'><em>Christus.</em></span> <span class='ocrx_word' id='word_1_765' title='bbox 2183 2720 2255 2747; x_wconf 79' lang='lat' dir='ltr'><em>Gal.</em></span> <span class='ocrx_word' id='word_1_766' title='bbox 2273 2727 2289 2746; x_wconf 85' lang='lat'><strong>2</strong></span> <span class='ocrx_word' id='word_1_767' title='bbox 2313 2726 2362 2746; x_wconf 78' lang='lat'><em>20-</em></span> 
     </span>
     <span class='ocr_line' id='line_1_93' title="bbox 1179 2772 2166 2828; baseline 0.005 -20"><span class='ocrx_word' id='word_1_768' title='bbox 1179 2772 1245 2809; x_wconf 87' lang='lat' dir='ltr'><em>Est</em></span> <span class='ocrx_word' id='word_1_769' title='bbox 1263 2772 1453 2823; x_wconf 83' lang='lat' dir='ltr'><em>apostolus,</em></span> <span class='ocrx_word' id='word_1_770' title='bbox 1466 2786 1626 2809; x_wconf 88' lang='lat' dir='ltr'><em>summus</em></span> <span class='ocrx_word' id='word_1_771' title='bbox 1640 2773 1812 2823; x_wconf 83' lang='lat' dir='ltr'><em>sacerdos,</em></span> <span class='ocrx_word' id='word_1_772' title='bbox 1827 2774 1960 2824; x_wconf 87' lang='lat' dir='ltr'><em>doctor,</em></span> <span class='ocrx_word' id='word_1_773' title='bbox 1976 2786 2086 2828; x_wconf 77' lang='lat' dir='ltr'><em>pater,</em></span> <span class='ocrx_word' id='word_1_774' title='bbox 2096 2779 2166 2816; x_wconf 57' lang='grc' dir='ltr'><em>Ἐγὼ,</em></span> 
     </span>
    </p>

    <p class='ocr_par' dir='ltr' id='par_1_27' title="bbox 1181 2831 2164 2883">
     <span class='ocr_line' id='line_1_94' title="bbox 1181 2831 2164 2883; baseline 0.008 -16"><span class='ocrx_word' id='word_1_775' title='bbox 1181 2840 1246 2879; x_wconf 85' lang='lat' dir='ltr'><em>ter,</em></span> <span class='ocrx_word' id='word_1_776' title='bbox 1270 2831 1427 2878; x_wconf 85' lang='lat' dir='ltr'><em>coheres,</em></span> <span class='ocrx_word' id='word_1_777' title='bbox 1447 2840 1480 2868; x_wconf 90' lang='lat' dir='ltr'><em>et</em></span> <span class='ocrx_word' id='word_1_778' title='bbox 1499 2832 1651 2883; x_wconf 86' lang='lat' dir='ltr'><em>sepulcri</em></span> <span class='ocrx_word' id='word_1_779' title='bbox 1672 2846 1812 2871; x_wconf 87' lang='lat' dir='ltr'><em>consors</em></span> <span class='ocrx_word' id='word_1_780' title='bbox 1831 2844 1865 2872; x_wconf 87' lang='lat' dir='ltr'><em>et</em></span> <span class='ocrx_word' id='word_1_781' title='bbox 1881 2836 2004 2874; x_wconf 84' lang='lat' dir='ltr'><em>crucis.</em></span> <span class='ocrx_word' id='word_1_782' title='bbox 2024 2838 2164 2875; x_wconf 82' lang='lat' dir='ltr'><em>Conse-</em></span> 
     </span>
    </p>

    <p class='ocr_par' dir='ltr' id='par_1_28' title="bbox 1178 2892 2165 2947">
     <span class='ocr_line' id='line_1_95' title="bbox 1178 2892 2165 2947; baseline 0.007 -19"><span class='ocrx_word' id='word_1_783' title='bbox 1178 2892 1280 2943; x_wconf 83' lang='lat' dir='ltr'><em>pulti</em></span> <span class='ocrx_word' id='word_1_784' title='bbox 1304 2894 1408 2928; x_wconf 86' lang='lat' dir='ltr'><em>enim</em></span> <span class='ocrx_word' id='word_1_785' title='bbox 1438 2905 1568 2929; x_wconf 84' lang='lat' dir='ltr'><em>sumus</em></span> <span class='ocrx_word' id='word_1_786' title='bbox 1593 2892 1674 2943; x_wconf 89' lang='lat' dir='ltr'><em>ipsi,</em></span> <span class='ocrx_word' id='word_1_787' title='bbox 1705 2893 1832 2943; x_wconf 87' lang='lat' dir='ltr'><em>inquit,</em></span> <span class='ocrx_word' id='word_1_788' title='bbox 1856 2904 1888 2932; x_wconf 89' lang='lat' dir='ltr'><em>et</em></span> <span class='ocrx_word' id='word_1_789' title='bbox 1911 2897 2165 2947; x_wconf 79' lang='lat' dir='ltr'><em>complantati</em></span> 
     </span>
    </p>

    <p class='ocr_par' dir='ltr' id='par_1_29' title="bbox 1176 2953 2166 3007">
     <span class='ocr_line' id='line_1_96' title="bbox 1176 2953 2166 3007; baseline 0.006 -18"><span class='ocrx_word' id='word_1_790' title='bbox 1176 2954 1281 3003; x_wconf 80' lang='lat' dir='ltr'><em>sacti</em></span> <span class='ocrx_word' id='word_1_791' title='bbox 1307 2966 1435 2990; x_wconf 88' lang='lat' dir='ltr'><em>sumus</em></span> <span class='ocrx_word' id='word_1_792' title='bbox 1457 2953 1705 2990; x_wconf 86' lang='lat' dir='ltr'><em>similitudini</em></span> <span class='ocrx_word' id='word_1_793' title='bbox 1734 2958 1866 2993; x_wconf 86' lang='lat' dir='ltr'><em>mortis</em></span> <span class='ocrx_word' id='word_1_794' title='bbox 1896 2958 2026 3007; x_wconf 80' lang='lat' dir='ltr'><em>ipsius.</em></span> <span class='ocrx_word' id='word_1_795' title='bbox 2049 2957 2113 2995; x_wconf 87' lang='lat' dir='ltr'><em>Est</em></span> <span class='ocrx_word' id='word_1_796' title='bbox 2133 2967 2166 2995; x_wconf 84' lang='lat' dir='ltr'><em>et</em></span> 
     </span>
    </p>

    <p class='ocr_par' dir='ltr' id='par_1_30' title="bbox 1183 3011 2366 3244">
     <span class='ocr_line' id='line_1_97' title="bbox 1184 3011 2351 3068; baseline 0.006 -19"><span class='ocrx_word' id='word_1_797' title='bbox 1184 3012 1336 3064; x_wconf 87' lang='lat' dir='ltr'><em>supplex</em></span> <span class='ocrx_word' id='word_1_798' title='bbox 1348 3027 1356 3048; x_wconf 80' lang='lat' dir='ltr'><strong><em>z</em></strong></span> <span class='ocrx_word' id='word_1_799' title='bbox 1368 3014 1448 3049; x_wconf 87' lang='lat' dir='ltr'><em>Pro</em></span> <span class='ocrx_word' id='word_1_800' title='bbox 1465 3013 1617 3049; x_wconf 81' lang='lat' dir='ltr'><em>Christo</em></span> <span class='ocrx_word' id='word_1_801' title='bbox 1628 3016 1728 3050; x_wconf 86' lang='lat' dir='ltr'><em>enim</em></span> <span class='ocrx_word' id='word_1_802' title='bbox 1746 3015 1935 3065; x_wconf 82' lang='lat' dir='ltr'><em>legatione</em></span> <span class='ocrx_word' id='word_1_803' title='bbox 1948 3018 2164 3068; x_wconf 80' lang='lat' dir='ltr'><em>fungimur.</em></span> <span class='ocrx_word' id='word_1_804' title='bbox 2182 3012 2256 3040; x_wconf 63' lang='lat'><em>&#39;³⁰¹¹&#39;</em></span> <span class='ocrx_word' id='word_1_805' title='bbox 2279 3012 2306 3041; x_wconf 52' lang='lat'><em>6&gt;</em></span> <span class='ocrx_word' id='word_1_806' title='bbox 2321 3011 2351 3051; x_wconf 62' lang='grc' dir='ltr'><em>[Ι-</em></span> 
     </span>
     <span class='ocr_line' id='line_1_98' title="bbox 1186 3071 2365 3128; baseline 0.008 -20"><span class='ocrx_word' id='word_1_807' title='bbox 1186 3072 1250 3108; x_wconf 88' lang='lat' dir='ltr'><em>Est</em></span> <span class='ocrx_word' id='word_1_808' title='bbox 1269 3081 1301 3109; x_wconf 88' lang='lat' dir='ltr'><em>et</em></span> <span class='ocrx_word' id='word_1_809' title='bbox 1321 3072 1513 3109; x_wconf 75' lang='lat' dir='ltr'><em>advocatus</em></span> <span class='ocrx_word' id='word_1_810' title='bbox 1549 3071 1645 3123; x_wconf 81' lang='lat' dir='ltr'><em>apud</em></span> <span class='ocrx_word' id='word_1_811' title='bbox 1672 3073 1837 3111; x_wconf 81' lang='lat' dir='ltr'><em>Patrem:</em></span> <span class='ocrx_word' id='word_1_812' title='bbox 1855 3089 1935 3112; x_wconf 80' lang='lat' dir='ltr'><em>nam</em></span> <span class='ocrx_word' id='word_1_813' title='bbox 1966 3077 2164 3128; x_wconf 77' lang='lat' dir='ltr'><em>Supplicat</em></span> <span class='ocrx_word' id='word_1_814' title='bbox 2182 3082 2211 3101; x_wconf 77' lang='lat'><em>2·</em></span> <span class='ocrx_word' id='word_1_815' title='bbox 2235 3075 2305 3103; x_wconf 62' lang='grc' dir='ltr'><em>ΕΘΓ·</em></span> <span class='ocrx_word' id='word_1_816' title='bbox 2334 3074 2365 3103; x_wconf 83' lang='grc'><em>5·</em></span> 
     </span>
     <span class='ocr_line' id='line_1_99' title="bbox 1183 3123 2366 3192; baseline 0.008 -24"><span class='ocrx_word' id='word_1_817' title='bbox 1183 3145 1253 3182; x_wconf 84' lang='lat' dir='ltr'><em>pro</em></span> <span class='ocrx_word' id='word_1_818' title='bbox 1273 3134 1393 3169; x_wconf 86' lang='lat' dir='ltr'><em>nobis.</em></span> <span class='ocrx_word' id='word_1_819' title='bbox 1413 3132 1478 3169; x_wconf 84' lang='lat' dir='ltr'><em>Est</em></span> <span class='ocrx_word' id='word_1_820' title='bbox 1496 3141 1530 3170; x_wconf 90' lang='lat' dir='ltr'><em>et</em></span> <span class='ocrx_word' id='word_1_821' title='bbox 1556 3132 1682 3169; x_wconf 88' lang='lat' dir='ltr'><em>domus</em></span> <span class='ocrx_word' id='word_1_822' title='bbox 1701 3142 1734 3170; x_wconf 83' lang='lat' dir='ltr'><em>et</em></span> <span class='ocrx_word' id='word_1_823' title='bbox 1754 3133 1879 3185; x_wconf 86' lang='lat' dir='ltr'><em>hospes</em></span> <span class='ocrx_word' id='word_1_824' title='bbox 1893 3151 1900 3170; x_wconf 78' lang='grc' dir='ltr'>ε</span> <span class='ocrx_word' id='word_1_825' title='bbox 1914 3136 1986 3181; x_wconf 86' lang='lat' dir='ltr'><em>Qui</em></span> <span class='ocrx_word' id='word_1_826' title='bbox 2006 3137 2100 3174; x_wconf 84' lang='lat' dir='ltr'><em>enim</em></span> <span class='ocrx_word' id='word_1_827' title='bbox 2116 3140 2164 3175; x_wconf 90' lang='lat' dir='ltr'><em>In</em></span> <span class='ocrx_word' id='word_1_828' title='bbox 2180 3123 2296 3182; x_wconf 58' lang='lat' dir='ltr'><em>liomss</em></span> <span class='ocrx_word' id='word_1_829' title='bbox 2313 3156 2366 3192; x_wconf 68' lang='lat'><em>34,</em></span> 
     </span>
     <span class='ocr_line' id='line_1_100' title="bbox 1187 3194 2364 3244; baseline 0.008 -15"><span class='ocrx_word' id='word_1_830' title='bbox 1187 3207 1246 3230; x_wconf 87' lang='lat' dir='ltr'><em>me</em></span> <span class='ocrx_word' id='word_1_831' title='bbox 1268 3202 1411 3239; x_wconf 84' lang='lat' dir='ltr'><em>manet,</em></span> <span class='ocrx_word' id='word_1_832' title='bbox 1437 3202 1473 3230; x_wconf 87' lang='lat' dir='ltr'><em>et</em></span> <span class='ocrx_word' id='word_1_833' title='bbox 1504 3206 1571 3244; x_wconf 84' lang='lat' dir='ltr'><em>ego</em></span> <span class='ocrx_word' id='word_1_834' title='bbox 1599 3196 1640 3229; x_wconf 85' lang='lat' dir='ltr'><em>in</em></span> <span class='ocrx_word' id='word_1_835' title='bbox 1658 3194 1739 3230; x_wconf 88' lang='lat' dir='ltr'><em>illo.</em></span> <span class='ocrx_word' id='word_1_836' title='bbox 1757 3194 1820 3232; x_wconf 89' lang='lat' dir='ltr'><em>Est</em></span> <span class='ocrx_word' id='word_1_837' title='bbox 1849 3205 1882 3233; x_wconf 90' lang='lat' dir='ltr'><em>ct</em></span> <span class='ocrx_word' id='word_1_838' title='bbox 1910 3197 2068 3235; x_wconf 83' lang='lat' dir='ltr'><em>amicus:</em></span> <span class='ocrx_word' id='word_1_839' title='bbox 2091 3200 2165 3237; x_wconf 84' lang='lat' dir='ltr'><em>Vos</em></span> <span class='ocrx_word' id='word_1_840' title='bbox 2181 3196 2364 3233; x_wconf 69' lang='lat' dir='ltr'><em>s⁰“&#39;¹·⁶·57·</em></span> 
     </span>
    </p>
   </div>
   <div class='ocr_carea' id='block_1_11' title="bbox 1187 3236 2349 3309">
    <p class='ocr_par' dir='ltr' id='par_1_31' title="bbox 1187 3236 2349 3309">
     <span class='ocr_line' id='line_1_101' title="bbox 1187 3236 2349 3309; baseline 0.005 -18"><span class='ocrx_word' id='word_1_841' title='bbox 1187 3257 1304 3292; x_wconf 82' lang='lat' dir='ltr'><em>amici</em></span> <span class='ocrx_word' id='word_1_842' title='bbox 1324 3257 1398 3292; x_wconf 89' lang='lat' dir='ltr'><em>mei</em></span> <span class='ocrx_word' id='word_1_843' title='bbox 1414 3255 1502 3292; x_wconf 80' lang='lat' dir='ltr'><em>estis</em></span> <span class='ocrx_word' id='word_1_844' title='bbox 1515 3269 1532 3302; x_wconf 89' lang='lat'><em>;</em></span> <span class='ocrx_word' id='word_1_845' title='bbox 1547 3262 1580 3292; x_wconf 86' lang='lat' dir='ltr'><em>et</em></span> <span class='ocrx_word' id='word_1_846' title='bbox 1595 3254 1880 3308; x_wconf 74' lang='lat' dir='ltr'><em>fundamentum,</em></span> <span class='ocrx_word' id='word_1_847' title='bbox 1898 3266 1930 3294; x_wconf 84' lang='lat' dir='ltr'><em>et</em></span> <span class='ocrx_word' id='word_1_848' title='bbox 1946 3258 2038 3309; x_wconf 78' lang='lat' dir='ltr'><em>lapis</em></span> <span class='ocrx_word' id='word_1_849' title='bbox 2057 3272 2166 3309; x_wconf 78' lang='lat' dir='ltr'><em>angu-</em></span> <span class='ocrx_word' id='word_1_850' title='bbox 2182 3242 2210 3263; x_wconf 46' lang='grc' dir='ltr'><em>εἰ</em></span> <span class='ocrx_word' id='word_1_851' title='bbox 2232 3238 2277 3266; x_wconf 68' lang='lat'><em>&#39;5&#39;</em></span> <span class='ocrx_word' id='word_1_852' title='bbox 2300 3236 2349 3274; x_wconf 66' lang='lat'><em>¹4&#39;</em></span> 
     </span>
    </p>
   </div>
   <div class='ocr_carea' id='block_1_12' title="bbox 1164 3373 2066 3471">
    <p class='ocr_par' dir='ltr' id='par_1_32' title="bbox 1164 3373 2066 3471">
     <span class='ocr_line' id='line_1_102' title="bbox 1164 3373 1363 3417; baseline 0.015 -15"><span class='ocrx_word' id='word_1_853' title='bbox 1164 3383 1197 3414; x_wconf 78' lang='lat' dir='ltr'><em>p,</em></span> <span class='ocrx_word' id='word_1_854' title='bbox 1217 3375 1291 3412; x_wconf 76' lang='lat'><em>(399,</em></span> <span class='ocrx_word' id='word_1_855' title='bbox 1308 3373 1363 3417; x_wconf 81' lang='lat' dir='ltr'><em>E.]</em></span> 
     </span>
     <span class='ocr_line' id='line_1_103' title="bbox 1208 3423 2066 3471; baseline 0.003 -15"><span class='ocrx_word' id='word_1_856' title='bbox 1208 3435 1220 3450; x_wconf 62' lang='grc' dir='ltr'>ἃ</span> <span class='ocrx_word' id='word_1_857' title='bbox 1245 3426 1304 3466; x_wconf 72' lang='grc' dir='ltr'><em>[Α.</em></span> <span class='ocrx_word' id='word_1_858' title='bbox 1321 3426 1454 3457; x_wconf 78' lang='lat' dir='ltr'><em>inverso</em></span> <span class='ocrx_word' id='word_1_859' title='bbox 1472 3423 1587 3456; x_wconf 73' lang='lat' dir='ltr'><em>Ordine</em></span> <span class='ocrx_word' id='word_1_860' title='bbox 1605 3430 1705 3462; x_wconf 60' lang='grc' dir='ltr'>κακίας</span> <span class='ocrx_word' id='word_1_861' title='bbox 1722 3430 1829 3467; x_wconf 55' lang='grc' dir='ltr'>ἔλεγεν,</span> <span class='ocrx_word' id='word_1_862' title='bbox 1848 3432 1919 3470; x_wconf 66' lang='grc' dir='ltr'>ἔργα</span> <span class='ocrx_word' id='word_1_863' title='bbox 1937 3430 2066 3471; x_wconf 41' lang='grc' dir='ltr'>ἕρκεα]</span> 
     </span>
    </p>
   </div>
  </div>
 </body>
</html>
