2502 3810
705 267 748 295 1Ν
785 265 926 295 1111151.
968 262 1025 294 ΑΒ
1061 262 1169 292 Rom.
1208 260 1363 291 nomn„
1402 258 1498 290 xiv.
2059 239 2152 299 645

83 346 234 397 δομένων
269 347 405 398 δωρεῶν
445 345 652 397 διαλεχθεὶς,
692 346 751 384 καὶ
787 344 915 391 δείξας,
952 347 1005 383 ὅτι
1038 342 1097 380 καὶ
1166 340 1345 391 dissetque
1359 340 1435 392 jam
1453 352 1516 376 nos
1532 336 1708 390 primitias
1726 335 1886 388 ipsorum
1904 335 2097 387 accepisse3
2117 344 2157 372 ut

81 405 244 458 ἀπαρχὴν
258 406 395 444 ἐκείνων
413 406 581 456 ἐλάὸομεν
594 409 662 443 τῶν
680 407 828 457 ἀγαθῶν,
842 405 898 442 ἵνα
916 404 964 455 μὴ
982 403 1097 442 πάντα
1167 415 1210 439 ne
1225 401 1342 439 omnia
1362 401 1421 438 hie
1440 412 1729 450 quaeramus‚neu
1748 396 1971 434 nobilitatem
1985 405 2155 442 nostram,

81 469 228 504 ἐνταῦθα
253 468 411 517 ζητῶμεν
434 466 493 504 καὶ
512 466 573 513 τὴν
600 466 771 517 εὐγένειαν
791 469 892 516 ἡμῶν
913 466 1095 516 προδῶμεν
1166 476 1274 512 quam
1309 476 1354 498 ex
1385 460 1456 498 fide
1491 459 1705 511 accepimus,
1736 457 1941 511 prodamus,
1978 457 2027 495 ait
2053 472 2061 493 :
2084 457 2156 508 Spe

80 528 143 575 τὴν
168 528 236 566 ἀπὸ
251 531 313 574 τῆς
332 528 503 575 πίστεως,
528 527 633 580 φησί·
657 530 712 579 Τῇ
733 527 799 579 γὰρ
830 526 944 564 ἐλπίδι
963 525 1099 571 ἐσώθη-
1169 525 1272 560 enim
1303 522 1406 559 salvi
1425 522 1527 572 faeti
1566 533 1696 558 sumus
1721 534 1732 555 .·
1755 518 1793 556 id
1829 527 1894 563 est,
1922 531 1991 555 non
2020 527 2158 569 oportet

84 604 158 639 μεν.
184 587 233 626 ιῸ
264 587 299 626 δὲ
327 588 439 639 λέγει,
456 588 607 627 τοιοῦτόν
622 590 715 625 ἐστιν
733 603 741 611 ·
765 589 801 626 οὐ
823 589 873 624 δεῖ
905 586 1020 624 πάντα
1040 586 1098 622 ἐν-
1120 588 1146 618 D
1169 582 1287 620 omnia
1303 582 1362 619 hie
1382 595 1552 632 quaerere,
1586 580 1646 618 sed
1673 593 1827 632 sperare.
1849 579 1927 616 Hoc
1942 578 2036 616 enim
2051 578 2156 615 dum-

81 651 189 685 ταῦθα
217 650 343 695 ζητεῖν,
367 647 455 686 ἀλλὰ
483 649 541 686 καὶ
567 648 729 692 ἐλπίζειν.
755 650 868 685 Τοῦτο
896 646 963 697 γὰρ
996 644 1098 695 μόνον
1171 652 1270 681 taxat
1289 643 1421 681 donum
1439 644 1514 679 Deo
1535 641 1744 689 obtulimus,
1763 641 1861 691 quod
1879 640 2063 678 credamus
2089 637 2159 692 ipsi

82 708 330 760 εἰσηνέγκαμεν
352 712 401 760 τῷ
420 711 502 760 Θεῷ
522 709 559 746 τὸ
582 710 690 761 δῶρον
705 739 714 756 ,
743 708 781 746 τὸ
800 712 985 746 πιστεῦσαι
1005 707 1098 757 αὐτῷ
1173 704 1293 741 futura
1316 702 1550 755 promittenti,
1589 710 1623 739 et
1650 701 1718 738 hae
1738 701 1854 739 solum
1883 701 1943 739 via
1963 700 2055 740 salvi
2074 700 2159 738 facti

80 768 125 806 τὰ
148 769 319 819 μέλλοντα
339 770 644 821 ἐπαγγειλαμένῳ,
671 769 729 807 καὶ
758 769 814 807 διὰ
842 767 970 813 ταύτης
997 767 1098 817 μόνον
1175 780 1310 803 511111115.
1335 766 1373 804 Si
1395 779 1478 816 ergo
1509 764 1609 801 illam
1630 763 1836 815 perdamus,
1859 773 1971 802 totam
2006 764 2158 802 oblatio-

82 829 260 880 ἐσώθημεν
280 833 342 876 τῆς
357 829 525 868 ὃδοῦ..Ἂν
545 831 655 867 τοίνυν
682 828 788 874 αὐτὴν
806 827 1045 875 ἀπολέσωμεν,
1061 825 1100 863 τὸ
1174 840 1259 863 nemv
1274 835 1428 863 nostram
1448 825 1644 863 amisimus.
1661 823 1844 874 Interrogo
1858 825 1951 862 enim
1968 834 2016 875 te,
2027 825 2157 875 inquit,

82 897 150 928 πᾶν
167 893 228 936 τῆς
249 892 420 943 ἡμετέρας
437 893 596 942 εἰσφορᾶς
613 884 855 938 ἀπωλέσαμεν.
873 887 1017 938 Ἐρωτῶ
1033 885 1099 936 γάρ
1174 899 1290 923 nonne
1308 886 1501 924 innumeris
1521 884 1698 922 obnoxius
1713 898 1788 921 eras
1810 885 1941 921 malis?
1961 899 2076 922 nonne
2091 885 2158 922 de-

83 967 139 998 σε,
160 951 276 1003 φησὶν,
304 952 381 1003 οὐχὶ
416 951 546 1002 μυρίων
577 949 759 992 ὑπεύθυνος
784 943 825 994 ἧς
855 950 991 992 κακῶν,
1021 944 1100 996 οὐχὶ
1175 947 1480 997 ploratus?nonne
1497 947 1675 984 sententiae
1687 947 1892 997 subjectus?
1909 961 2025 985 annon
2039 962 2159 985 omnes

83 1012 366 1063 ἀπεγνωσμένος,
406 1011 484 1062 οὐχὶ
520 1009 692 1061 ἀποφάσει
735 1007 980 1055 ὑποκείμενος,
1022 1003 1100 1056 οὐχὶ
1175 1006 1283 1044 51111111
1311 1007 1461 1044 salutem
1480 1006 1547 1043 tibi
1584 1005 1765 1043 restituere
1792 1006 1925 1043 frustra
1955 1008 2161 1045 tentabant?

81 1072 206 1115 πάντες
225 1071 366 1117 ἠτόνουν
386 1072 471 1122 πρὸς
487 1070 549 1117 τὴν
579 1068 752 1120 σωτηρίαν
773 1068 834 1115 τὴν
866 1067 950 1113 σήν,
980 1064 1014 1103 τί
1041 1059 1098 1102 οὖν
1175 1066 1262 1117 quid
1291 1081 1374 1118 ergo
1391 1076 1425 1105 te
1440 1068 1580 1105 salvum
1600 1067 1707 1104 fecit?
1729 1068 1816 1118 Spes
1846 1067 1883 1104 in
1917 1068 2035 1104 Deum
2070 1068 2157 1113 sola,

81 1148 118 1170 σε
141 1132 273 1178 ἔσωσε,
301 1132 352 1169 Τὸ
382 1133 430 1173 εἷς
452 1132 508 1169 τὸν
537 1130 626 1169 Θεὸν
656 1129 797 1167 ἐλπίσαι
817 1128 932 1178 μόνον,
953 1126 1013 1165 καὶ
1039 1141 1100 1163 πι-
1174 1137 1207 1165 et
1227 1128 1322 1179 quod
1341 1128 1449 1166 fidem
1463 1129 1594 1166 habeas
1614 1128 1681 1180 ipsi
1710 1142 1775 1179 pro
1809 1128 1865 1176 iis,
1885 1142 1962 1178 quae
1996 1129 2161 1180 promisit

80 1196 222 1230 στεῧσαι
251 1194 344 1244 αὐτῷ
368 1192 448 1244 περὶ
466 1186 512 1229 ὧν
543 1190 774 1242 ἐπηγγείλατο
797 1189 856 1227 καὶ
885 1188 1009 1233 ἔδωκε,
1041 1185 1099 1224 καὶ
1174 1197 1207 1226 et
1233 1189 1347 1239 dedit,
1379 1199 1413 1226 et
1430 1189 1522 1226 nihil
1541 1188 1639 1226 aliud
1672 1188 1893 1226 offerendum
1913 1189 2083 1227 habuisti.
2120 1189 2159 1227 Si

79 1252 184 1290 πλέον
212 1252 306 1291 Οὐδὲν
338 1253 437 1304 ἔσχες
469 1255 688 1303 εἰσενεγκεῖν.
720 1252 764 1288 Εἰ
795 1250 908 1288 τοίνυν
941 1249 1025 1295 αὕτη
1060 1263 1098 1285 σε
1122 1249 1147 1278 Ε
1173 1250 1251 1288 haec
1268 1250 1377 1301 igitur
1398 1250 1484 1287 fides
1503 1259 1537 1287 te
1556 1250 1695 1287 salvum
1714 1249 1810 1297 fecit,
1838 1249 1930 1286 hane
1945 1259 1978 1287 et
1999 1263 2092 1287 nunc
2106 1265 2158 1288 re-

81 1314 208 1361 ἔσωσε,
227 1314 357 1360 ταύτην
378 1313 505 1365 κάτεχε
531 1313 590 1350 καὶ
615 1317 682 1350 νῦν.
709 1311 754 1349 Ἡ
773 1311 839 1363 γὰρ
866 1309 1018 1348 τοσαῦτά
1045 1324 1098 1347 σοι
1171 1311 1255 1350 tine.
1271 1312 1358 1358 Quae
1371 1312 1465 1349 enim
1486 1320 1536 1348 tot.
1562 1310 1626 1348 tibi
1647 1310 1797 1347 contulit
1819 1310 1926 1357 bona,
1951 1310 2015 1347 tibi
2032 1312 2160 1362 procul

79 1374 440 1425 παρασχοῦσαάγαθὰ
455 1402 465 1421 ,
486 1374 627 1420 εὔδηλον
653 1374 706 1411 ὅτι
734 1373 810 1411 οὐδὲ
828 1372 908 1423 περὶ
926 1375 995 1409 τῶν
1017 1372 1098 1421 μελ·
1171 1373 1282 1410 dubio
1303 1373 1396 1410 circa
1414 1373 1534 1409 futura
1558 1386 1629 1409 non
1662 1371 1864 1408 mentietur.
1899 1372 1952 1409 Ea
1967 1372 2060 1409 enim
2081 1387 2159 1422 qua:

79 1435 210 1473 λόντων
231 1451 267 1473 σε
287 1435 461 1487 ψεύσεται.
482 1435 596 1473 εὈτι-ου
626 1434 691 1485 γὰρ
712 1433 831 1487 νεκρὸν
849 1432 1006 1470 λαὸοῧσα
1038 1430 1097 1469 καὶ
1171 1443 1366 1483 mortuum,
1391 1433 1587 1486 perditum7
1602 1433 1784 1484 captivum
1803 1442 1835 1470 et
1855 1422 2055 1480 inimieum,
2073 1435 2160 1472 ami-

81 1497 288 1535 ἀπολωλότα
303 1497 361 1534 καὶ
379 1498 601 1548 αἰχμάλωτον
617 1496 675 1533 καὶ
690 1495 824 1547 ἐχθρὸν,
841 1493 938 1545 φίλον
955 1493 1097 1538 ἐποίησε
1150 1504 1253 1534 “011111
1272 1497 1401 1545 effecit,
1430 1497 1562 1544 filium,
1590 1496 1758 1545 liberum,
1786 1496 1922 1547 justum
1954 1506 1987 1534 et
2021 1484 2160 1534 cohere-

81 1557 139 1594 καὶ
159 1558 228 1596 υἱὸν
263 1558 322 1596 καὶ
352 1558 526 1608 ἐλεύθερον
548 1557 606 1595 καὶ
627 1556 755 1594 δίκαιον
782 1555 840 1593 καὶ
864 1553 1099 1606 συγκληρονό-
1171 1555 1273 1603 (10111,
1307 1555 1445 1606 ipsique
1472 1563 1568 1592 tanta
1605 1553 1773 1605 praebuit,
1808 1563 1939 1604 quanta
1962 1568 2160 1605 numquam

82 1634 158 1667 μον,
185 1618 244 1656 καὶ
276 1623 430 1656 τοσαῦτα
449 1618 639 1670 παρέσχεν,
670 1617 734 1655 ὅσα
755 1615 842 1667 μηδὲ
862 1613 1100 1667 προσεδόκησέ
1172 1614 1251 1664 quis
1266 1613 1560 1665 exspectavisset:
1580 1611 1757 1662 quomodo
1785 1621 1863 1663 post
1879 1621 2012 1649 tantam
2032 1613 2160 1650 libera-

80 1678 131 1721 τίς
150 1694 250 1717 ποτε·
279 1681 352 1722 πῶς
372 1679 458 1728 μετὰ
478 1678 540 1725 τὴν
568 1678 739 1724 τοσαύτην
760 1675 956 1728 φιλοτιμίαν
976 1691 1013 1713 τε
1039 1674 1097 1713 καὶ
1170 1675 1310 1714 litatem
1337 1683 1370 1711 et
1403 1673 1701 1720 benevolentiam,
1724 1682 1757 1710 te
1771 1688 1840 1711 non
1862 1674 2025 1711 admittet
2044 1674 2078 1711 in
2098 1675 2160 1711 fu-

79 1740 275 1777 “otxeiwcw
293 1742 330 1777 οὐ
348 1739 563 1792 προσήσεταί
585 1755 622 1776 σε
652 1740 686 1776 ἐν
706 1744 776 1780 τοῖς
796 1737 892 1784 ἑξῆς,
909 1736 970 1783 Μὴ
985 1735 1096 1773 τοίνυν
1171 1734 1285 1772 turis?
1309 1736 1359 1772 Ne
1372 1734 1483 1785 igitur
1499 1733 1587 1771 mihi
1608 1733 1718 1782 dieas,
1749 1735 1886 1771 Rursus
1913 1748 2007 1785 spes,
2035 1748 2159 1771 rursus

79 1815 138 1850 μοι
157 1801 254 1850 λέγε,
284 1802 389 1838 πάλιν
407 1800 564 1846 ἐλπίδες,
592 1799 697 1846 πάλιν
726 1798 954 1851 προσδοκίαι,
991 1797 1096 1835 πάλιν
1172 1795 1463 1847 exspectationes,
1487 1808 1610 1832 rursus
1642 1794 1741 1832 fides.
1762 1795 1815 1831 lta
1835 1794 1929 1831 enim
1948 1809 1967 1831 a
1981 1795 2158 1847 principio

76 1860 205 1903 πίστις.
231 1859 335 1898 Οὕτω
359 1860 425 1913 γὰρ
446 1861 480 1905 ἐξ
498 1864 608 1913 ἀρχῆς
627 1860 781 1907 ἐσώθης,
804 1859 862 1897 καὶ
886 1858 1017 1903 ταύτην
1034 1857 1096 1904 τὴν
1110 1890 1157 1913 585
1171 1858 1291 1896 salvus
1307 1858 1418 1895 factus
1434 1871 1480 1906 es,
1495 1866 1528 1894 et
1546 1856 1637 1894 hanc
1658 1856 1775 1894 dotem
1789 1870 1916 1908 sponso
1936 1857 2046 1894 solam
2062 1866 2158 1894 attu-

75 1927 203 1972 προῖκα
221 1922 423 1972 εἰσήνεγκας
438 1925 488 1974 τῷ
504 1921 641 1973 νυμφίῳ
662 1920 780 1970 μόνον.
814 1919 952 1970 Κάτεχε
984 1917 1096 1956 τοίνυν
1122 1926 1147 1954 Α
1171 1919 1257 1958 listi.
1277 1919 1403 1956 Retine
1418 1918 1517 1956 illam
1536 1927 1569 1956 et
1590 1932 1769 1956 conserva.
1785 1918 1822 1955 Si
1844 1919 1939 1955 enim
1962 1918 2022 1955 hic
2039 1918 2158 1956 omnia

77 1981 183 2029 αὐτὴν
210 1982 269 2020 καὶ
289 1983 457 2035 διατήρει.
475 1980 534 2020 Ἂν
555 1982 621 2035 γὰρ
642 1984 786 2019 ἐνταῦθα
812 1979 927 2018 πάντα
947 1981 1097 2026 ἀπαιτῇς
1170 1980 1342 2031 requiras,
1361 1990 1453 2018 recte
1465 1981 1598 2017 sactum
1617 1989 1720 2016 tuum
1732 1979 1896 2028 amisisti,
1920 1993 1940 2016 a
1959 1994 2028 2029 quo
2040 1980 2158 2031 splen-

77 2042 262 2087 ἀπώλεσοίς
276 2059 336 2082 σου
357 2044 394 2082 τὸ
415 2043 627 2095 κατόρθωμα
641 2073 650 2090 ,
674 2043 716 2079 δι’
736 2035 773 2079 οῧ
791 2041 951 2092 λαμπρὸς
968 2039 1096 2090 ἐγένου.
1168 2041 1274 2079 didus
1293 2042 1438 2079 effectus
1465 2055 1511 2079 es.
1525 2040 1610 2078 Ideo
1638 2040 1714 2077 haec
1740 2039 1926 2091 subjungit
1945 2055 1952 2075 ε
1972 2041 2062 2091 Spes
2083 2054 2157 2083 au-

76 2103 140 2141 Διὸ
165 2104 223 2141 καὶ
252 2104 375 2156 ἐπάγει
400 2104 532 2155 λέγων·
567 2103 692 2146 Ἐλπὶς
720 2102 754 2141 δὲ
786 2100 982 2153 βλεπομένη
996 2130 1005 2146 ,
1036 2102 1096 2138 οὐκ
1170 2110 1245 2139 tem
1261 2116 1345 2154 qzcoe
1361 2103 1530 2148 videtur,
1555 2115 1632 2139 non
1651 2110 1705 2139 est
1719 2114 1802 2152 spes
1825 2116 1835 2136 :
1863 2115 1953 2138 nam
1967 2102 2072 2152 quod
2088 2104 2156 2138 vi-

76 2164 169 2203 ἔστιν
187 2165 282 2209 ἐλπίς
297 2182 303 2189 ·
321 2167 338 2204 ὃ
356 2166 423 2217 γὰρ
446 2165 566 2216 βλέπει
582 2181 634 2208 τις
649 2195 658 2213 ,
677 2165 710 2202 τί
729 2164 788 2201 καὶ
804 2163 953 2208 ἐλπίζει,
969 2164 1014 2201 Εἰ
1029 2161 1096 2199 δὲὸ
1170 2164 1234 2200 det
1253 2166 1350 2214 quis,
1376 2176 1445 2199 cur
1458 2171 1493 2199 et
1512 2170 1635 2213 speret
1647 2165 1663 2197 .³
1678 2161 1736 2198 95.
1755 2161 1796 2198 Si
1813 2169 1941 2198 autem
1962 2162 2065 2212 quod
2081 2174 2157 2198 non

76 2227 114 2262 οὒ
137 2225 324 2276 βλέπομεν,
341 2227 540 2276 ἐλπίζομεν,
560 2227 602 2263 δι’
620 2228 796 2276 ὑπομονῆς
815 2223 1094 2275 ἀπεκδεχόμεθα.
1171 2225 1362 2269 videmus,
1386 2236 1596 2274 speramus,
1618 2223 1659 2258 id
1679 2235 1749 2272 per
1775 2224 2006 2272 patientiam
2027 2236 2157 2273 exspe-

75 2287 281 2325 Τουτέστιν·
317 2289 346 2325 εἰ
383 2287 497 2326 πάντα
529 2290 677 2325 ἐνταῦθα
713 2286 849 2338 μέλλεις
886 2287 1011 2332 ζητεῖν,
1045 2284 1097 2328 τίς
1170 2293 1333 2322 ctamzcs.
1356 2282 1400 2320 ld
1435 2292 1495 2331 est,
1517 2282 1555 2320 Si
1576 2281 1694 2320 omnia
1716 2282 1776 2318 hic
1795 2296 1944 2332 quaeras,
1967 2281 2055 2332 quid
2093 2297 2153 2334 spe

75 2347 177 2399 χρεία
198 2348 350 2394 ἐλπίδος,
373 2348 419 2386 Τί
437 2342 493 2386 οῧν
510 2349 602 2385 ἐστιν
619 2350 640 2393 ἡ
665 2347 777 2394 ἐλπίς,
791 2347 844 2384 Τὸ
860 2351 929 2389 τοῖς
950 2344 1095 2396 μέλλου-
1171 2347 1285 2398 opus?
1302 2346 1402 2394 Quid
1421 2346 1530 2396 igitur
1543 2354 1594 2382 est
1618 2343 1720 2396 spes?
1745 2345 1798 2381 De
1816 2343 1945 2380 futuris
1962 2343 2152 2381 confidere.

77 2423 110 2445 σι
133 2410 281 2460 θαῤῥεῖν.
299 2408 346 2447 Τί
365 2409 431 2460 γὰρ
455 2408 545 2460 μέγα
567 2409 655 2446 αἰτεῖ
674 2408 770 2460 παρὰ
794 2412 853 2445 σοῦ
870 2409 886 2444 ὃ
905 2407 1013 2454 Θεὸς,
1033 2407 1096 2443 αὖ·
1171 2407 1269 2454 Quid
1286 2408 1379 2445 enim
1408 2406 1528 2458 magni
1547 2406 1610 2443 abs
1629 2415 1662 2443 te
1678 2405 1832 2457 postulat
1847 2405 1956 2454 Deus,
1977 2404 2037 2454 qui
2056 2418 2101 2442 ex
2121 2419 2156 2442 se

74 2468 131 2511 τὸς
159 2469 333 2522 ὁλόκληρα
365 2470 494 2508 οἴκοθεν
527 2469 638 2512 διδοὺς
663 2469 707 2506 τὰ
739 2468 875 2520 ἀγαθοί,
905 2467 971 2506 ιῈν
1005 2469 1095 2505 αἰτεῖ
1169 2469 1236 2507 tibi
1264 2468 1382 2506 omnia
1412 2468 1561 2519 largitus
1585 2476 1635 2504 est
1663 2466 1780 2504 dona?
1807 2467 1927 2503 Unum
1951 2465 2013 2502 abs
2032 2474 2066 2502 te
2084 2480 2154 2516 po—

76 2527 172 2580 παρὰ
191 2533 249 2566 σοῦ
267 2530 381 2579 μόνον,
395 2530 538 2577 ἐλπίδα,
559 2530 615 2568 ἵνα
629 2530 712 2582 ἔχῃς
723 2546 757 2567 τι
776 2530 836 2567 καὶ
847 2529 946 2572 αὐτὸς
966 2544 1095 2567 συνεισ-
1170 2531 1278 2568 stulat
1299 2530 1426 2578 solum,
1446 2543 1556 2580 spem,
1590 2537 1631 2565 ut
1664 2528 1769 2565 etiam
1798 2525 1987 2578 quidpiam
2011 2526 2155 2572 habeas,

76 2593 224 2638 ενεγκεῖν
246 2592 293 2632 εἷς
311 2589 372 2636 τὴν
390 2590 451 2637 σὴν
471 2590 644 2642 σωτηρίαν
658 2607 665 2614 ·
687 2590 771 2642 ὅπερ
790 2585 846 2627 οῧν
867 2589 926 2626 καὶ
946 2588 1094 2627 αἷνιττό-
1171 2590 1265 2640 quod
1285 2590 1330 2627 ad
1347 2591 1495 2628 salutem
1515 2598 1613 2626 tuam
1629 2588 1785 2625 conferas
1802 2602 1810 2622 τ
1830 2586 1926 2636 quod
1946 2586 2007 2622 ille
2025 2585 2154 2623 subin—

77 2664 176 2698 μενος
197 2649 384 2701 ἐπήγαγεν,
399 2653 442 2689 Εἰ
460 2650 495 2689 δὲ
514 2652 531 2690 ὃ
550 2654 587 2689 οὐ
615 2651 802 2702 βλέπομεν,
831 2650 1027 2700 ἐλπίζομεν,
1051 2650 1093 2687 δι’
1118 2651 1142 2680 Β
1169 2651 1292 2689 dicans
1329 2648 1473 2688 intulit:
1496 2649 1536 2687 Si
1568 2656 1698 2684 autem
1727 2646 1831 2697 quod
1858 2659 1935 2681 non
1956 2646 2149 2694 videmus,

76 2711 252 2759 ὑπομονῆς
281 2713 557 2763 ἀπεκδεχόμεθα.
581 2712 721 2763 (Ὠσπερ
749 2710 815 2763 γὰρ
835 2710 892 2749 τὸν
924 2714 1094 2748 πονοῦντα
1169 2725 1381 2762 speramus,
1427 2710 1468 2746 id
1505 2722 1574 2760 per
1604 2709 1836 2759 patientiam
1869 2715 2149 2757 exspectamus.

75 2769 134 2806 καὶ
148 2771 434 2822 ταλαιπωροῦντα
448 2772 507 2809 καὶ
522 2772 628 2824 μυρία
644 2771 820 2823 κάμνοντα
831 2802 840 2819 ,
858 2771 947 2809 οὕτω
961 2770 1020 2809 καὶ
1037 2771 1094 2808 τὸν
1169 2773 1260 2809 Nam
1284 2780 1322 2808 ut
1334 2771 1552 2807 laborantem
1565 2767 1601 2804 in
1619 2766 1762 2804 miseria
1783 2775 1815 2803 et
1834 2765 1932 2803 mille
1950 2765 2054 2803 malis
2070 2780 2152 2805 ver-

74 2830 257 2875 ἐλπίζοντα
278 2835 295 2869 ὁ
320 2832 409 2876 Θεὸς
440 2840 623 2885 στεφανοῖ’
656 2833 694 2872 τὸ
722 2833 790 2886 γὰρ
822 2837 885 2879 τῆς
915 2834 1092 2883 ὑπομονῆς
1170 2841 1316 2879 santem,
1335 2830 1384 2868 sic
1400 2838 1597 2881 sperantem
1613 2829 1710 2865 Deus
1736 2836 1906 2864 coronat:
1927 2825 2055 2863 etenim
2081 2841 2150 2878 pa-

75 2890 184 2941 ὄνομα
216 2891 368 2945 ἱδρώτων
399 2894 490 2932 ἐστὶν
508 2894 616 2945 ὄνομα
650 2894 710 2932 καὶ
744 2893 928 2947 καρτερίας
949 2895 1092 2939 πολλῆς.
1169 2892 1301 2930 tientiae
1330 2904 1469 2938 nomen,
1489 2889 1660 2927 sudorum
1688 2902 1815 2925 nomen
1835 2897 1886 2925 est
1906 2896 1939 2924 et
1959 2887 2151 2925 tolerantiae

75 2951 165 2989 Ἀλλ’
187 2952 281 3003 ὅμως
300 2954 488 3006 ἐχαρίσατο
516 2956 576 2992 καὶ
611 2959 710 2993 τοῦτο
740 2958 790 3007 τῷ
820 2955 1016 3003 ἐλπίζοντι,
1038 2955 1093 2992 ἵνα
1170 2955 1306 2992 multae.
1327 2955 1489 2990 Attamen
1509 2952 1576 2988 hoe
1595 2950 1744 3001 largitus
1767 2959 1819 2987 est
1853 2949 2022 3002 speranti,
2045 2958 2083 2986 ut
2098 2949 2150 2986 fa-

74 3014 371 3064 παραμυθῆσητᾱῑ
390 3016 452 3062 τὴν
472 3019 721 3065 ἀποκαμοῧσαν
739 3016 866 3068 ψυχήν.
1167 3016 1350 3053 tiscentem
1374 3013 1529 3051 animam
1551 3011 1801 3049 consolaretur.

129 3073 218 3118 Εἶτα
237 3081 387 3128 δεικνὺς,
413 3082 467 3120 ὅτι
498 3083 582 3135 πρὸς
618 3082 657 3120 τὸ
693 3087 815 3134 κοῦφον
835 3087 933 3120 τοῦτο
962 3083 1094 3128 πολλῆς
1223 3079 1259 3116 7.
1285 3075 1423 3115 Deinde
1443 3074 1625 3112 ostendens
1650 3086 1711 3109 nos
1730 3072 1837 3109 etiam
1858 3072 1904 3109 ad
1923 3070 2018 3109 hunc
2036 3072 2152 3109 levem

78 3141 296 3191 ἀπολαύομεν
325 3143 504 3194 βοηθείας,
535 3144 675 3196 ἐπάγει·
696 3142 876 3185 Ὡσαύτως
904 3141 938 3180 δὲ
972 3142 1031 3180 καὶ
1057 3143 1096 3181 τὸ
1168 3140 1327 3178 laborem
1348 3138 1461 3175 multo
1481 3135 1551 3181 frui
1566 3133 1715 3182 auxilio,
1729 3133 1845 3186 pergit
1861 3149 1868 3169 :
1886 3135 1947 3171 96.
1966 3133 2154 3171 Similiter

76 3203 223 3252 Πνεῦμα
245 3205 604 3255 συναντιλαμὸοίνεται
616 3211 691 3248 ταῖς
705 3203 896 3246 ἀσθενείαις
909 3206 1023 3255 ἡμῶν.
1043 3204 1096 3242 Τὸ
1170 3210 1298 3239 autem
1315 3208 1351 3236 et
1364 3199 1526 3249 Spiritus
1545 3197 1763 3233 auxiliatur
1777 3195 2069 3246 infirmitatibus
2086 3207 2153 3229 no-

79 3263 140 3314 μὲν
164 3263 232 3316 γὰρ
251 3265 383 3316 γίνεται
403 3267 473 3314 σὸν,
495 3267 534 3305 τὸ
553 3270 613 3313 τῆς
634 3269 827 3317 ὑπομονῆς·
843 3265 882 3304 τὸ
903 3265 937 3304 δὲ
957 3269 1019 3312 τῆς
1035 3268 1094 3302 τοῦ
1169 3265 1270 3300 stris.
1290 3259 1399 3297 Aliud
1417 3268 1520 3296 tuum
1538 3266 1603 3306 est,
1626 3270 1751 3307 nempe
1768 3253 1937 3307 patientia
1958 3269 1967 3303 3
1987 3252 2086 3291 aliud
2109 3268 2152 3291 ex

77 3328 281 3378 Πνεύματος
299 3328 485 3380 χορηγίας,
507 3330 552 3371 εἴς
568 3344 606 3366 τε
620 3328 682 3375 τὴν
700 3327 824 3366 ἐλπίδα
844 3343 882 3365 σε
900 3326 1096 3377 ἀλείφοντος
1120 3330 1143 3362 C
1171 3322 1328 3375 Spiritus
1351 3321 1459 3370 dono7
1484 3319 1545 3370 qui
1567 3328 1600 3357 te
1627 3317 1672 3356 ad
1693 3331 1789 3369 spem
1811 3316 1919 3367 acuit,
1943 3325 1976 3353 et
1995 3329 2056 3367 per
2077 3329 2152 3353 eam

124 3449 137 3463 ὃ
160 3439 273 3472 Codex
293 3450 374 3472 unus
392 3445 540 3480 οἰκεὶωτιν,
560 3443 722 3485 wipo-amai
740 3454 780 3473 σε.
