2466 3805
677 267 722 295 ix
756 265 869 296 ACTA
908 264 1194 294 APOSTOLORU
1203 264 1228 291 J}
1241 283 1249 291 .

70 348 256 400 ἀπολογίαν
291 348 376 398 ὑπὲρ
403 349 511 384 αὐτῶν
535 347 728 393 συντίθησιν
751 347 971 399 εὐπρόσωπον
987 377 995 393 ,
1024 345 1080 382 καὶ

69 409 182 459 λέγει·
201 407 254 445 ὅτι
271 407 331 458 μὲν
352 401 409 444 οῦν
429 410 537 460 ἀθῷον
556 410 724 459 ἀνῃρεῖτε,
741 408 856 455 ᾔδειτε
869 422 876 429 ·
898 407 951 445 ὅτι
971 406 1005 444 δὲ
1024 406 1081 443 τὸν

71 469 222 545 ἀρχηγὸν
254 472 315 515 τῆς
339 467 483 515 ζι>ης,”
471 483 550 510 ισι)ς
569 483 669 518 ηγενο
657 474 733 505 ῖτε.
760 468 831 506 Καὶ
850 470 1000 505 ἐντεῦθεν
1021 467 1082 503 οὔκ

69 528 188 572 αὐτους
215 529 335 580 μόνους
362 528 502 580 ἀφίησιν
534 529 786 580 ἐγκλημάτων,
808 528 897 566 ἀλλὰ
926 542 984 565 και
1005 542 1114 581 τους7

67 606 135 628 των
155 605 271 628 κακων
289 589 547 642 ἀρχιτέκτονας.
585 592 629 627 H
646 589 712 641 γὰρ
733 606 773 627 αν
794 587 1082 641 φιλονεικοτερους

70 650 190 694 αὐτους
209 650 387 696 ἐποίησεν,
413 652 445 686 εἴ
467 666 505 701 γε
526 652 572 693 εἰς
588 651 798 702 κατηγορίαν
814 665 871 687 τον
891 649 1024 700 >ci-'gor
1011 647 1044 686 εξ
1031 648 1082 693 τ’,-

68 727 184 762 γαγεν.

68 775 198 822 τηγορῇ
215 801 224 818 ,
254 770 466 822 πειρώμενος
496 772 764 820 ἀπολογεῖσθαι,
789 768 1012 821 σφοδρότερος
1030 767 1084 818 γί-

211 710 277 748 ²²‘0
302 710 368 761 γάρ
386 726 420 747 τι
440 711 547 748 δεινὸν
567 710 818 762 ἐργασάμενος,
846 709 926 747 ὅταν
946 724 998 750 τις
1017 723 1081 745 κα-

68 848 174 870 νεται.
207 831 277 869 Καὶ
303 834 339 869 οὐ
367 831 459 879 λέγει
477 830 616 876 λοιπὸν,
645 831 699 867 ὅτι
719 828 960 881 ἐσταυρώσατε
977 857 986 874 ,
1006 830 1084 878 ἐφο-

68 892 210 929 νεύσατε
223 905 230 913 ·
270 892 362 938 ἀλλ’,
378 889 575 941 Ἐπράξατε
587 917 596 934 ,
629 889 687 926 ἐπὶ
719 888 927 940 συγγνώμην
964 887 1085 930 αὐτοὺς

68 952 174 1002 ἄγων.
213 952 258 988 Εἴ
277 953 399 988 ἐκεῖνοι
415 947 504 986 κατὰ
520 949 675 1000 ἄγνοιαν,
692 950 810 1000 πολλῷ
831 949 960 998 μᾶλλον
978 942 1081 985 οῦτοι·

68 1015 98 1049 εἰ
117 1015 237 1050 ἐκεῖνοι
257 1010 425 1062 ἀφίενται,
446 1010 564 1061 πολλῷ
585 1010 715 1058 μᾶλλον
739 1003 844 1046 οῦτοι.
878 1008 930 1046 Τὸ
951 1007 985 1046 δὲ
1005 1012 1085 1045 θαυ-

69 1073 212 1121 μαστὸν,
229 1072 280 1109 ὅτι
301 1071 359 1109 καὶ
378 1071 449 1108 ἄνω
468 1071 526 1108 καὶ
543 1073 687 1109 ἐνταῦθα
707 1069 826 1117 εἰπὼν,
847 1072 918 1107 ἐκεῖ
933 1070 1008 1120 μὲν,
1027 1072 1082 1121 Τῇ

67 1134 242 1184 ὡρισμένῃ
267 1132 372 1183 βουλῇΙ
394 1131 451 1167 καὶ
471 1130 676 1182 προγνώσει,
693 1133 838 1168 ἐνταῦθα
856 1130 902 1176 δὲ,
924 1129 975 1167 ὃτι
991 1131 1084 1183 Προ-

66 1193 272 1245 κατήγγειλε
313 1199 400 1230 πᾶσι
439 1192 496 1229 τὸν
530 1191 701 1244 Χριστὸν,

66 1254 83 1275 b

747 1192 897 1241 οὐδαμοῦ
932 1191 1084 1244 παράγει

95 1254 297 1306 μαρτυρίαν,
314 1253 400 1291 διότι
417 1252 546 1299 ἑκάστη
569 1255 679 1291 αὐτῶν
699 1252 788 1304 μετὰ
800 1254 938 1291 πολλῶν
955 1247 1084 1304 ἔγκλη-

70 1315 186 1366 μάτων
202 1345 211 1361 ,
234 1315 292 1353 καὶ
316 1318 378 1361 τῆς
397 1314 570 1357 κολάσεως
599 1318 661 1360 τῆς
691 1316 768 1352 κατ’
796 1316 906 1351 αὐτῶν
935 1314 1083 1365 εἴρηται.

69 1376 139 1415 Καὶ
159 1375 270 1424 δώσω,
286 1376 381 1427 φησὶ,
399 1374 476 1418 τοὺς
492 1374 662 1425 πονηροὺς
676 1375 750 1412 ἀντὶ
765 1379 828 1422 τῆς
840 1378 951 1426 ταφῆς
967 1377 1083 1422 αὐτοῦ,

70 1435 128 1475 καὶ
148 1436 224 1479 τοὺς
251 1435 431 1478 πλουσίους
457 1435 533 1473 ἀντὶ
552 1439 612 1473 τοῦ
632 1435 777 1473 θανάτου
798 1438 899 1474 αὐτοῦ
913 1451 920 1458 ·
941 1435 1000 1473 καὶ
1018 1436 1086 1474 πά-

69 1500 140 1542 hv,
168 1496 209 1535 *A
232 1496 526 1548 προκατήγκειλε,
549 1512 655 1548 φησι,
676 1496 732 1534 διὰ
752 1497 924 1546 στόματος
944 1497 1083 1534 πάντων

72 1573 140 1595 των
167 1572 354 1609 προφητων
377 1561 479 1595 παΟεῖ
471 1574 498 1594 ’ν
523 1573 585 1595 αυτ
587 1557 641 1602 ὸν,
661 1557 861 1609 ἐπληρωσεν
880 1557 981 1596 οὕτω.
1012 1559 1085 1595 Με-

71 1618 139 1669 γά)
132 1635 181 1665 ην
206 1617 356 1656 δείκνυσι
381 1617 443 1663 τὴν
465 1617 613 1668 βουλὴν,
637 1616 727 1668 εἴγε
747 1618 874 1662 πάντες
893 1621 994 1656 τοῦτο
1013 1618 1094 1656 {ker

69 1696 145 1730 γον,
165 1680 224 1718 καὶ
243 1681 307 1731 οὐχ
328 1673 373 1723 εἷς
394 1678 505 1726 μόνος.
533 1680 586 1717 Οὐ
607 1678 674 1730 μὴν
697 1679 816 1725 ἐπειδὴ
837 1679 926 1716 κατὰ
945 1679 1084 1730 ἄγνοιαν

70 1740 199 1791 γέγονε,
219 1740 314 1792 παρὰ
333 1740 371 1777 τὸ
389 1742 437 1791 τῷ
453 1741 534 1791 Θεῷ
557 1740 673 1778 δοκοῦν
687 1740 837 1791 γέγονεν.
867 1738 976 1791 αΟρα,
993 1739 1083 1787 πόση

70 1805 129 1839 τοῦ
151 1803 242 1839 Θεοῦ
261 1804 281 1847 ἡ
302 1800 424 1852 σοφία,
452 1799 532 1838 ὅταν
551 1806 626 1844 ταῖς
643 1800 768 1852 ἑτέρων
785 1800 966 1852 πονηρίαις
986 1803 1032 1844 εἷς
1047 1802 1086 1839 τὸ

71 1862 143 1900 δέον
163 1855 185 1913 ᾖ
211 1861 514 1915 κατακεχρημένη.
544 1861 766 1913 Ἐπλήρωσε,
791 1860 906 1913 φησίν.
940 1860 1016 1898 Ἵνα
1037 1863 1084 1911 μὴ

71 1923 239 1973 νομίσωσι
254 1923 372 1961 λοιπον
393 1922 640 1960 υπολείπεσθαί
655 1938 733 1967 τι,
717 1926 816 1960 τοῦτο
834 1922 899 1967 ἔπη
903 1937 1002 1997 γαγε,
1019 1923 1085 1968 ’δη-

70 1985 139 2021 λων
154 1983 193 2022 ο’τ
199 2000 208 2020 ι
227 1982 290 2021 ὅσα
306 1982 462 2021 παθεῖνὲ
444 1998 553 2029 εοει,
543 1981 784 2044 πεπληρωται.
804 1981 919 2019 Ἀλλὰ
927 1982 974 2031 μὴ
992 1982 1086 2032 νομί-

74 2060 173 2090 αντε,
201 2043 319 2089 ἐπειδὴ
347 2046 377 2080 οἱ
401 2046 576 2095 προφῆται
600 2044 711 2079 ταῦτα
740 2046 858 2089 εἶπον,
881 2042 940 2080 καὶ
968 2044 1086 2089 ἐπειοὴ

75 2104 163 2141 κατὰ
184 2104 320 2155 ἄγνοιαν
347 2102 528 2156 ἐπράξατε,
555 2102 607 2140 ὅτι
623 2106 721 2153 ἀρκεῖ
737 2118 784 2145 εις
799 2103 1018 2153 ἀπολογίαν(
1006 2109 1087 2140 υμῖν

75 2169 186 2202 ταῦτο.
220 2164 318 2201 Ἀλλ’
349 2165 385 2201 οὐ
406 2163 498 2214 λέγει
523 2163 649 2210 οὕτως,
674 2162 764 2201 ἀλλὰ
780 2162 969 2215 πραότερον
986 2178 993 2185 ·
1014 2164 1087 2200 Με-

76 2224 267 2270 τανοήσατε
287 2219 355 2261 οῦν.
374 2223 443 2261 Διὰ
455 2223 505 2268 τί,
528 2225 588 2266 Εἰς
602 2223 641 2262 τὸ
659 2222 900 2274 ἐξαλειφθῆναι
915 2225 1011 2272 ὑμῶν
1027 2223 1088 2265 τὰς

75 2285 261 2337 ἁμαρτίας.
301 2287 353 2323 Οὐ
379 2284 469 2335 λέγω
478 2284 587 2335 ἢ’τόιίἐν
608 2287 657 2338 τῷ
674 2287 810 2337 σταυρῷ
829 2285 1086 2334 τετολμημένα·

74 2347 155 2388 ἴσως
190 2347 303 2383 ἐκεῖνα
337 2345 428 2383 κατὰ
453 2345 613 2397 ἄγνοιαν·
650 2346 725 2383 ἀλλ’
755 2345 846 2383 ὥστε
876 2345 938 2389 τὰς
969 2345 1087 2398 ἑτέρας

678 2399 768 2444 Εἶτα
797 2406 935 2457 ἐπάγει·
961 2405 1087 2449 εΌπως

805 2467 979 2506 Ἐνταῦθα
1006 2467 1086 2519 περὶ

72 2531 134 2574 τῆς
164 2529 384 2572 ἀναστάσεως
415 2529 612 2580 διαλέγεται
639 2530 811 2582 ἀμυδρῶς.

73 2408 168 2457 ὑμῶν
195 2406 367 2458 ἁμαρτίας
397 2406 649 2458 ἐξαλειφθῆναι.

73 2467 111 2504 ἂν
140 2467 281 2506 ἔλθωσιν
309 2471 388 2518 ὑμῖν
409 2467 524 2521 καιροὶ
552 2466 762 2519 ἀναψύξεως.

855 2528 991 2573 Ὄντως
1018 2529 1086 2582 γὰρ

75 2590 196 2626 ἐκεῖνοι
227 2589 423 2641 ἀναψύξεως
440 2590 554 2642 καιροὶ
566 2619 576 2637 ,
602 2589 658 2634 οὒς
677 2589 834 2636 ἐπεζήτει
853 2589 912 2628 καὶ
933 2592 1084 2636 Παῦλος,

74 2648 184 2698 λέγων
197 2664 205 2672 ·
236 2649 304 2687 Καὶ
334 2653 435 2699 ἡμεῖς
462 2653 493 2688 οἷ
509 2650 601 2694 ὄντες
617 2653 650 2689 ἐν
669 2653 719 2703 τῷ
739 2649 858 2696 σκήνει
881 2650 1086 2700 στενάζομεν

76 2709 292 2760 βαρούμενοι.
324 2705 412 2749 Εἶτα
433 2711 583 2758 δεικνὺς,
603 2714 655 2750 ὅτι
679 2711 779 2755 αὐτὸς
794 2714 862 2749 τῶν
878 2713 1006 2763 καιρῶν
1027 2714 1089 2757 τ”ῆς

76 2770 271 2822 ἀναψύξεως
299 2772 418 2819 αἴτιος,
444 2772 515 2810 Καὶ
540 2771 745 2824 ἀποστείλῃ,
765 2772 869 2825 φησὶ,
889 2772 946 2809 τὸν
963 2787 1089 2825 προκε-

74 2832 291 2882 χειρισμένον
320 2835 400 2882 ὑμῖν
426 2834 560 2880 Ἰησοῦν
588 2833 749 2886 Χριστόν.
783 2835 860 2872 Οὐκ
879 2826 994 2878 εἶπεν,
1014 2832 1087 2877 ἐξα-

81 2892 200 2943 λειφθῇ
221 2895 316 2943 ὑμῶν
332 2897 353 2940 ἠ
371 2893 537 2946 ἁμαρτία,
559 2894 648 2943 ἀλλ’,
665 2896 710 2932 Αἱ
730 2894 910 2947 ἁμαρτίαι,
926 2894 988 2932 καὶ
1003 2893 1089 2932 ἐκεί-

75 2967 136 2997 νην
153 2953 397 3004 αἷνιττόμενος,
413 2954 698 3007 *amenti-4111*
701 2960 780 2995 οῦτο
799 2955 918 3002 εἰπὼν,
939 2957 976 2993 οὔ
995 2955 1090 3005 λέγει

79 3017 180 3055 πόῡεν
194 3020 324 3069 λοιπὸν,
344 3021 433 3060 ἀλλὰ
454 3022 554 3073 μόνον
571 3022 778 3074 ἐπάγειξῸν
800 3025 849 3061 δεῖ
868 3022 1008 3075 οὐρανὸν
1028 3022 1088 3072 μὲν

121 3141 133 3156 ²
158 3130 245 3164 Alius
267 3138 282 3167 ὁ
301 3140 359 3180 γὰρ
379 3139 520 3180 τοὶ-δεινὰ
545 3142 753 3182 ἐργαζόμενος.

123 3183 140 3207 b
163 3183 279 3216 Morel.
295 3192 476 3232 μαρτυρίαν.
495 3191 577 3224 δώσει
594 3193 704 3226 ἑκάστη
721 3194 829 3224 αὐτῶν.
844 3187 957 3232 [Vitio
974 3196 1076 3231 ῙΥΡΟ·

81 3232 254 3277 graphico,
272 3247 333 3277 pro
357 3240 427 3272 διότι
444 3242 552 3277 ἑκάστη
564 3266 572 3279 ,
587 3239 679 3283 quod
695 3252 711 3273 e
723 3241 886 3273 Commel.
912 3247 945 3272 et
960 3241 1001 3273 D.
1026 3250 1079 3271 re-

83 3287 258 3321 stituimus.
273 3287 381 3321 Codd.
399 3291 435 3322 A.
454 3293 491 3323 R.
507 3292 546 3325 C.
568 3296 677 3332 ἑκάστη
703 3299 774 3338 γάρ,
792 3292 883 3341 quod-
903 3291 1024 3326 MOfflf·
1049 3299 1081 3323 Εῑ

83 3337 182 3369 Saxil
206 3349 407 3382 receperunt.
424 3343 484 3375 Est
499 3354 578 3375 xero
588 3343 701 3387 ‚quod
717 3346 813 3377 semel
842 3356 1032 3386 monemuS‚
1049 3345 1081 3377 in

92 3389 192 3422 altera
204 3404 326 3436 ‚quam
344 3393 389 3426 illi
405 3394 544 3428 Codices
561 3395 722 3437 referunt,
742 3397 859 3430 harum
876 3396 1085 3430 homiliarum

2074 248 2132 293 85

1152 345 1222 382 imo
1252 344 1357 381 etiam
1386 344 1606 395 probabilem
1629 358 1692 395 pro
1712 344 1799 395 ipsis
1819 344 2052 382 defensionem
2072 360 2134 396 pa—

1151 415 1224 454 rat,
1246 415 1280 444 et
1300 406 1388 444 dicit
1411 422 1418 442 :
1436 405 1544 453 Quod
1562 406 1783 443 innocentem
1811 405 2032 454 occideretis,
2048 408 2134 444 scie-

1151 467 1243 505 batis
1253 483 1263 515 3
1279 467 1376 517 quod
1396 467 1594 519 principem
1615 467 1697 505 vitae
1708 496 1718 514 ,
1734 467 1825 505 forte
1842 467 2070 517 ignorabatis.
2087 467 2135 505 Et

1120 526 1235 569 *Hinc
1255 541 1323 564 non
1352 527 1432 565 illos
1461 527 1550 566 solos
1570 541 1588 564 a
1610 526 1758 564 crimine
1778 527 1920 577 liberat,
1943 527 2003 564 sed
2028 527 2134 564 etiam

1290 264 1446 292 1103111..
1489 264 1547 292 lx.

1101 558 1130 623 7A
1153 588 1292 625 sceleris
1328 597 1499 625 auctores.
1535 588 1701 638 Alioquin
1736 587 2021 626 contentiosiores
2056 588 2135 625 illos

1152 647 1385 696 reddidisset,
1414 649 1442 685 si
1469 663 1663 686 sermonem
1697 649 1732 686 in
1760 649 2017 687 accusationem
2049 663 2133 686 con-

1153 709 1327 746 vertisset.
1359 710 1451 745 Nam
1482 709 1542 759 qui
1576 724 1683 759 grave
1719 710 1907 761 quidpiam
1943 710 2133 758 commisit,

1153 781 1233 804 cum
1247 777 1454 815 accusatur,
1475 783 1547 806 sese
1559 783 1712 820 purgare
1728 779 1879 816 tentans,
1897 772 2136 809 vehementior

1152 827 1316 864 efficitur.
1336 829 1459 876 Neque
1480 827 1574 865 ultra
1600 828 1705 875 dicit,
1726 829 1982 878 Crucifixistis,
2005 830 2134 868 occidi-

1153 886 1232 934 stis,
1254 885 1333 934 sed,
1356 888 1537 936 Fecistis,
1565 886 1609 924 ad
1630 888 1770 925 veniam
1790 888 1870 926 illos
1889 889 2078 928 deducens.
2098 891 2137 929 Si

1154 946 1206 983 illi
1222 961 1286 998 per
1303 947 1540 997 ignorantiam
1562 949 1736 994 fecerunt,
1761 949 1874 986 multo
1899 951 2012 1000 magis
2029 951 2066 987 hi
2078 966 2088 998 ;
2109 952 2138 988 si

1153 1005 1226 1043 illis
1251 1006 1466 1055 remittitur,
1501 1007 1612 1045 multo
1639 1008 1752 1058 magis
1781 1008 1851 1046 his.
1883 1009 1989 1055 Quod
2021 1019 2137 1047 autem

1154 1066 1320 1104 mirabile
1347 1076 1416 1115 est,
1436 1076 1470 1104 et
1498 1082 1605 1119 supra
1637 1077 1670 1106 et
1696 1068 1756 1106 hic
1775 1083 1856 1106 cum
1874 1070 2038 1119 dixisset,
2064 1071 2140 1109 illic

1155 1126 1314 1176 quidem,
1342 1128 1516 1179 Definito
1543 1129 1706 1166 consilio
1733 1138 1770 1166 et
1790 1133 2051 1181 proescienlia5
2081 1131 2140 1169 hic

1156 1201 1253 1236 vero,
1271 1189 1557 1226 Pr‘aenuntz'avit
1589 1188 1754 1227 omnibus
1775 1191 1979 1239 Christum,
1999 1192 2138 1230 nullum

1154 1247 1300 1285 adducit
1333 1248 1574 1286 testimonium
1595 1265 1602 1285 :
1624 1249 1764 1300 singula
1795 1251 1890 1288 enim
1920 1252 2138 1301 testimonia,

1156 1324 1237 1347 eum
1259 1310 1488 1359 criminibus,
1509 1311 1680 1349 ultionem
1705 1313 1928 1351 annuntiant.
1947 1316 2000 1352 Et
2022 1316 2136 1361 dabo,
2155 1322 2221 1351 lsai
2245 1321 2293 1350 33.
2308 1332 2337 1360 ⁴3-

1155 1370 1286 1421 inquit,
1304 1373 1440 1422 impios
1451 1385 1521 1422 pro
1538 1373 1735 1423 sepultura
1756 1376 1851 1425 ejus,
1871 1383 1906 1412 et
1921 1376 2057 1413 divites
2070 1389 2141 1427 pro

1156 1440 1276 1484 morte
1295 1432 1417 1475 illius;
1432 1440 1462 1469 et
1483 1432 1632 1479 iterum,
1659 1434 1751 1486 Quce
1768 1437 2068 1485 praenuntiavit,
2089 1435 2144 1472 in-

1156 1493 1234 1542 quit
1245 1522 1254 1540 ,
1275 1507 1344 1544 per
1359 1507 1400 1531 os
1416 1497 1587 1531 omnium
1595 1496 1884 1545 prophetarum,
1903 1499 1988 1547 pati
2000 1499 2138 1547 ipsum,

1110 1556 1113 1558 ’
1155 1556 1328 1607 implevit
1348 1559 1416 1594 sic.
1439 1559 1613 1608 Magnum
1634 1556 1851 1594 demonstrat
1870 1557 2071 1609 consilium;
2095 1559 2142 1596 si—

1157 1617 1301 1668 quidem
1323 1617 1448 1656 omnes
1475 1617 1543 1656 hoc
1558 1617 1759 1667 'dicebaut,
1786 1632 1854 1656 non
1877 1633 1968 1656 unus
1989 1629 2141 1657 tantum.

1153 1679 1276 1730 Neque
1289 1689 1380 1717 certe
1395 1680 1480 1730 quia
1495 1694 1559 1732 per
1578 1680 1814 1731 ignorantiam
1829 1682 1920 1719 facta
1935 1691 2030 1730 sunt,
2049 1697 2143 1734 prae-

1154 1747 1206 1777 ter
1230 1739 1298 1776 Dei
1322 1740 1542 1778 voluntatem
1571 1741 1662 1777 facta
1689 1750 1782 1779 sunt.
1805 1741 1919 1789 Vide,
1943 1751 2073 1792 quanta
2098 1742 2142 1779 sit

1154 1801 1221 1838 Dei
1242 1801 1436 1852 sapientia,
1457 1815 1534 1851 quae
1553 1801 1706 1838 aliorum
1724 1802 1948 1853 malignitate
1966 1803 2080 1840 utitm
2096 1817 2115 1840 a

2156 1843 2171 1854 σ

2176 1750 2254 1777 Deus
2271 1750 2344 1777 alio-

2118 1802 2141 1840 d
2157 1802 2220 1818 rum
2262 1793 2344 1817 maii-

2175 1838 2265 1859 nitate
2282 1834 2342 1858 uti-

1154 1860 1194 1898 id
1209 1861 1329 1911 ,quod
1347 1861 1425 1899 fieli
1443 1875 1531 1912 opus
1546 1870 1613 1898 est.
1637 1832 1834 1912 Implevit?
1856 1863 1981 1912 inquit.
2003 1864 2056 1900 Ne
2078 1878 2142 1915 pu-
2155 1880 2202 1901 tun
2226 1874 2262 1900 ad
2291 1873 2344 1899 bo-

1155 1931 1269 1959 taient
1282 1921 1419 1973 aliquid
1437 1922 1566 1971 deesse,
1584 1922 1652 1959 hoc
1667 1922 1808 1974 adjecit,
1823 1922 2008 1961 declarans
2023 1924 2142 1961 omnia
2157 1925 2172 1941 ¹¹

1157 1997 1235 2033 quae
1256 1983 1330 2036 pati
1356 1983 1474 2035 ipsum
1495 1983 1679 2035 oportebat
1701 1984 1845 2035 impleta
1873 1985 1992 2022 fuisse.
2014 1984 2085 2023 Sed
2101 1999 2143 2023 ne

1157 2043 1304 2095 putetis,
1325 2043 1408 2093 quia
1428 2044 1505 2080 haee
1533 2043 1715 2095 propheta:
1738 2043 1927 2092 dixerunt,
1948 2053 1982 2082 et
2003 2044 2086 2095 quia
2105 2045 2144 2083 id

1158 2118 1219 2155 per
1233 2104 1468 2155 ignorantiam
1482 2103 1624 2151 fecistis,
1642 2104 1709 2140 hoc
1729 2104 1774 2141 ad
1790 2103 2026 2142 defensionem
2040 2105 2144 2143 vobis

1157 2166 1329 2204 sufficere.
1350 2167 1395 2203 At
1413 2179 1483 2203 non
1505 2166 1554 2203 ita
1581 2165 1692 2212 dicit,
1719 2165 1779 2203 sed
1802 2165 1925 2203 mitius
1947 2182 1953 2202 ε
1972 2168 2142 2204 Paenite-

1158 2229 1254 2263 mini
1269 2227 1388 2278 igitur.
1413 2225 1564 2273 Quare?
1590 2228 1640 2263 Ut
1658 2227 1863 2264 deleantur
1887 2236 2049 2278 peccata
2077 2242 2144 2264 ve-

1157 2296 1255 2333 stra,·
1275 2302 1345 2325 non
1360 2287 1421 2325 illa
1443 2287 1560 2325 solum
1581 2302 1658 2337 quae
1678 2287 1712 2324 in
1729 2287 1970 2338 crucifigendo
1991 2287 2144 2325 admissa

1156 2358 1238 2386 sunt
1261 2365 1268 2385 :
1289 2349 1352 2386 illa
1367 2348 1513 2386 forsitan
1525 2363 1588 2400 per
1603 2347 1843 2399 ignorantiam
1858 2348 1949 2385 facta
1963 2357 2061 2393 sunt;
2081 2348 2145 2385 sed

1157 2419 1196 2448 ut
1217 2409 1285 2447 alia
1312 2423 1452 2461 quoque
1481 2419 1625 2461 peccata
1647 2417 1763 2447 vestra
1789 2408 1984 2446 deleantur.
2006 2408 2144 2446 Deinde

1157 2471 1281 2522 adjicit
1296 2486 1304 2507 ε
1327 2473 1376 2509 Ut
1391 2473 1424 2509 si
1434 2473 1612 2508 venerint
1625 2472 1738 2507 vohis
1749 2478 1921 2521 tempora
1933 2470 2139 2521 refrigerii.

1158 2532 1226 2570 Hic
1243 2531 1288 2570 de
1305 2531 1559 2570 resurrectione
1589 2531 1738 2569 obscure
1765 2530 1924 2581 loquitur
1948 2547 1954 2566 :
1980 2544 2064 2567 nam
2083 2529 2143 2567 illa

2177 1924 2238 1940 un)

1157 2608 1239 2631 vere
1254 2602 1336 2631 sunt
1354 2592 1530 2644 refrigerii
1550 2601 1709 2644 tempora
1722 2620 1732 2640 ,
1753 2606 1831 2642 quae
1853 2592 1986 2629 Paulus
2007 2605 2143 2642 quaere-
2192 2620 2194 2623 v
2220 2593 2229 2603 ''

1157 2654 1233 2703 bat,
1248 2653 1368 2691 dicens
1385 2668 1392 2689 ε
1413 2655 1467 2690 Et
1491 2666 1559 2690 nos
1579 2655 1646 2701 qui
1662 2666 1792 2690 sumus
1809 2654 1850 2688 in
1869 2653 2139 2701 tabernaculo,
2156 2665 2185 2684 2-

2209 2655 2276 2683 Cor.
2297 2655 2326 2684 5.

1158 2716 1441 2766 ingemiscimus
1458 2714 1624 2764 gravati.
1643 2710 1781 2749 Deinde
1798 2710 1982 2748 ostendens
1993 2741 2003 2759 ,
2023 2711 2143 2762 ipsum
2155 2695 2186 2736 4·

1158 2788 1231 2813 esse
1254 2783 1454 2825 temporum
1484 2772 1658 2824 refrigerii
1688 2781 1881 2821 auctorem,
1902 2773 1957 2809 Et
1981 2773 2140 2821 miserit,

1159 2834 1289 2885 inquit,
1310 2848 1408 2881 eum,
1430 2836 1496 2886 qui
1514 2835 1625 2870 vobis
1637 2840 1727 2869 ante
1737 2832 1974 2883 praedicatus
1988 2839 2059 2881 est,
2075 2831 2142 2868 Je-

1159 2910 1243 2934 sum
1260 2897 1290 2933 C
1293 2897 1467 2933 hristum.
1480 2895 1561 2933 Non
1577 2893 1688 2941 dixit,
1704 2892 1872 2930 Deleatur
1886 2900 2071 2943 peccatum
2085 2905 2146 2929 ve-

1160 2967 1274 2995 strum
1281 2972 1292 3006 3
1310 2955 1391 3001 sed,
1411 2957 1597 3001 Peccata,
1613 2962 1647 2991 et
1662 2952 1753 2990 illud
1768 2952 2010 2999 subindicans,
2027 2953 2144 2989 Mise-

1161 3021 1226 3057 rit.
1247 3017 1325 3055 Hoc
1353 3017 1416 3055 ubi
1441 3015 1557 3065 dixit,
1580 3028 1650 3054 non
1677 3013 1779 3052 addit
1807 3012 1923 3059 unde3
1944 3011 2005 3049 sed
2030 3011 2146 3050 solum

1141 3128 1285 3163 editione
1315 3129 1418 3162 nimia
1438 3128 1590 3173 quiedam
1613 3135 1646 3160 et
1666 3125 1837 3158 fastidiosa
1859 3124 1953 3167 hujus
1977 3125 2148 3165 particuiae

1143 3189 1201 3229 γάρ
1217 3183 1378 3226 syntaxis.
1384 3183 1396 3224 ]

1187 3234 1204 3250 ²*
1229 3232 1394 3275 [Addidit
1424 3231 1543 3264 Montf.
1574 3235 1639 3271 καί,
1656 3230 1844 3271 ignoratum
1871 3228 2029 3267 hasmo,
2047 3229 2088 3259 D.
2116 3236 2149 3259 et

1144 3284 1317 3326 Sax1l,ab
1336 3283 1542 3317 commelino
1560 3293 1636 3316 vero
1660 3280 1836 3314 inclusum.
1853 3281 1889 3309 A
1905 3280 1940 3310 Β.
1953 3279 1990 3311 C.
2008 3283 2145 3323 ῃνὶξατο,

1146 3338 1335 3382 ἀποστείλῃ]
