<?xml version="1.0" encoding="UTF-8"?>
<!DOCTYPE html PUBLIC "-//W3C//DTD XHTML 1.0 Transitional//EN"
    "http://www.w3.org/TR/xhtml1/DTD/xhtml1-transitional.dtd">
<html xmlns="http://www.w3.org/1999/xhtml" xml:lang="en" lang="en">
 <head>
  <title>
</title>
<meta http-equiv="Content-Type" content="text/html;charset=utf-8" />
  <meta name='ocr-system' content='tesseract 3.04.00' />
  <meta name='ocr-capabilities' content='ocr_page ocr_carea ocr_par ocr_line ocrx_word'/>
</head>
<body>
  <div class='ocr_page' id='page_1' title='image "./operaomniaquaeex09johnuoft/operaomniaquaeex09johnuoft_0643.png"; bbox 0 0 2502 3810; ppageno 0'>
   <div class='ocr_carea' id='block_1_1' title="bbox 812 251 1275 282">
    <p class='ocr_par' dir='ltr' id='par_1_1' title="bbox 812 251 1275 282">
     <span class='ocr_line' id='line_1_1' title="bbox 812 251 1275 282; baseline 0.002 -2"><span class='ocrx_word' id='word_1_1' title='bbox 812 252 855 281; x_wconf 88' lang='lat' dir='ltr'>IN</span> <span class='ocrx_word' id='word_1_2' title='bbox 892 251 1032 282; x_wconf 75' lang='lat' dir='ltr'>EPtST.</span> <span class='ocrx_word' id='word_1_3' title='bbox 1072 252 1131 281; x_wconf 84' lang='lat' dir='ltr'>AD</span> <span class='ocrx_word' id='word_1_4' title='bbox 1166 251 1275 282; x_wconf 79' lang='lat' dir='ltr'><strong>ROM.</strong></span> 
     </span>
    </p>
   </div>
   <div class='ocr_carea' id='block_1_2' title="bbox 137 330 1169 2680">
    <p class='ocr_par' dir='ltr' id='par_1_2' title="bbox 137 330 1169 2680">
     <span class='ocr_line' id='line_1_2' title="bbox 152 330 1163 385; baseline 0.003 -16"><span class='ocrx_word' id='word_1_5' title='bbox 152 330 213 379; x_wconf 83' lang='grc' dir='ltr'>μὲν</span> <span class='ocrx_word' id='word_1_6' title='bbox 234 330 299 382; x_wconf 85' lang='grc' dir='ltr'>γὰρ</span> <span class='ocrx_word' id='word_1_7' title='bbox 320 330 522 382; x_wconf 78' lang='grc' dir='ltr'>ἀνδροφόνος</span> <span class='ocrx_word' id='word_1_8' title='bbox 553 334 639 383; x_wconf 80' lang='grc' dir='ltr'>ὁμοῦ</span> <span class='ocrx_word' id='word_1_9' title='bbox 659 331 698 370; x_wconf 78' lang='grc' dir='ltr'>τὸ</span> <span class='ocrx_word' id='word_1_10' title='bbox 716 331 808 384; x_wconf 60' lang='grc' dir='ltr'>ξίφος</span> <span class='ocrx_word' id='word_1_11' title='bbox 836 332 999 382; x_wconf 78' lang='grc' dir='ltr'>ἐνέπηξε,</span> <span class='ocrx_word' id='word_1_12' title='bbox 1020 333 1078 372; x_wconf 76' lang='grc' dir='ltr'>καὶ</span> <span class='ocrx_word' id='word_1_13' title='bbox 1103 350 1163 385; x_wconf 82' lang='grc' dir='ltr'>μι-</span> 
     </span>
     <span class='ocr_line' id='line_1_3' title="bbox 150 392 1164 447; baseline 0.003 -18"><span class='ocrx_word' id='word_1_14' title='bbox 150 393 229 443; x_wconf 83' lang='grc' dir='ltr'>κρὸν</span> <span class='ocrx_word' id='word_1_15' title='bbox 252 392 410 439; x_wconf 78' lang='grc' dir='ltr'>λυπήσας</span> <span class='ocrx_word' id='word_1_16' title='bbox 429 392 550 446; x_wconf 81' lang='grc' dir='ltr'>χρόνον</span> <span class='ocrx_word' id='word_1_17' title='bbox 570 393 683 432; x_wconf 77' lang='grc' dir='ltr'>οὐκέτι</span> <span class='ocrx_word' id='word_1_18' title='bbox 702 393 897 445; x_wconf 85' lang='grc' dir='ltr'>περαιτέρω</span> <span class='ocrx_word' id='word_1_19' title='bbox 928 394 1073 447; x_wconf 79' lang='grc' dir='ltr'>προάγει</span> <span class='ocrx_word' id='word_1_20' title='bbox 1102 394 1164 442; x_wconf 78' lang='grc' dir='ltr'>τὴν</span> 
     </span>
     <span class='ocr_line' id='line_1_4' title="bbox 152 452 1165 506; baseline 0.002 -16"><span class='ocrx_word' id='word_1_21' title='bbox 152 453 300 503; x_wconf 81' lang='grc' dir='ltr'>βάσανον</span> <span class='ocrx_word' id='word_1_22' title='bbox 314 469 321 476; x_wconf 93' lang='grc'>·</span> <span class='ocrx_word' id='word_1_23' title='bbox 344 452 384 491; x_wconf 79' lang='grc' dir='ltr'>σὺ</span> <span class='ocrx_word' id='word_1_24' title='bbox 414 453 449 490; x_wconf 82' lang='grc' dir='ltr'>δὲ</span> <span class='ocrx_word' id='word_1_25' title='bbox 470 460 546 497; x_wconf 89' lang='grc' dir='ltr'>ταῖς</span> <span class='ocrx_word' id='word_1_26' title='bbox 567 453 830 506; x_wconf 72' lang='grc' dir='ltr'>συκοφαντίαις,</span> <span class='ocrx_word' id='word_1_27' title='bbox 859 460 935 498; x_wconf 90' lang='grc' dir='ltr'>ταῖς</span> <span class='ocrx_word' id='word_1_28' title='bbox 965 454 1141 505; x_wconf 81' lang='grc' dir='ltr'>ἐπηρείαις</span> <span class='ocrx_word' id='word_1_29' title='bbox 1156 484 1165 502; x_wconf 84' lang='grc'>,</span> 
     </span>
     <span class='ocr_line' id='line_1_5' title="bbox 149 514 1165 566; baseline 0.003 -16"><span class='ocrx_word' id='word_1_30' title='bbox 149 518 224 556; x_wconf 89' lang='grc' dir='ltr'>ταῖς</span> <span class='ocrx_word' id='word_1_31' title='bbox 243 514 444 558; x_wconf 61' lang='grc' dir='ltr'>ἐπιδουλαῖς</span> <span class='ocrx_word' id='word_1_32' title='bbox 474 515 514 552; x_wconf 79' lang='grc' dir='ltr'>τὸ</span> <span class='ocrx_word' id='word_1_33' title='bbox 543 517 612 566; x_wconf 73' lang='grc' dir='ltr'>φῶς</span> <span class='ocrx_word' id='word_1_34' title='bbox 644 514 870 566; x_wconf 80' lang='grc' dir='ltr'>ἐργαζόμενος</span> <span class='ocrx_word' id='word_1_35' title='bbox 899 516 993 566; x_wconf 80' lang='grc' dir='ltr'>αὐτῷ</span> <span class='ocrx_word' id='word_1_36' title='bbox 1025 515 1165 562; x_wconf 86' lang='grc' dir='ltr'>σκότος,</span> 
     </span>
     <span class='ocr_line' id='line_1_6' title="bbox 150 574 1165 627; baseline 0 -15"><span class='ocrx_word' id='word_1_37' title='bbox 150 574 208 612; x_wconf 84' lang='grc' dir='ltr'>καὶ</span> <span class='ocrx_word' id='word_1_38' title='bbox 229 575 263 611; x_wconf 81' lang='grc' dir='ltr'>ἐν</span> <span class='ocrx_word' id='word_1_39' title='bbox 295 574 460 627; x_wconf 81' lang='grc' dir='ltr'>ἐπιθυμίᾳ</span> <span class='ocrx_word' id='word_1_40' title='bbox 487 575 653 618; x_wconf 86' lang='grc' dir='ltr'>καθιστὰς</span> <span class='ocrx_word' id='word_1_41' title='bbox 680 579 739 612; x_wconf 89' lang='grc' dir='ltr'>τοῦ</span> <span class='ocrx_word' id='word_1_42' title='bbox 773 575 934 627; x_wconf 81' lang='grc' dir='ltr'>μυριάκις</span> <span class='ocrx_word' id='word_1_43' title='bbox 968 579 1165 622; x_wconf 83' lang='grc' dir='ltr'>ἀποθανεῖν,</span> 
     </span>
     <span class='ocr_line' id='line_1_7' title="bbox 150 634 1165 688; baseline 0 -16"><span class='ocrx_word' id='word_1_44' title='bbox 150 634 308 681; x_wconf 82' lang='grc' dir='ltr'>ἐννόησον</span> <span class='ocrx_word' id='word_1_45' title='bbox 327 635 424 679; x_wconf 79' lang='grc' dir='ltr'>ὅσους</span> <span class='ocrx_word' id='word_1_46' title='bbox 443 636 569 688; x_wconf 79' lang='grc' dir='ltr'>ἐργάζῃ</span> <span class='ocrx_word' id='word_1_47' title='bbox 586 637 657 674; x_wconf 89' lang='grc' dir='ltr'>ἀνθ’</span> <span class='ocrx_word' id='word_1_48' title='bbox 675 635 746 678; x_wconf 82' lang='grc' dir='ltr'>ἑνὸς</span> <span class='ocrx_word' id='word_1_49' title='bbox 765 636 941 678; x_wconf 82' lang='grc' dir='ltr'>θανάτους.</span> <span class='ocrx_word' id='word_1_50' title='bbox 966 637 1035 674; x_wconf 85' lang='grc' dir='ltr'>Καὶ</span> <span class='ocrx_word' id='word_1_51' title='bbox 1057 636 1096 674; x_wconf 82' lang='grc' dir='ltr'>τὸ</span> <span class='ocrx_word' id='word_1_52' title='bbox 1123 635 1165 682; x_wconf 79' lang='grc' dir='ltr'>δὴ</span> 
     </span>
     <span class='ocr_line' id='line_1_8' title="bbox 149 695 1164 749; baseline 0.001 -17"><span class='ocrx_word' id='word_1_53' title='bbox 149 695 288 732; x_wconf 84' lang='grc' dir='ltr'>πάντων</span> <span class='ocrx_word' id='word_1_54' title='bbox 304 695 564 749; x_wconf 73' lang='grc' dir='ltr'>χαλεπώτερον,</span> <span class='ocrx_word' id='word_1_55' title='bbox 587 696 639 734; x_wconf 78' lang='grc' dir='ltr'>ὅτι</span> <span class='ocrx_word' id='word_1_56' title='bbox 658 695 822 747; x_wconf 84' lang='grc' dir='ltr'>ἁρπάζεις</span> <span class='ocrx_word' id='word_1_57' title='bbox 844 696 904 734; x_wconf 83' lang='grc' dir='ltr'>καὶ</span> <span class='ocrx_word' id='word_1_58' title='bbox 928 698 1164 741; x_wconf 82' lang='grc' dir='ltr'>πλεονεκτεῖς,</span> 
     </span>
     <span class='ocr_line' id='line_1_9' title="bbox 149 755 1165 807; baseline 0.003 -16"><span class='ocrx_word' id='word_1_59' title='bbox 149 757 212 806; x_wconf 77' lang='grc' dir='ltr'>οὐχ</span> <span class='ocrx_word' id='word_1_60' title='bbox 227 757 294 793; x_wconf 84' lang='grc' dir='ltr'>ὑπὸ</span> <span class='ocrx_word' id='word_1_61' title='bbox 309 755 428 799; x_wconf 84' lang='grc' dir='ltr'>πενίας</span> <span class='ocrx_word' id='word_1_62' title='bbox 445 756 635 807; x_wconf 80' lang='grc' dir='ltr'>ὠθούμενος</span> <span class='ocrx_word' id='word_1_63' title='bbox 654 755 729 794; x_wconf 80' lang='grc' dir='ltr'>οὐδὲ</span> <span class='ocrx_word' id='word_1_64' title='bbox 748 758 852 806; x_wconf 82' lang='grc' dir='ltr'>λιμοῦ</span> <span class='ocrx_word' id='word_1_65' title='bbox 875 772 917 796; x_wconf 78' lang='grc' dir='ltr'>σε</span> <span class='ocrx_word' id='word_1_66' title='bbox 941 756 1165 807; x_wconf 76' lang='grc' dir='ltr'>καταναγκά-</span> 
     </span>
     <span class='ocr_line' id='line_1_10' title="bbox 150 815 1166 867; baseline 0.002 -16"><span class='ocrx_word' id='word_1_67' title='bbox 150 818 262 859; x_wconf 80' lang='grc' dir='ltr'>ζοντος</span> <span class='ocrx_word' id='word_1_68' title='bbox 274 846 284 863; x_wconf 96' lang='grc'>,</span> <span class='ocrx_word' id='word_1_69' title='bbox 303 817 379 854; x_wconf 89' lang='grc' dir='ltr'>ἀλλ’</span> <span class='ocrx_word' id='word_1_70' title='bbox 395 815 450 854; x_wconf 78' lang='grc' dir='ltr'>ἵνα</span> <span class='ocrx_word' id='word_1_71' title='bbox 464 819 481 854; x_wconf 83' lang='grc' dir='ltr'>ὅ</span> <span class='ocrx_word' id='word_1_72' title='bbox 495 821 554 855; x_wconf 86' lang='grc' dir='ltr'>τοῦ</span> <span class='ocrx_word' id='word_1_73' title='bbox 570 816 678 854; x_wconf 78' lang='grc' dir='ltr'>ἵππου</span> <span class='ocrx_word' id='word_1_74' title='bbox 693 815 833 867; x_wconf 72' lang='grc' dir='ltr'>χαλινὸς</span> <span class='ocrx_word' id='word_1_75' title='bbox 849 815 1033 867; x_wconf 79' lang='grc' dir='ltr'>ἀλείφηται</span> <span class='ocrx_word' id='word_1_76' title='bbox 1046 817 1166 867; x_wconf 82' lang='grc' dir='ltr'>πολλῷ</span> 
     </span>
     <span class='ocr_line' id='line_1_11' title="bbox 151 875 1169 928; baseline -0.001 -15"><span class='ocrx_word' id='word_1_77' title='bbox 151 879 200 927; x_wconf 84' lang='grc' dir='ltr'>τῷ</span> <span class='ocrx_word' id='word_1_78' title='bbox 220 879 339 928; x_wconf 74' lang='grc' dir='ltr'>χρυσῷ</span> <span class='ocrx_word' id='word_1_79' title='bbox 353 907 361 923; x_wconf 94' lang='grc'>,</span> <span class='ocrx_word' id='word_1_80' title='bbox 386 877 445 914; x_wconf 84' lang='grc' dir='ltr'>καὶ</span> <span class='ocrx_word' id='word_1_81' title='bbox 462 880 479 914; x_wconf 89' lang='grc' dir='ltr'>ὃ</span> <span class='ocrx_word' id='word_1_82' title='bbox 493 879 554 922; x_wconf 79' lang='grc' dir='ltr'>τῆς</span> <span class='ocrx_word' id='word_1_83' title='bbox 573 876 680 919; x_wconf 84' lang='grc' dir='ltr'>οἰκίας</span> <span class='ocrx_word' id='word_1_84' title='bbox 699 876 838 928; x_wconf 77' lang='grc' dir='ltr'>ὄροφος,</span> <span class='ocrx_word' id='word_1_85' title='bbox 867 875 927 912; x_wconf 84' lang='grc' dir='ltr'>καὶ</span> <span class='ocrx_word' id='word_1_86' title='bbox 950 877 985 912; x_wconf 80' lang='grc' dir='ltr'>αἱ</span> <span class='ocrx_word' id='word_1_87' title='bbox 1004 878 1072 913; x_wconf 84' lang='grc' dir='ltr'>τῶν</span> <span class='ocrx_word' id='word_1_88' title='bbox 1097 875 1169 913; x_wconf 86' lang='grc' dir='ltr'>κιό-</span> 
     </span>
     <span class='ocr_line' id='line_1_12' title="bbox 152 935 1169 989; baseline -0.001 -15"><span class='ocrx_word' id='word_1_89' title='bbox 152 953 217 974; x_wconf 87' lang='grc' dir='ltr'>νων</span> <span class='ocrx_word' id='word_1_90' title='bbox 237 936 395 989; x_wconf 63' lang='grc' dir='ltr'>κεφαλαί.</span> <span class='ocrx_word' id='word_1_91' title='bbox 416 937 486 974; x_wconf 85' lang='grc' dir='ltr'>Καὶ</span> <span class='ocrx_word' id='word_1_92' title='bbox 515 936 625 983; x_wconf 88' lang='grc' dir='ltr'>πόσης</span> <span class='ocrx_word' id='word_1_93' title='bbox 644 937 706 973; x_wconf 82' lang='grc' dir='ltr'>οὐκ</span> <span class='ocrx_word' id='word_1_94' title='bbox 740 935 779 972; x_wconf 80' lang='grc' dir='ltr'>ἂν</span> <span class='ocrx_word' id='word_1_95' title='bbox 811 935 865 980; x_wconf 90' lang='grc' dir='ltr'>εἴη</span> <span class='ocrx_word' id='word_1_96' title='bbox 903 939 1012 972; x_wconf 86' lang='grc' dir='ltr'>ταῦτα</span> <span class='ocrx_word' id='word_1_97' title='bbox 1029 936 1169 987; x_wconf 78' lang='grc' dir='ltr'>γεέννης</span> 
     </span>
     <span class='ocr_line' id='line_1_13' title="bbox 151 994 1167 1048; baseline -0.002 -14"><span class='ocrx_word' id='word_1_98' title='bbox 151 997 229 1040; x_wconf 79' lang='grc' dir='ltr'>ἄξια</span> <span class='ocrx_word' id='word_1_99' title='bbox 242 1026 251 1043; x_wconf 88' lang='grc'>,</span> <span class='ocrx_word' id='word_1_100' title='bbox 268 997 349 1035; x_wconf 76' lang='grc' dir='ltr'>ὅταν</span> <span class='ocrx_word' id='word_1_101' title='bbox 367 998 423 1035; x_wconf 86' lang='grc' dir='ltr'>τὸν</span> <span class='ocrx_word' id='word_1_102' title='bbox 448 997 604 1048; x_wconf 55' lang='grc' dir='ltr'>ἀδελφὸν,</span> <span class='ocrx_word' id='word_1_103' title='bbox 626 996 767 1033; x_wconf 79' lang='grc' dir='ltr'>καὶτῶν</span> <span class='ocrx_word' id='word_1_104' title='bbox 794 994 1001 1046; x_wconf 69' lang='grc' dir='ltr'>ἀπορρήτων</span> <span class='ocrx_word' id='word_1_105' title='bbox 1017 1010 1071 1033; x_wconf 88' lang='grc' dir='ltr'>σοι</span> <span class='ocrx_word' id='word_1_106' title='bbox 1090 1010 1167 1032; x_wconf 84' lang='grc' dir='ltr'>κοι-</span> 
     </span>
     <span class='ocr_line' id='line_1_14' title="bbox 149 1055 1165 1108; baseline 0.001 -16"><span class='ocrx_word' id='word_1_107' title='bbox 149 1057 351 1102; x_wconf 70' lang='grc' dir='ltr'>νωνήσαντα</span> <span class='ocrx_word' id='word_1_108' title='bbox 370 1058 519 1107; x_wconf 79' lang='grc' dir='ltr'>ἀγαθῶν,</span> <span class='ocrx_word' id='word_1_109' title='bbox 531 1056 591 1093; x_wconf 77' lang='grc' dir='ltr'>καὶ</span> <span class='ocrx_word' id='word_1_110' title='bbox 611 1055 700 1093; x_wconf 78' lang='grc' dir='ltr'>οὕτω</span> <span class='ocrx_word' id='word_1_111' title='bbox 716 1055 812 1108; x_wconf 80' lang='grc' dir='ltr'>παρὰ</span> <span class='ocrx_word' id='word_1_112' title='bbox 831 1060 890 1092; x_wconf 87' lang='grc' dir='ltr'>τοῦ</span> <span class='ocrx_word' id='word_1_113' title='bbox 906 1055 1085 1093; x_wconf 87' lang='grc' dir='ltr'>Δεσπότου</span> <span class='ocrx_word' id='word_1_114' title='bbox 1107 1070 1165 1094; x_wconf 90' lang='grc' dir='ltr'>σου</span> 
     </span>
     <span class='ocr_line' id='line_1_15' title="bbox 147 1116 1167 1169; baseline 0.001 -15"><span class='ocrx_word' id='word_1_115' title='bbox 147 1117 363 1164; x_wconf 76' lang='grc' dir='ltr'>τιμηθέντα,</span> <span class='ocrx_word' id='word_1_116' title='bbox 390 1116 447 1154; x_wconf 73' lang='grc' dir='ltr'>ἵνα</span> <span class='ocrx_word' id='word_1_117' title='bbox 477 1117 592 1161; x_wconf 81' lang='grc' dir='ltr'>λίθους</span> <span class='ocrx_word' id='word_1_118' title='bbox 624 1117 853 1168; x_wconf 79' lang='grc' dir='ltr'>καλλωπίσῃς</span> <span class='ocrx_word' id='word_1_119' title='bbox 886 1116 946 1154; x_wconf 81' lang='grc' dir='ltr'>καὶ</span> <span class='ocrx_word' id='word_1_120' title='bbox 965 1116 1088 1169; x_wconf 82' lang='grc' dir='ltr'>ἔδαφος</span> <span class='ocrx_word' id='word_1_121' title='bbox 1107 1117 1167 1155; x_wconf 74' lang='grc' dir='ltr'>καὶ</span> 
     </span>
     <span class='ocr_line' id='line_1_16' title="bbox 144 1176 1166 1229; baseline 0.002 -15"><span class='ocrx_word' id='word_1_122' title='bbox 144 1178 292 1227; x_wconf 84' lang='grc' dir='ltr'>σώματα</span> <span class='ocrx_word' id='word_1_123' title='bbox 313 1176 446 1228; x_wconf 80' lang='grc' dir='ltr'>ἀλόγων</span> <span class='ocrx_word' id='word_1_124' title='bbox 471 1176 565 1221; x_wconf 79' lang='grc' dir='ltr'>ζώων</span> <span class='ocrx_word' id='word_1_125' title='bbox 587 1177 660 1216; x_wconf 75' lang='grc' dir='ltr'>οὐδὲ</span> <span class='ocrx_word' id='word_1_126' title='bbox 682 1177 938 1228; x_wconf 75' lang='grc' dir='ltr'>αἰσθανομένων</span> <span class='ocrx_word' id='word_1_127' title='bbox 954 1182 1014 1216; x_wconf 76' lang='grc' dir='ltr'>τοῦ</span> <span class='ocrx_word' id='word_1_128' title='bbox 1033 1179 1166 1229; x_wconf 82' lang='grc' dir='ltr'>κόσμου</span> 
     </span>
     <span class='ocr_line' id='line_1_17' title="bbox 144 1235 1164 1289; baseline 0 -14"><span class='ocrx_word' id='word_1_129' title='bbox 144 1236 262 1275; x_wconf 85' lang='grc' dir='ltr'>τούτου</span> <span class='ocrx_word' id='word_1_130' title='bbox 279 1265 289 1283; x_wconf 94' lang='grc'>,</span> <span class='ocrx_word' id='word_1_131' title='bbox 312 1238 358 1280; x_wconf 88' lang='grc' dir='ltr'>εἷς</span> <span class='ocrx_word' id='word_1_132' title='bbox 378 1236 503 1289; x_wconf 86' lang='grc' dir='ltr'>μυρίας</span> <span class='ocrx_word' id='word_1_133' title='bbox 522 1235 699 1288; x_wconf 67' lang='grc' dir='ltr'>ε’μὸάλλῃς</span> <span class='ocrx_word' id='word_1_134' title='bbox 729 1236 926 1288; x_wconf 52' lang='grc' dir='ltr'>συμφοράς</span> <span class='ocrx_word' id='word_1_135' title='bbox 956 1236 1026 1274; x_wconf 67' lang='grc' dir='ltr'>Καὶ</span> <span class='ocrx_word' id='word_1_136' title='bbox 1055 1240 1072 1274; x_wconf 81' lang='grc' dir='ltr'><em>ὃ</em></span> <span class='ocrx_word' id='word_1_137' title='bbox 1102 1236 1164 1288; x_wconf 80' lang='grc' dir='ltr'>μὲν</span> 
     </span>
     <span class='ocr_line' id='line_1_18' title="bbox 145 1296 1164 1349; baseline 0.002 -15"><span class='ocrx_word' id='word_1_138' title='bbox 145 1296 235 1334; x_wconf 83' lang='grc' dir='ltr'>κύων</span> <span class='ocrx_word' id='word_1_139' title='bbox 257 1299 289 1335; x_wconf 81' lang='grc' dir='ltr'>ἐν</span> <span class='ocrx_word' id='word_1_140' title='bbox 309 1297 493 1349; x_wconf 73' lang='grc' dir='ltr'>ἐπιμελείᾳ</span> <span class='ocrx_word' id='word_1_141' title='bbox 508 1298 620 1348; x_wconf 72' lang='grc' dir='ltr'>πολλῇ</span> <span class='ocrx_word' id='word_1_142' title='bbox 637 1327 647 1345; x_wconf 87' lang='grc'>,</span> <span class='ocrx_word' id='word_1_143' title='bbox 661 1300 678 1335; x_wconf 83' lang='grc' dir='ltr'><strong><em>ὃ</em></strong></span> <span class='ocrx_word' id='word_1_144' title='bbox 697 1297 732 1335; x_wconf 82' lang='grc' dir='ltr'>δὲ</span> <span class='ocrx_word' id='word_1_145' title='bbox 755 1297 934 1349; x_wconf 84' lang='grc' dir='ltr'>ἅνθρωπος</span> <span class='ocrx_word' id='word_1_146' title='bbox 949 1328 959 1345; x_wconf 91' lang='grc'>,</span> <span class='ocrx_word' id='word_1_147' title='bbox 981 1299 1112 1348; x_wconf 80' lang='grc' dir='ltr'>μᾶλλον</span> <span class='ocrx_word' id='word_1_148' title='bbox 1128 1297 1164 1336; x_wconf 80' lang='grc' dir='ltr'>δὲ</span> 
     </span>
     <span class='ocr_line' id='line_1_19' title="bbox 144 1357 1165 1410; baseline -0.003 -13"><span class='ocrx_word' id='word_1_149' title='bbox 144 1362 162 1397; x_wconf 81' lang='grc' dir='ltr'>ὁ</span> <span class='ocrx_word' id='word_1_150' title='bbox 182 1359 349 1410; x_wconf 78' lang='grc' dir='ltr'>Χριστὸς,</span> <span class='ocrx_word' id='word_1_151' title='bbox 370 1359 425 1396; x_wconf 80' lang='grc' dir='ltr'>διὰ</span> <span class='ocrx_word' id='word_1_152' title='bbox 456 1358 514 1396; x_wconf 81' lang='grc' dir='ltr'>τὸν</span> <span class='ocrx_word' id='word_1_153' title='bbox 537 1357 623 1396; x_wconf 83' lang='grc' dir='ltr'>κύνα</span> <span class='ocrx_word' id='word_1_154' title='bbox 647 1357 705 1397; x_wconf 77' lang='grc' dir='ltr'>καὶ</span> <span class='ocrx_word' id='word_1_155' title='bbox 723 1357 839 1396; x_wconf 87' lang='grc' dir='ltr'>πάντα</span> <span class='ocrx_word' id='word_1_156' title='bbox 867 1357 912 1396; x_wconf 74' lang='grc' dir='ltr'>τὰ</span> <span class='ocrx_word' id='word_1_157' title='bbox 933 1358 1097 1409; x_wconf 82' lang='grc' dir='ltr'>εἰρημένα</span> <span class='ocrx_word' id='word_1_158' title='bbox 1118 1360 1165 1400; x_wconf 88' lang='grc' dir='ltr'>εἷς</span> 
     </span>
     <span class='ocr_line' id='line_1_20' title="bbox 144 1418 1163 1470; baseline 0.001 -14"><span class='ocrx_word' id='word_1_159' title='bbox 144 1419 289 1470; x_wconf 74' lang='grc' dir='ltr'>ἔσχατον</span> <span class='ocrx_word' id='word_1_160' title='bbox 310 1418 553 1457; x_wconf 83' lang='grc' dir='ltr'>κατακλείεται</span> <span class='ocrx_word' id='word_1_161' title='bbox 581 1418 697 1470; x_wconf 88' lang='grc' dir='ltr'>λιμόν.</span> <span class='ocrx_word' id='word_1_162' title='bbox 717 1419 764 1457; x_wconf 89' lang='grc' dir='ltr'>Τί</span> <span class='ocrx_word' id='word_1_163' title='bbox 782 1418 912 1465; x_wconf 85' lang='grc' dir='ltr'>ταύτης</span> <span class='ocrx_word' id='word_1_164' title='bbox 941 1421 1004 1464; x_wconf 74' lang='grc' dir='ltr'>τῆς</span> <span class='ocrx_word' id='word_1_165' title='bbox 1032 1418 1163 1470; x_wconf 79' lang='grc' dir='ltr'>συγχύ-</span> 
     </span>
     <span class='ocr_line' id='line_1_21' title="bbox 145 1478 1164 1533; baseline -0.001 -16"><span class='ocrx_word' id='word_1_166' title='bbox 145 1494 231 1522; x_wconf 88' lang='grc' dir='ltr'>σεως</span> <span class='ocrx_word' id='word_1_167' title='bbox 246 1484 382 1533; x_wconf 75' lang='grc' dir='ltr'>χεῖρον,</span> <span class='ocrx_word' id='word_1_168' title='bbox 398 1478 432 1516; x_wconf 87' lang='grc' dir='ltr'>τί</span> <span class='ocrx_word' id='word_1_169' title='bbox 446 1482 508 1524; x_wconf 61' lang='grc' dir='ltr'>τῆς</span> <span class='ocrx_word' id='word_1_170' title='bbox 527 1479 747 1531; x_wconf 85' lang='grc' dir='ltr'>παρανομίας</span> <span class='ocrx_word' id='word_1_171' title='bbox 761 1478 890 1524; x_wconf 87' lang='grc' dir='ltr'>ταύτης</span> <span class='ocrx_word' id='word_1_172' title='bbox 900 1478 1164 1531; x_wconf 71' lang='grc' dir='ltr'>χαλεπώτερον,</span> 
     </span>
     <span class='ocr_line' id='line_1_22' title="bbox 145 1538 1163 1591; baseline 0 -14"><span class='ocrx_word' id='word_1_173' title='bbox 145 1539 246 1577; x_wconf 85' lang='grc' dir='ltr'>πόσοι</span> <span class='ocrx_word' id='word_1_174' title='bbox 261 1539 412 1589; x_wconf 79' lang='grc' dir='ltr'>ποταμοὶ</span> <span class='ocrx_word' id='word_1_175' title='bbox 431 1539 537 1591; x_wconf 84' lang='grc' dir='ltr'>πυρὸς</span> <span class='ocrx_word' id='word_1_176' title='bbox 557 1540 742 1591; x_wconf 74' lang='grc' dir='ltr'>ἀρκέσουσι</span> <span class='ocrx_word' id='word_1_177' title='bbox 756 1541 799 1589; x_wconf 73' lang='grc' dir='ltr'>τῇ</span> <span class='ocrx_word' id='word_1_178' title='bbox 819 1538 962 1590; x_wconf 79' lang='grc' dir='ltr'>τοιαύτῃ</span> <span class='ocrx_word' id='word_1_179' title='bbox 977 1540 1070 1590; x_wconf 73' lang='grc' dir='ltr'>ψυχῇ</span> <span class='ocrx_word' id='word_1_180' title='bbox 1087 1556 1096 1586; x_wconf 83' lang='grc'><strong>;</strong></span> <span class='ocrx_word' id='word_1_181' title='bbox 1117 1538 1163 1577; x_wconf 70' lang='lat' dir='ltr'>‘O</span> 
     </span>
     <span class='ocr_line' id='line_1_23' title="bbox 148 1599 1163 1651; baseline -0.002 -14"><span class='ocrx_word' id='word_1_182' title='bbox 148 1599 208 1649; x_wconf 75' lang='grc' dir='ltr'>μὲν</span> <span class='ocrx_word' id='word_1_183' title='bbox 228 1601 305 1637; x_wconf 77' lang='grc' dir='ltr'>κατ’</span> <span class='ocrx_word' id='word_1_184' title='bbox 322 1599 438 1637; x_wconf 84' lang='grc' dir='ltr'>εἰκόνα</span> <span class='ocrx_word' id='word_1_185' title='bbox 451 1603 510 1636; x_wconf 81' lang='grc' dir='ltr'>τοῦ</span> <span class='ocrx_word' id='word_1_186' title='bbox 533 1601 624 1638; x_wconf 85' lang='grc' dir='ltr'>Θεοῦ</span> <span class='ocrx_word' id='word_1_187' title='bbox 640 1599 867 1651; x_wconf 77' lang='grc' dir='ltr'>γεγενημένος</span> <span class='ocrx_word' id='word_1_188' title='bbox 886 1599 1029 1646; x_wconf 79' lang='grc' dir='ltr'>ἕστηκεν</span> <span class='ocrx_word' id='word_1_189' title='bbox 1046 1600 1163 1650; x_wconf 75' lang='grc' dir='ltr'>ἀσχη-</span> 
     </span>
     <span class='ocr_line' id='line_1_24' title="bbox 147 1659 1162 1712; baseline 0.001 -15"><span class='ocrx_word' id='word_1_190' title='bbox 147 1663 259 1709; x_wconf 81' lang='grc' dir='ltr'>μονῶν</span> <span class='ocrx_word' id='word_1_191' title='bbox 290 1659 345 1697; x_wconf 79' lang='grc' dir='ltr'>διὰ</span> <span class='ocrx_word' id='word_1_192' title='bbox 373 1660 435 1706; x_wconf 80' lang='grc' dir='ltr'>τὴν</span> <span class='ocrx_word' id='word_1_193' title='bbox 472 1659 535 1707; x_wconf 81' lang='grc' dir='ltr'>σὴν</span> <span class='ocrx_word' id='word_1_194' title='bbox 572 1660 819 1711; x_wconf 83' lang='grc' dir='ltr'>ἀπανθρωπίαν</span> <span class='ocrx_word' id='word_1_195' title='bbox 834 1675 841 1683; x_wconf 92' lang='grc'><em>·</em></span> <span class='ocrx_word' id='word_1_196' title='bbox 864 1663 900 1699; x_wconf 81' lang='grc' dir='ltr'>αἱ</span> <span class='ocrx_word' id='word_1_197' title='bbox 921 1659 956 1697; x_wconf 80' lang='grc' dir='ltr'>δὲ</span> <span class='ocrx_word' id='word_1_198' title='bbox 976 1660 1070 1712; x_wconf 67' lang='grc' dir='ltr'>ὄψεις</span> <span class='ocrx_word' id='word_1_199' title='bbox 1095 1663 1162 1698; x_wconf 85' lang='grc' dir='ltr'>τῶν</span> 
     </span>
     <span class='ocr_line' id='line_1_25' title="bbox 144 1720 1161 1777; baseline 0.002 -20"><span class='ocrx_word' id='word_1_200' title='bbox 144 1720 295 1770; x_wconf 75' lang='grc' dir='ltr'>ἡμιόνων</span> <span class='ocrx_word' id='word_1_201' title='bbox 318 1723 386 1777; x_wconf 62' lang='grc' dir='ltr'>τῷν</span> <span class='ocrx_word' id='word_1_202' title='bbox 416 1720 479 1768; x_wconf 79' lang='grc' dir='ltr'>τὴν</span> <span class='ocrx_word' id='word_1_203' title='bbox 502 1727 648 1772; x_wconf 85' lang='grc' dir='ltr'>γυναῖκα</span> <span class='ocrx_word' id='word_1_204' title='bbox 667 1724 841 1774; x_wconf 82' lang='grc' dir='ltr'>φερουσῶν</span> <span class='ocrx_word' id='word_1_205' title='bbox 868 1720 931 1768; x_wconf 74' lang='grc' dir='ltr'>τὴν</span> <span class='ocrx_word' id='word_1_206' title='bbox 955 1720 1018 1768; x_wconf 79' lang='grc' dir='ltr'>σὴν</span> <span class='ocrx_word' id='word_1_207' title='bbox 1042 1723 1161 1773; x_wconf 79' lang='grc' dir='ltr'>πολλῷ</span> 
     </span>
     <span class='ocr_line' id='line_1_26' title="bbox 145 1781 1162 1835; baseline 0.002 -17"><span class='ocrx_word' id='word_1_208' title='bbox 145 1781 436 1831; x_wconf 85' lang='grc' dir='ltr'>καταλάμπονται</span> <span class='ocrx_word' id='word_1_209' title='bbox 453 1782 588 1835; x_wconf 79' lang='grc' dir='ltr'>χρυσίῳ</span> <span class='ocrx_word' id='word_1_210' title='bbox 600 1812 609 1830; x_wconf 96' lang='grc'>,</span> <span class='ocrx_word' id='word_1_211' title='bbox 624 1782 706 1820; x_wconf 62' lang='grc' dir='ltr'>ὃκαὶ</span> <span class='ocrx_word' id='word_1_212' title='bbox 721 1781 765 1819; x_wconf 82' lang='grc' dir='ltr'>τὰ</span> <span class='ocrx_word' id='word_1_213' title='bbox 781 1781 937 1834; x_wconf 82' lang='grc' dir='ltr'>δέρματα</span> <span class='ocrx_word' id='word_1_214' title='bbox 948 1781 1006 1819; x_wconf 82' lang='grc' dir='ltr'>καὶ</span> <span class='ocrx_word' id='word_1_215' title='bbox 1021 1781 1065 1819; x_wconf 79' lang='grc' dir='ltr'>τὰ</span> <span class='ocrx_word' id='word_1_216' title='bbox 1079 1781 1162 1825; x_wconf 85' lang='grc' dir='ltr'>ξύλα</span> 
     </span>
     <span class='ocr_line' id='line_1_27' title="bbox 143 1841 1160 1895; baseline 0.002 -17"><span class='ocrx_word' id='word_1_217' title='bbox 143 1841 188 1879; x_wconf 77' lang='grc' dir='ltr'>τὰ</span> <span class='ocrx_word' id='word_1_218' title='bbox 207 1841 268 1888; x_wconf 64' lang='grc' dir='ltr'>τὴν</span> <span class='ocrx_word' id='word_1_219' title='bbox 290 1842 415 1894; x_wconf 82' lang='grc' dir='ltr'>στέγην</span> <span class='ocrx_word' id='word_1_220' title='bbox 439 1843 569 1890; x_wconf 81' lang='grc' dir='ltr'>ἐκείνην</span> <span class='ocrx_word' id='word_1_221' title='bbox 597 1843 783 1895; x_wconf 76' lang='grc' dir='ltr'>ὑφαίνοντα</span> <span class='ocrx_word' id='word_1_222' title='bbox 797 1857 804 1865; x_wconf 95' lang='grc'>·</span> <span class='ocrx_word' id='word_1_223' title='bbox 824 1842 887 1880; x_wconf 77' lang='grc' dir='ltr'>κᾶν</span> <span class='ocrx_word' id='word_1_224' title='bbox 908 1842 1025 1894; x_wconf 82' lang='grc' dir='ltr'>θρόνον</span> <span class='ocrx_word' id='word_1_225' title='bbox 1046 1859 1160 1881; x_wconf 87' lang='grc' dir='ltr'>κατα-</span> 
     </span>
     <span class='ocr_line' id='line_1_28' title="bbox 144 1900 1161 1953; baseline 0.001 -15"><span class='ocrx_word' id='word_1_226' title='bbox 144 1900 312 1938; x_wconf 81' lang='grc' dir='ltr'>σκευάσαι</span> <span class='ocrx_word' id='word_1_227' title='bbox 327 1901 408 1952; x_wconf 81' lang='grc' dir='ltr'>δέῃ,</span> <span class='ocrx_word' id='word_1_228' title='bbox 431 1902 494 1939; x_wconf 79' lang='grc' dir='ltr'>κᾶν</span> <span class='ocrx_word' id='word_1_229' title='bbox 514 1902 714 1950; x_wconf 79' lang='grc' dir='ltr'>ὑποπόδιον,</span> <span class='ocrx_word' id='word_1_230' title='bbox 733 1901 848 1939; x_wconf 86' lang='grc' dir='ltr'>πάντα</span> <span class='ocrx_word' id='word_1_231' title='bbox 870 1901 937 1940; x_wconf 77' lang='grc' dir='ltr'>ὑπὸ</span> <span class='ocrx_word' id='word_1_232' title='bbox 954 1905 1083 1953; x_wconf 81' lang='grc' dir='ltr'>χρυσοῦ</span> <span class='ocrx_word' id='word_1_233' title='bbox 1101 1902 1161 1940; x_wconf 79' lang='grc' dir='ltr'>καὶ</span> 
     </span>
     <span class='ocr_line' id='line_1_29' title="bbox 145 1961 1160 2014; baseline 0.002 -16"><span class='ocrx_word' id='word_1_234' title='bbox 145 1961 290 2013; x_wconf 79' lang='grc' dir='ltr'>ἀργύρου</span> <span class='ocrx_word' id='word_1_235' title='bbox 310 1963 645 2007; x_wconf 85' lang='grc' dir='ltr'>κατασκευάζονται·</span> <span class='ocrx_word' id='word_1_236' title='bbox 672 1962 710 2000; x_wconf 85' lang='grc' dir='ltr'>τὸ</span> <span class='ocrx_word' id='word_1_237' title='bbox 728 1961 764 2000; x_wconf 82' lang='grc' dir='ltr'>δὲ</span> <span class='ocrx_word' id='word_1_238' title='bbox 782 1965 841 1999; x_wconf 89' lang='grc' dir='ltr'>τοῦ</span> <span class='ocrx_word' id='word_1_239' title='bbox 860 1962 1013 2014; x_wconf 78' lang='grc' dir='ltr'>Χριστοῦ</span> <span class='ocrx_word' id='word_1_240' title='bbox 1035 1962 1136 2012; x_wconf 89' lang='grc' dir='ltr'>μέλος</span> <span class='ocrx_word' id='word_1_241' title='bbox 1150 1993 1160 2010; x_wconf 95' lang='grc'>,</span> 
     </span>
     <span class='ocr_line' id='line_1_30' title="bbox 144 2017 1160 2076; baseline 0 -17"><span class='ocrx_word' id='word_1_242' title='bbox 144 2022 203 2059; x_wconf 79' lang='grc' dir='ltr'>καὶ</span> <span class='ocrx_word' id='word_1_243' title='bbox 224 2023 265 2059; x_wconf 82' lang='grc' dir='ltr'>δι’</span> <span class='ocrx_word' id='word_1_244' title='bbox 279 2023 313 2061; x_wconf 85' lang='grc' dir='ltr'>ὃν</span> <span class='ocrx_word' id='word_1_245' title='bbox 330 2022 364 2066; x_wconf 81' lang='grc' dir='ltr'>ἐξ</span> <span class='ocrx_word' id='word_1_246' title='bbox 383 2026 524 2075; x_wconf 68' lang='grc' dir='ltr'>οὐρανοῦ</span> <span class='ocrx_word' id='word_1_247' title='bbox 547 2023 783 2076; x_wconf 87' lang='grc' dir='ltr'>παραγέγονε,</span> <span class='ocrx_word' id='word_1_248' title='bbox 804 2021 862 2060; x_wconf 86' lang='grc' dir='ltr'>καὶ</span> <span class='ocrx_word' id='word_1_249' title='bbox 881 2022 920 2060; x_wconf 81' lang='grc' dir='ltr'>τὸ</span> <span class='ocrx_word' id='word_1_250' title='bbox 940 2022 1055 2073; x_wconf 90' lang='grc' dir='ltr'>τίμιον</span> <span class='ocrx_word' id='word_1_251' title='bbox 1073 2017 1160 2072; x_wconf 67' lang='grc' dir='ltr'>αἷμα</span> 
     </span>
     <span class='ocr_line' id='line_1_31' title="bbox 142 2081 1158 2136; baseline 0.002 -17"><span class='ocrx_word' id='word_1_252' title='bbox 142 2081 275 2133; x_wconf 74' lang='grc' dir='ltr'>ἐξέχεεν</span> <span class='ocrx_word' id='word_1_253' title='bbox 292 2113 301 2127; x_wconf 89' lang='grc'>,</span> <span class='ocrx_word' id='word_1_254' title='bbox 324 2083 400 2122; x_wconf 78' lang='grc' dir='ltr'>οὐδὲ</span> <span class='ocrx_word' id='word_1_255' title='bbox 418 2088 478 2130; x_wconf 67' lang='grc' dir='ltr'>τῆς</span> <span class='ocrx_word' id='word_1_256' title='bbox 492 2083 681 2136; x_wconf 81' lang='grc' dir='ltr'>ἀναγκαίας</span> <span class='ocrx_word' id='word_1_257' title='bbox 701 2082 868 2122; x_wconf 83' lang='grc' dir='ltr'>ἀπολαύει</span> <span class='ocrx_word' id='word_1_258' title='bbox 883 2085 1010 2136; x_wconf 62' lang='grc' dir='ltr'>τροφῆς</span> <span class='ocrx_word' id='word_1_259' title='bbox 1026 2082 1083 2121; x_wconf 83' lang='grc' dir='ltr'>διὰ</span> <span class='ocrx_word' id='word_1_260' title='bbox 1095 2083 1158 2130; x_wconf 73' lang='grc' dir='ltr'>τὴν</span> 
     </span>
     <span class='ocr_line' id='line_1_32' title="bbox 143 2142 1159 2196; baseline 0.001 -17"><span class='ocrx_word' id='word_1_261' title='bbox 143 2142 339 2187; x_wconf 80' lang='grc' dir='ltr'>πλεονεξίαν</span> <span class='ocrx_word' id='word_1_262' title='bbox 359 2143 422 2190; x_wconf 84' lang='grc' dir='ltr'>τὴν</span> <span class='ocrx_word' id='word_1_263' title='bbox 442 2144 516 2191; x_wconf 78' lang='grc' dir='ltr'>σήν.</span> <span class='ocrx_word' id='word_1_264' title='bbox 537 2144 628 2182; x_wconf 83' lang='grc' dir='ltr'>Ἀλλ’</span> <span class='ocrx_word' id='word_1_265' title='bbox 650 2147 685 2182; x_wconf 83' lang='grc' dir='ltr'>αἱ</span> <span class='ocrx_word' id='word_1_266' title='bbox 706 2142 767 2194; x_wconf 75' lang='grc' dir='ltr'>μὲν</span> <span class='ocrx_word' id='word_1_267' title='bbox 781 2145 896 2181; x_wconf 89' lang='grc' dir='ltr'>κλῖναι</span> <span class='ocrx_word' id='word_1_268' title='bbox 910 2142 1050 2196; x_wconf 86' lang='grc' dir='ltr'>ἀργύρῳ</span> <span class='ocrx_word' id='word_1_269' title='bbox 1069 2143 1159 2181; x_wconf 89' lang='grc' dir='ltr'>πάν-</span> 
     </span>
     <span class='ocr_line' id='line_1_33' title="bbox 141 2203 1158 2257; baseline 0.002 -17"><span class='ocrx_word' id='word_1_270' title='bbox 141 2203 236 2241; x_wconf 88' lang='grc' dir='ltr'>τοθέν</span> <span class='ocrx_word' id='word_1_271' title='bbox 258 2206 323 2242; x_wconf 88' lang='grc' dir='ltr'>εἰσι</span> <span class='ocrx_word' id='word_1_272' title='bbox 340 2205 637 2257; x_wconf 67' lang='grc' dir='ltr'>περιὸεὸλημέναι</span> <span class='ocrx_word' id='word_1_273' title='bbox 650 2235 659 2252; x_wconf 96' lang='grc'>,</span> <span class='ocrx_word' id='word_1_274' title='bbox 677 2204 721 2242; x_wconf 83' lang='grc' dir='ltr'>τὰ</span> <span class='ocrx_word' id='word_1_275' title='bbox 739 2205 774 2243; x_wconf 80' lang='grc' dir='ltr'>δὲ</span> <span class='ocrx_word' id='word_1_276' title='bbox 794 2203 944 2254; x_wconf 86' lang='grc' dir='ltr'>σώματα</span> <span class='ocrx_word' id='word_1_277' title='bbox 961 2207 1029 2241; x_wconf 81' lang='grc' dir='ltr'>τῶν</span> <span class='ocrx_word' id='word_1_278' title='bbox 1050 2203 1158 2256; x_wconf 82' lang='grc' dir='ltr'>ἁγίων</span> 
     </span>
     <span class='ocr_line' id='line_1_34' title="bbox 140 2263 1157 2317; baseline 0.002 -17"><span class='ocrx_word' id='word_1_279' title='bbox 140 2263 198 2301; x_wconf 78' lang='grc' dir='ltr'>καὶ</span> <span class='ocrx_word' id='word_1_280' title='bbox 217 2268 278 2310; x_wconf 72' lang='grc' dir='ltr'>τῆς</span> <span class='ocrx_word' id='word_1_281' title='bbox 296 2264 484 2317; x_wconf 84' lang='grc' dir='ltr'>ἀναγκαίας</span> <span class='ocrx_word' id='word_1_282' title='bbox 502 2265 737 2317; x_wconf 80' lang='grc' dir='ltr'>ἀπεστέρηται</span> <span class='ocrx_word' id='word_1_283' title='bbox 756 2264 889 2311; x_wconf 84' lang='grc' dir='ltr'>σκέπης</span> <span class='ocrx_word' id='word_1_284' title='bbox 903 2280 911 2288; x_wconf 87' lang='grc'>·</span> <span class='ocrx_word' id='word_1_285' title='bbox 938 2264 997 2302; x_wconf 78' lang='grc' dir='ltr'>καὶ</span> <span class='ocrx_word' id='word_1_286' title='bbox 1016 2264 1157 2302; x_wconf 92' lang='grc' dir='ltr'>πάντων</span> 
     </span>
     <span class='ocr_line' id='line_1_35' title="bbox 139 2325 1157 2379; baseline 0.001 -17"><span class='ocrx_word' id='word_1_287' title='bbox 139 2340 193 2362; x_wconf 83' lang='grc' dir='ltr'>σοι</span> <span class='ocrx_word' id='word_1_288' title='bbox 219 2326 356 2377; x_wconf 84' lang='grc' dir='ltr'>γέγονεν</span> <span class='ocrx_word' id='word_1_289' title='bbox 386 2326 590 2379; x_wconf 85' lang='grc' dir='ltr'>ἀτιμότερος</span> <span class='ocrx_word' id='word_1_290' title='bbox 618 2329 635 2364; x_wconf 87' lang='grc' dir='ltr'>ὁ</span> <span class='ocrx_word' id='word_1_291' title='bbox 659 2326 827 2379; x_wconf 80' lang='grc' dir='ltr'>Χριστὸς,</span> <span class='ocrx_word' id='word_1_292' title='bbox 847 2325 907 2363; x_wconf 81' lang='grc' dir='ltr'>καὶ</span> <span class='ocrx_word' id='word_1_293' title='bbox 937 2327 1079 2364; x_wconf 80' lang='grc' dir='ltr'>οἰκετῶν</span> <span class='ocrx_word' id='word_1_294' title='bbox 1098 2326 1157 2363; x_wconf 82' lang='grc' dir='ltr'>καὶ</span> 
     </span>
     <span class='ocr_line' id='line_1_36' title="bbox 137 2385 1157 2440; baseline 0.002 -18"><span class='ocrx_word' id='word_1_295' title='bbox 137 2385 290 2435; x_wconf 81' lang='grc' dir='ltr'>ἡμιόνων</span> <span class='ocrx_word' id='word_1_296' title='bbox 310 2386 369 2424; x_wconf 84' lang='grc' dir='ltr'>καὶ</span> <span class='ocrx_word' id='word_1_297' title='bbox 383 2386 503 2433; x_wconf 85' lang='grc' dir='ltr'>κλίνης</span> <span class='ocrx_word' id='word_1_298' title='bbox 517 2386 576 2425; x_wconf 87' lang='grc' dir='ltr'>καὶ</span> <span class='ocrx_word' id='word_1_299' title='bbox 591 2385 709 2440; x_wconf 86' lang='grc' dir='ltr'>θρόνου</span> <span class='ocrx_word' id='word_1_300' title='bbox 725 2385 784 2423; x_wconf 81' lang='grc' dir='ltr'>καὶ</span> <span class='ocrx_word' id='word_1_301' title='bbox 798 2385 1000 2424; x_wconf 81' lang='grc' dir='ltr'>ὑποποδίου.</span> <span class='ocrx_word' id='word_1_302' title='bbox 1017 2385 1074 2424; x_wconf 88' lang='grc' dir='ltr'>Τὰ</span> <span class='ocrx_word' id='word_1_303' title='bbox 1089 2385 1157 2439; x_wconf 84' lang='grc' dir='ltr'>γὰρ</span> 
     </span>
     <span class='ocr_line' id='line_1_37' title="bbox 138 2446 1157 2500; baseline 0 -16"><span class='ocrx_word' id='word_1_304' title='bbox 138 2446 188 2484; x_wconf 85' lang='grc' dir='ltr'>ἔτι</span> <span class='ocrx_word' id='word_1_305' title='bbox 207 2446 335 2485; x_wconf 87' lang='grc' dir='ltr'>τούτων</span> <span class='ocrx_word' id='word_1_306' title='bbox 357 2446 546 2500; x_wconf 85' lang='grc' dir='ltr'>ἀτιμότερα</span> <span class='ocrx_word' id='word_1_307' title='bbox 567 2447 672 2494; x_wconf 89' lang='grc' dir='ltr'>σκεύη</span> <span class='ocrx_word' id='word_1_308' title='bbox 701 2446 855 2500; x_wconf 90' lang='grc' dir='ltr'>παρίημι</span> <span class='ocrx_word' id='word_1_309' title='bbox 880 2446 1157 2497; x_wconf 90' lang='grc' dir='ltr'>καταλιμπάνων</span> 
     </span>
     <span class='ocr_line' id='line_1_38' title="bbox 140 2506 1158 2560; baseline 0.004 -18"><span class='ocrx_word' id='word_1_310' title='bbox 140 2509 219 2556; x_wconf 77' lang='grc' dir='ltr'>ὑμῖν</span> <span class='ocrx_word' id='word_1_311' title='bbox 238 2507 375 2545; x_wconf 78' lang='grc' dir='ltr'>εἰδέναι.</span> <span class='ocrx_word' id='word_1_312' title='bbox 394 2509 440 2545; x_wconf 87' lang='grc' dir='ltr'>Εἰ</span> <span class='ocrx_word' id='word_1_313' title='bbox 463 2507 499 2545; x_wconf 78' lang='grc' dir='ltr'>δὲ</span> <span class='ocrx_word' id='word_1_314' title='bbox 514 2508 664 2560; x_wconf 75' lang='grc' dir='ltr'>φρίττεις</span> <span class='ocrx_word' id='word_1_315' title='bbox 679 2511 790 2545; x_wconf 89' lang='grc' dir='ltr'>ταῦτα</span> <span class='ocrx_word' id='word_1_316' title='bbox 811 2506 960 2555; x_wconf 90' lang='grc' dir='ltr'>ἀκούων,</span> <span class='ocrx_word' id='word_1_317' title='bbox 986 2506 1158 2553; x_wconf 86' lang='grc' dir='ltr'>ἀπόστηθι</span> 
     </span>
     <span class='ocr_line' id='line_1_39' title="bbox 139 2566 1156 2620; baseline 0.002 -16"><span class='ocrx_word' id='word_1_318' title='bbox 139 2566 316 2618; x_wconf 85' lang='grc' dir='ltr'>πράσσων,</span> <span class='ocrx_word' id='word_1_319' title='bbox 331 2567 389 2604; x_wconf 77' lang='grc' dir='ltr'>καὶ</span> <span class='ocrx_word' id='word_1_320' title='bbox 403 2568 496 2606; x_wconf 76' lang='grc' dir='ltr'>οὐδέν</span> <span class='ocrx_word' id='word_1_321' title='bbox 512 2584 550 2605; x_wconf 87' lang='grc' dir='ltr'>σε</span> <span class='ocrx_word' id='word_1_322' title='bbox 568 2568 694 2620; x_wconf 71' lang='grc' dir='ltr'>βλάψει</span> <span class='ocrx_word' id='word_1_323' title='bbox 707 2568 751 2606; x_wconf 79' lang='grc' dir='ltr'>τὰ</span> <span class='ocrx_word' id='word_1_324' title='bbox 766 2568 931 2619; x_wconf 79' lang='grc' dir='ltr'>εἰρημένα</span> <span class='ocrx_word' id='word_1_325' title='bbox 944 2584 951 2591; x_wconf 93' lang='grc'><strong><em>·</em></strong></span> <span class='ocrx_word' id='word_1_326' title='bbox 970 2567 1156 2615; x_wconf 87' lang='grc' dir='ltr'>ἀπόστηθι,</span> 
     </span>
     <span class='ocr_line' id='line_1_40' title="bbox 139 2627 1160 2680; baseline 0.002 -16"><span class='ocrx_word' id='word_1_327' title='bbox 139 2627 197 2664; x_wconf 82' lang='grc' dir='ltr'>καὶ</span> <span class='ocrx_word' id='word_1_328' title='bbox 227 2629 328 2672; x_wconf 81' lang='grc' dir='ltr'>στ’ἧθι</span> <span class='ocrx_word' id='word_1_329' title='bbox 346 2630 407 2674; x_wconf 68' lang='grc' dir='ltr'>τῆς</span> <span class='ocrx_word' id='word_1_330' title='bbox 437 2628 562 2678; x_wconf 86' lang='grc' dir='ltr'>μανίας</span> <span class='ocrx_word' id='word_1_331' title='bbox 578 2628 726 2675; x_wconf 87' lang='grc' dir='ltr'>ταύτης·</span> <span class='ocrx_word' id='word_1_332' title='bbox 749 2628 806 2666; x_wconf 85' lang='grc' dir='ltr'>καὶ</span> <span class='ocrx_word' id='word_1_333' title='bbox 825 2628 892 2680; x_wconf 87' lang='grc' dir='ltr'>γὰρ</span> <span class='ocrx_word' id='word_1_334' title='bbox 920 2627 1026 2678; x_wconf 86' lang='grc' dir='ltr'>μανία</span> <span class='ocrx_word' id='word_1_335' title='bbox 1048 2627 1160 2680; x_wconf 68' lang='grc' dir='ltr'>σαφὴς</span> 
     </span>
    </p>
   </div>
   <div class='ocr_carea' id='block_1_3' title="bbox 138 2687 1206 2740">
    <p class='ocr_par' dir='ltr' id='par_1_3' title="bbox 138 2687 1206 2740">
     <span class='ocr_line' id='line_1_41' title="bbox 138 2687 1206 2740; baseline 0.003 -16"><span class='ocrx_word' id='word_1_336' title='bbox 138 2691 158 2732; x_wconf 74' lang='grc' dir='ltr'>ἦ</span> <span class='ocrx_word' id='word_1_337' title='bbox 180 2687 259 2739; x_wconf 76' lang='grc' dir='ltr'>περὶ</span> <span class='ocrx_word' id='word_1_338' title='bbox 277 2692 386 2725; x_wconf 83' lang='grc' dir='ltr'>ταῦτα</span> <span class='ocrx_word' id='word_1_339' title='bbox 406 2688 555 2735; x_wconf 78' lang='grc' dir='ltr'>σπουδή.</span> <span class='ocrx_word' id='word_1_340' title='bbox 576 2689 640 2727; x_wconf 84' lang='grc' dir='ltr'>Διὸ</span> <span class='ocrx_word' id='word_1_341' title='bbox 658 2692 768 2726; x_wconf 86' lang='grc' dir='ltr'>ταῦτα</span> <span class='ocrx_word' id='word_1_342' title='bbox 788 2688 929 2740; x_wconf 82' lang='grc' dir='ltr'>ἀφέντες</span> <span class='ocrx_word' id='word_1_343' title='bbox 949 2688 1158 2740; x_wconf 67' lang='grc' dir='ltr'>ἀναῧλέψω-</span> <span class='ocrx_word' id='word_1_344' title='bbox 1181 2697 1206 2727; x_wconf 85' lang='lat' dir='ltr'>E</span> 
     </span>
    </p>
   </div>
   <div class='ocr_carea' id='block_1_4' title="bbox 134 2748 1157 3237">
    <p class='ocr_par' dir='ltr' id='par_1_4' title="bbox 134 2748 1157 3237">
     <span class='ocr_line' id='line_1_42' title="bbox 138 2748 1156 2801; baseline 0.002 -17"><span class='ocrx_word' id='word_1_345' title='bbox 138 2763 200 2797; x_wconf 90' lang='grc' dir='ltr'>μεν</span> <span class='ocrx_word' id='word_1_346' title='bbox 222 2748 283 2800; x_wconf 73' lang='grc' dir='ltr'>ὀψὲ</span> <span class='ocrx_word' id='word_1_347' title='bbox 298 2753 377 2799; x_wconf 84' lang='grc' dir='ltr'>γοῦν</span> <span class='ocrx_word' id='word_1_348' title='bbox 391 2764 475 2787; x_wconf 89' lang='grc' dir='ltr'>ποτε</span> <span class='ocrx_word' id='word_1_349' title='bbox 492 2750 539 2792; x_wconf 84' lang='grc' dir='ltr'>εἷς</span> <span class='ocrx_word' id='word_1_350' title='bbox 554 2749 611 2787; x_wconf 83' lang='grc' dir='ltr'>τὸν</span> <span class='ocrx_word' id='word_1_351' title='bbox 627 2749 781 2801; x_wconf 78' lang='grc' dir='ltr'>οὐρανὸν,</span> <span class='ocrx_word' id='word_1_352' title='bbox 802 2751 1078 2799; x_wconf 80' lang='grc' dir='ltr'>ἀναμνησθῶμεν</span> <span class='ocrx_word' id='word_1_353' title='bbox 1092 2752 1156 2795; x_wconf 69' lang='grc' dir='ltr'>τῆς</span> 
     </span>
     <span class='ocr_line' id='line_1_43' title="bbox 137 2808 1153 2863; baseline 0.001 -17"><span class='ocrx_word' id='word_1_354' title='bbox 137 2808 328 2858; x_wconf 76' lang='grc' dir='ltr'>μελλούσης</span> <span class='ocrx_word' id='word_1_355' title='bbox 349 2809 503 2863; x_wconf 85' lang='grc' dir='ltr'>ἡμέρας,</span> <span class='ocrx_word' id='word_1_356' title='bbox 524 2809 739 2860; x_wconf 79' lang='grc' dir='ltr'>ἐννοήσωμεν</span> <span class='ocrx_word' id='word_1_357' title='bbox 759 2810 798 2848; x_wconf 81' lang='grc' dir='ltr'>τὸ</span> <span class='ocrx_word' id='word_1_358' title='bbox 825 2810 969 2862; x_wconf 69' lang='grc' dir='ltr'>φοὸερὸν</span> <span class='ocrx_word' id='word_1_359' title='bbox 989 2810 1153 2857; x_wconf 80' lang='grc' dir='ltr'>δικαστή-</span> 
     </span>
     <span class='ocr_line' id='line_1_44' title="bbox 138 2869 1157 2922; baseline 0.001 -16"><span class='ocrx_word' id='word_1_360' title='bbox 138 2885 208 2921; x_wconf 87' lang='grc' dir='ltr'>ριον</span> <span class='ocrx_word' id='word_1_361' title='bbox 239 2869 377 2913; x_wconf 73' lang='grc' dir='ltr'>καὶτὰς</span> <span class='ocrx_word' id='word_1_362' title='bbox 398 2870 642 2922; x_wconf 65' lang='grc' dir='ltr'>ἠκριὲωμένας</span> <span class='ocrx_word' id='word_1_363' title='bbox 674 2869 814 2914; x_wconf 78' lang='grc' dir='ltr'>εὐθύνας</span> <span class='ocrx_word' id='word_1_364' title='bbox 843 2870 902 2908; x_wconf 80' lang='grc' dir='ltr'>καὶ</span> <span class='ocrx_word' id='word_1_365' title='bbox 932 2870 994 2917; x_wconf 83' lang='grc' dir='ltr'>τὴν</span> <span class='ocrx_word' id='word_1_366' title='bbox 1029 2870 1157 2908; x_wconf 79' lang='grc' dir='ltr'>ἀδέκα-</span> 
     </span>
     <span class='ocr_line' id='line_1_45' title="bbox 135 2930 1155 2982; baseline 0.002 -16"><span class='ocrx_word' id='word_1_367' title='bbox 135 2945 213 2968; x_wconf 87' lang='grc' dir='ltr'>στον</span> <span class='ocrx_word' id='word_1_368' title='bbox 235 2932 367 2982; x_wconf 58' lang='grc' dir='ltr'>ψῆφον·</span> <span class='ocrx_word' id='word_1_369' title='bbox 390 2930 629 2982; x_wconf 84' lang='grc' dir='ltr'>λογισώμεθα,</span> <span class='ocrx_word' id='word_1_370' title='bbox 660 2931 715 2970; x_wconf 78' lang='grc' dir='ltr'>ὅτι</span> <span class='ocrx_word' id='word_1_371' title='bbox 743 2935 853 2968; x_wconf 91' lang='grc' dir='ltr'>ταῦτα</span> <span class='ocrx_word' id='word_1_372' title='bbox 880 2930 996 2969; x_wconf 89' lang='grc' dir='ltr'>πάντα</span> <span class='ocrx_word' id='word_1_373' title='bbox 1030 2934 1117 2982; x_wconf 78' lang='grc' dir='ltr'>ὁρῶν</span> <span class='ocrx_word' id='word_1_374' title='bbox 1137 2933 1155 2968; x_wconf 84' lang='grc' dir='ltr'><strong><em>ὃ</em></strong></span> 
     </span>
     <span class='ocr_line' id='line_1_46' title="bbox 134 2990 1156 3042; baseline 0.001 -15"><span class='ocrx_word' id='word_1_375' title='bbox 134 2990 222 3033; x_wconf 80' lang='grc' dir='ltr'>Θεὸς</span> <span class='ocrx_word' id='word_1_376' title='bbox 235 3020 244 3036; x_wconf 94' lang='grc'>,</span> <span class='ocrx_word' id='word_1_377' title='bbox 260 2992 297 3027; x_wconf 84' lang='grc' dir='ltr'>οὐ</span> <span class='ocrx_word' id='word_1_378' title='bbox 316 2990 499 3041; x_wconf 78' lang='grc' dir='ltr'>κεραυνοὺς</span> <span class='ocrx_word' id='word_1_379' title='bbox 520 2991 647 3030; x_wconf 85' lang='grc' dir='ltr'>ἄνωθεν</span> <span class='ocrx_word' id='word_1_380' title='bbox 667 2991 812 3042; x_wconf 83' lang='grc' dir='ltr'>πέμπει·</span> <span class='ocrx_word' id='word_1_381' title='bbox 829 2990 993 3042; x_wconf 86' lang='grc' dir='ltr'>καίτοιγε</span> <span class='ocrx_word' id='word_1_382' title='bbox 1012 2993 1049 3029; x_wconf 80' lang='grc' dir='ltr'>οὐ</span> <span class='ocrx_word' id='word_1_383' title='bbox 1071 3006 1156 3037; x_wconf 85' lang='grc' dir='ltr'>σκη-</span> 
     </span>
     <span class='ocr_line' id='line_1_47' title="bbox 135 3049 1153 3101; baseline 0.005 -17"><span class='ocrx_word' id='word_1_384' title='bbox 135 3051 231 3085; x_wconf 83' lang='grc' dir='ltr'>πτῶν</span> <span class='ocrx_word' id='word_1_385' title='bbox 248 3049 325 3093; x_wconf 83' lang='grc' dir='ltr'>ἄξια</span> <span class='ocrx_word' id='word_1_386' title='bbox 340 3050 384 3088; x_wconf 77' lang='grc' dir='ltr'>τὰ</span> <span class='ocrx_word' id='word_1_387' title='bbox 398 3050 563 3101; x_wconf 87' lang='grc' dir='ltr'>γινόμενα</span> <span class='ocrx_word' id='word_1_388' title='bbox 584 3051 698 3101; x_wconf 87' lang='grc' dir='ltr'>μόνον.</span> <span class='ocrx_word' id='word_1_389' title='bbox 717 3051 808 3089; x_wconf 78' lang='grc' dir='ltr'>Ἀλλ’</span> <span class='ocrx_word' id='word_1_390' title='bbox 828 3050 905 3089; x_wconf 84' lang='grc' dir='ltr'>οὔτε</span> <span class='ocrx_word' id='word_1_391' title='bbox 924 3057 1024 3090; x_wconf 83' lang='grc' dir='ltr'>τοῦτο</span> <span class='ocrx_word' id='word_1_392' title='bbox 1038 3057 1128 3089; x_wconf 86' lang='grc' dir='ltr'>ποιεῖ</span> <span class='ocrx_word' id='word_1_393' title='bbox 1143 3080 1153 3099; x_wconf 93' lang='grc'>,</span> 
     </span>
     <span class='ocr_line' id='line_1_48' title="bbox 137 3114 1154 3169; baseline 0.005 -20"><span class='ocrx_word' id='word_1_394' title='bbox 137 3114 211 3150; x_wconf 77' lang='grc' dir='ltr'>οὔτε</span> <span class='ocrx_word' id='word_1_395' title='bbox 238 3114 299 3160; x_wconf 69' lang='grc' dir='ltr'>τὴν</span> <span class='ocrx_word' id='word_1_396' title='bbox 322 3115 497 3154; x_wconf 75' lang='grc' dir='ltr'>θάλασσαν</span> <span class='ocrx_word' id='word_1_397' title='bbox 519 3121 604 3168; x_wconf 82' lang='grc' dir='ltr'>ἡμῖν</span> <span class='ocrx_word' id='word_1_398' title='bbox 631 3117 833 3169; x_wconf 70' lang='grc' dir='ltr'>ἐπαφίησιν,</span> <span class='ocrx_word' id='word_1_399' title='bbox 852 3120 890 3155; x_wconf 77' lang='grc' dir='ltr'>οὐ</span> <span class='ocrx_word' id='word_1_400' title='bbox 917 3117 980 3163; x_wconf 80' lang='grc' dir='ltr'>τὴν</span> <span class='ocrx_word' id='word_1_401' title='bbox 1002 3121 1066 3168; x_wconf 69' lang='grc' dir='ltr'>γῆν</span> <span class='ocrx_word' id='word_1_402' title='bbox 1087 3117 1154 3168; x_wconf 80' lang='grc' dir='ltr'>ῥή-</span> 
     </span>
     <span class='ocr_line' id='line_1_49' title="bbox 137 3178 1153 3237; baseline 0.008 -23"><span class='ocrx_word' id='word_1_403' title='bbox 137 3194 233 3228; x_wconf 71' lang='grc' dir='ltr'>γνυσι</span> <span class='ocrx_word' id='word_1_404' title='bbox 254 3178 376 3229; x_wconf 85' lang='grc' dir='ltr'>μέσην,</span> <span class='ocrx_word' id='word_1_405' title='bbox 395 3182 432 3218; x_wconf 77' lang='grc' dir='ltr'>οὗ</span> <span class='ocrx_word' id='word_1_406' title='bbox 451 3181 508 3220; x_wconf 68' lang='grc' dir='ltr'>τὸν</span> <span class='ocrx_word' id='word_1_407' title='bbox 526 3182 624 3228; x_wconf 75' lang='grc' dir='ltr'>ἥλιον</span> <span class='ocrx_word' id='word_1_408' title='bbox 653 3183 847 3232; x_wconf 68' lang='grc' dir='ltr'>σὸέννυσιν,</span> <span class='ocrx_word' id='word_1_409' title='bbox 868 3186 905 3222; x_wconf 87' lang='grc' dir='ltr'>οὐ</span> <span class='ocrx_word' id='word_1_410' title='bbox 926 3184 983 3222; x_wconf 81' lang='grc' dir='ltr'>τὸν</span> <span class='ocrx_word' id='word_1_411' title='bbox 1012 3184 1153 3237; x_wconf 82' lang='grc' dir='ltr'>οὖρανὸν</span> 
     </span>
    </p>
   </div>
   <div class='ocr_carea' id='block_1_5' title="bbox 140 3245 1153 3301">
    <p class='ocr_par' dir='ltr' id='par_1_5' title="bbox 140 3245 1153 3301">
     <span class='ocr_line' id='line_1_50' title="bbox 140 3245 1153 3301; baseline 0.008 -20"><span class='ocrx_word' id='word_1_412' title='bbox 140 3245 251 3295; x_wconf 69' lang='grc' dir='ltr'>Ιἱίτττει</span> <span class='ocrx_word' id='word_1_413' title='bbox 273 3245 361 3295; x_wconf 78' lang='grc' dir='ltr'>μετὰ</span> <span class='ocrx_word' id='word_1_414' title='bbox 380 3250 447 3285; x_wconf 84' lang='grc' dir='ltr'>τῶν</span> <span class='ocrx_word' id='word_1_415' title='bbox 472 3249 636 3300; x_wconf 85' lang='grc' dir='ltr'>ἀστέρων,</span> <span class='ocrx_word' id='word_1_416' title='bbox 655 3252 692 3288; x_wconf 76' lang='grc' dir='ltr'>οὐ</span> <span class='ocrx_word' id='word_1_417' title='bbox 713 3250 828 3289; x_wconf 81' lang='grc' dir='ltr'>πάντα</span> <span class='ocrx_word' id='word_1_418' title='bbox 847 3251 965 3294; x_wconf 77' lang='grc' dir='ltr'>ἁπλῶς</span> <span class='ocrx_word' id='word_1_419' title='bbox 986 3253 1025 3289; x_wconf 84' lang='grc' dir='ltr'>ἐκ</span> <span class='ocrx_word' id='word_1_420' title='bbox 1048 3250 1153 3301; x_wconf 81' lang='grc' dir='ltr'>μέσου</span> 
     </span>
    </p>
   </div>
   <div class='ocr_carea' id='block_1_6' title="bbox 184 3380 1123 3430">
    <p class='ocr_par' dir='ltr' id='par_1_6' title="bbox 184 3380 1123 3430">
     <span class='ocr_line' id='line_1_51' title="bbox 184 3380 1123 3430; baseline 0.007 -20"><span class='ocrx_word' id='word_1_421' title='bbox 184 3390 190 3402; x_wconf 78' lang='lat'>¹</span> <span class='ocrx_word' id='word_1_422' title='bbox 217 3380 225 3421; x_wconf 96' lang='lat'>[</span> <span class='ocrx_word' id='word_1_423' title='bbox 242 3381 276 3411; x_wconf 81' lang='grc' dir='ltr'>Α.</span> <span class='ocrx_word' id='word_1_424' title='bbox 297 3380 423 3412; x_wconf 59' lang='lat' dir='ltr'>inverso</span> <span class='ocrx_word' id='word_1_425' title='bbox 437 3380 552 3414; x_wconf 81' lang='lat' dir='ltr'>ordine</span> <span class='ocrx_word' id='word_1_426' title='bbox 569 3388 616 3417; x_wconf 66' lang='lat' dir='ltr'>mi</span> <span class='ocrx_word' id='word_1_427' title='bbox 633 3388 757 3424; x_wconf 54' lang='lat' dir='ltr'>nze-&#39;³212</span> <span class='ocrx_word' id='word_1_428' title='bbox 774 3391 821 3420; x_wconf 71' lang='grc' dir='ltr'>καὶ</span> <span class='ocrx_word' id='word_1_429' title='bbox 836 3392 874 3420; x_wconf 69' lang='grc' dir='ltr'>τὰ</span> <span class='ocrx_word' id='word_1_430' title='bbox 896 3389 998 3430; x_wconf 71' lang='grc' dir='ltr'>ὀέρμ.,</span> <span class='ocrx_word' id='word_1_431' title='bbox 1012 3386 1096 3418; x_wconf 82' lang='lat' dir='ltr'>male</span> <span class='ocrx_word' id='word_1_432' title='bbox 1113 3390 1123 3429; x_wconf 86' lang='lat'>]</span> 
     </span>
    </p>
   </div>
   <div class='ocr_carea' id='block_1_7' title="bbox 1314 240 2217 304">
    <p class='ocr_par' dir='ltr' id='par_1_7' title="bbox 1314 240 2217 304">
     <span class='ocr_line' id='line_1_52' title="bbox 1314 240 2217 304; baseline 0.003 -21"><span class='ocrx_word' id='word_1_433' title='bbox 1314 252 1469 283; x_wconf 71' lang='lat' dir='ltr'>uomit„</span> <span class='ocrx_word' id='word_1_434' title='bbox 1508 254 1571 284; x_wconf 76' lang='lat' dir='ltr'>xi.</span> <span class='ocrx_word' id='word_1_435' title='bbox 2128 240 2217 304; x_wconf 68' lang='lat'>593</span> 
     </span>
    </p>
   </div>
   <div class='ocr_carea' id='block_1_8' title="bbox 1227 334 2222 3310">
    <p class='ocr_par' dir='ltr' id='par_1_8' title="bbox 1227 334 2222 3310">
     <span class='ocr_line' id='line_1_53' title="bbox 1238 334 2219 391; baseline 0.006 -20"><span class='ocrx_word' id='word_1_436' title='bbox 1238 334 1373 373; x_wconf 84' lang='lat' dir='ltr'>ciatum</span> <span class='ocrx_word' id='word_1_437' title='bbox 1394 335 1565 375; x_wconf 86' lang='lat' dir='ltr'>adhibet:</span> <span class='ocrx_word' id='word_1_438' title='bbox 1599 345 1638 375; x_wconf 91' lang='lat' dir='ltr'>tu</span> <span class='ocrx_word' id='word_1_439' title='bbox 1664 349 1748 376; x_wconf 85' lang='lat' dir='ltr'>vero</span> <span class='ocrx_word' id='word_1_440' title='bbox 1767 337 2023 391; x_wconf 85' lang='lat' dir='ltr'>sycophantiis,</span> <span class='ocrx_word' id='word_1_441' title='bbox 2037 337 2219 389; x_wconf 82' lang='lat' dir='ltr'>molestiis,</span> 
     </span>
     <span class='ocr_line' id='line_1_54' title="bbox 1237 397 2222 453; baseline 0.006 -19"><span class='ocrx_word' id='word_1_442' title='bbox 1237 397 1374 436; x_wconf 85' lang='lat' dir='ltr'>insidiis</span> <span class='ocrx_word' id='word_1_443' title='bbox 1400 399 1515 438; x_wconf 86' lang='lat' dir='ltr'>lucem</span> <span class='ocrx_word' id='word_1_444' title='bbox 1535 400 1609 438; x_wconf 91' lang='lat' dir='ltr'>illis</span> <span class='ocrx_word' id='word_1_445' title='bbox 1627 401 1663 438; x_wconf 94' lang='lat' dir='ltr'>in</span> <span class='ocrx_word' id='word_1_446' title='bbox 1679 400 1839 439; x_wconf 84' lang='lat' dir='ltr'><strong>tenebras</strong></span> <span class='ocrx_word' id='word_1_447' title='bbox 1877 410 2095 451; x_wconf 88' lang='lat' dir='ltr'>convertens,</span> <span class='ocrx_word' id='word_1_448' title='bbox 2114 401 2222 453; x_wconf 88' lang='lat' dir='ltr'>idque</span> 
     </span>
     <span class='ocr_line' id='line_1_55' title="bbox 1237 458 2221 513; baseline 0.006 -19"><span class='ocrx_word' id='word_1_449' title='bbox 1237 458 1393 497; x_wconf 85' lang='lat' dir='ltr'>efficiens</span> <span class='ocrx_word' id='word_1_450' title='bbox 1418 469 1457 497; x_wconf 90' lang='lat' dir='ltr'>ut</span> <span class='ocrx_word' id='word_1_451' title='bbox 1486 462 1680 500; x_wconf 82' lang='lat' dir='ltr'>sexcenties</span> <span class='ocrx_word' id='word_1_452' title='bbox 1713 461 1803 500; x_wconf 89' lang='lat' dir='ltr'>mori</span> <span class='ocrx_word' id='word_1_453' title='bbox 1829 462 1965 512; x_wconf 86' lang='lat' dir='ltr'>mallet,</span> <span class='ocrx_word' id='word_1_454' title='bbox 1990 462 2106 513; x_wconf 87' lang='lat' dir='ltr'>cogita</span> <span class='ocrx_word' id='word_1_455' title='bbox 2134 471 2221 513; x_wconf 91' lang='lat' dir='ltr'>quot</span> 
     </span>
     <span class='ocr_line' id='line_1_56' title="bbox 1238 522 2222 575; baseline 0.004 -19"><span class='ocrx_word' id='word_1_456' title='bbox 1238 528 1367 558; x_wconf 87' lang='lat' dir='ltr'>mortes</span> <span class='ocrx_word' id='word_1_457' title='bbox 1384 535 1449 572; x_wconf 87' lang='lat' dir='ltr'>pro</span> <span class='ocrx_word' id='word_1_458' title='bbox 1469 535 1536 559; x_wconf 88' lang='lat' dir='ltr'>una</span> <span class='ocrx_word' id='word_1_459' title='bbox 1555 533 1749 575; x_wconf 81' lang='lat' dir='ltr'>perpetres.</span> <span class='ocrx_word' id='word_1_460' title='bbox 1772 522 1949 573; x_wconf 82' lang='lat' dir='ltr'>Quodque</span> <span class='ocrx_word' id='word_1_461' title='bbox 1961 523 2121 561; x_wconf 89' lang='lat' dir='ltr'>omnium</span> <span class='ocrx_word' id='word_1_462' title='bbox 2139 536 2222 574; x_wconf 84' lang='lat' dir='ltr'>gra-</span> 
     </span>
     <span class='ocr_line' id='line_1_57' title="bbox 1237 581 2221 638; baseline 0.004 -18"><span class='ocrx_word' id='word_1_463' title='bbox 1237 581 1425 621; x_wconf 84' lang='lat' dir='ltr'>vissimum</span> <span class='ocrx_word' id='word_1_464' title='bbox 1443 594 1508 634; x_wconf 87' lang='lat' dir='ltr'>est,</span> <span class='ocrx_word' id='word_1_465' title='bbox 1526 585 1674 637; x_wconf 83' lang='lat' dir='ltr'>abripis,</span> <span class='ocrx_word' id='word_1_466' title='bbox 1693 586 1839 626; x_wconf 85' lang='lat' dir='ltr'>divitias</span> <span class='ocrx_word' id='word_1_467' title='bbox 1857 586 2026 637; x_wconf 84' lang='lat' dir='ltr'>acquiris,</span> <span class='ocrx_word' id='word_1_468' title='bbox 2041 599 2111 624; x_wconf 92' lang='lat' dir='ltr'>non</span> <span class='ocrx_word' id='word_1_469' title='bbox 2130 600 2221 638; x_wconf 87' lang='lat' dir='ltr'>pau-</span> 
     </span>
     <span class='ocr_line' id='line_1_58' title="bbox 1237 647 2220 699; baseline 0.007 -20"><span class='ocrx_word' id='word_1_470' title='bbox 1237 652 1372 693; x_wconf 86' lang='lat' dir='ltr'>pertate</span> <span class='ocrx_word' id='word_1_471' title='bbox 1399 659 1553 696; x_wconf 87' lang='lat' dir='ltr'>pressus,</span> <span class='ocrx_word' id='word_1_472' title='bbox 1576 659 1643 685; x_wconf 89' lang='lat' dir='ltr'>non</span> <span class='ocrx_word' id='word_1_473' title='bbox 1669 648 1761 685; x_wconf 81' lang='lat' dir='ltr'>fame</span> <span class='ocrx_word' id='word_1_474' title='bbox 1795 658 1950 699; x_wconf 84' lang='lat' dir='ltr'>cogente,</span> <span class='ocrx_word' id='word_1_475' title='bbox 1981 647 2042 686; x_wconf 87' lang='lat' dir='ltr'>sed</span> <span class='ocrx_word' id='word_1_476' title='bbox 2070 657 2110 686; x_wconf 86' lang='lat' dir='ltr'>ut</span> <span class='ocrx_word' id='word_1_477' title='bbox 2140 648 2220 698; x_wconf 85' lang='lat' dir='ltr'>equi</span> 
     </span>
     <span class='ocr_line' id='line_1_59' title="bbox 1236 703 2220 760; baseline 0.006 -21"><span class='ocrx_word' id='word_1_478' title='bbox 1236 703 1387 752; x_wconf 88' lang='lat' dir='ltr'>frenum,</span> <span class='ocrx_word' id='word_1_479' title='bbox 1413 704 1539 743; x_wconf 89' lang='lat' dir='ltr'>domus</span> <span class='ocrx_word' id='word_1_480' title='bbox 1558 715 1703 755; x_wconf 84' lang='lat' dir='ltr'>tectum,</span> <span class='ocrx_word' id='word_1_481' title='bbox 1726 716 1758 745; x_wconf 89' lang='lat' dir='ltr'>et</span> <span class='ocrx_word' id='word_1_482' title='bbox 1785 708 2029 746; x_wconf 83' lang='lat' dir='ltr'>columnarum</span> <span class='ocrx_word' id='word_1_483' title='bbox 2056 708 2220 760; x_wconf 86' lang='lat' dir='ltr'>capitella</span> 
     </span>
     <span class='ocr_line' id='line_1_60' title="bbox 1237 764 2219 820; baseline 0.007 -21"><span class='ocrx_word' id='word_1_484' title='bbox 1237 764 1350 801; x_wconf 90' lang='lat' dir='ltr'>multo</span> <span class='ocrx_word' id='word_1_485' title='bbox 1367 765 1572 803; x_wconf 82' lang='lat' dir='ltr'>oblinantur</span> <span class='ocrx_word' id='word_1_486' title='bbox 1585 781 1683 805; x_wconf 90' lang='lat' dir='ltr'>auro.</span> <span class='ocrx_word' id='word_1_487' title='bbox 1702 767 1826 818; x_wconf 83' lang='lat' dir='ltr'><strong>Ecqua</strong></span> <span class='ocrx_word' id='word_1_488' title='bbox 1846 768 2004 819; x_wconf 83' lang='lat' dir='ltr'>gehenna</span> <span class='ocrx_word' id='word_1_489' title='bbox 2021 769 2097 806; x_wconf 82' lang='lat' dir='ltr'>haec</span> <span class='ocrx_word' id='word_1_490' title='bbox 2110 768 2219 820; x_wconf 84' lang='lat' dir='ltr'>digna</span> 
     </span>
     <span class='ocr_line' id='line_1_61' title="bbox 1237 825 2220 879; baseline 0.007 -19"><span class='ocrx_word' id='word_1_491' title='bbox 1237 837 1306 861; x_wconf 90' lang='lat' dir='ltr'>non</span> <span class='ocrx_word' id='word_1_492' title='bbox 1326 825 1460 862; x_wconf 88' lang='lat' dir='ltr'>fuerint</span> <span class='ocrx_word' id='word_1_493' title='bbox 1470 855 1482 876; x_wconf 83' lang='grc'>,</span> <span class='ocrx_word' id='word_1_494' title='bbox 1504 825 1646 876; x_wconf 87' lang='lat' dir='ltr'>quando</span> <span class='ocrx_word' id='word_1_495' title='bbox 1663 828 1818 876; x_wconf 84' lang='lat' dir='ltr'>fratrem,</span> <span class='ocrx_word' id='word_1_496' title='bbox 1830 837 1862 865; x_wconf 90' lang='lat' dir='ltr'>et</span> <span class='ocrx_word' id='word_1_497' title='bbox 1879 842 1973 879; x_wconf 81' lang='lat' dir='ltr'>eum,</span> <span class='ocrx_word' id='word_1_498' title='bbox 1995 829 2056 879; x_wconf 90' lang='lat' dir='ltr'>qui</span> <span class='ocrx_word' id='word_1_499' title='bbox 2074 843 2220 867; x_wconf 88' lang='lat' dir='ltr'>arcano-</span> 
     </span>
     <span class='ocr_line' id='line_1_62' title="bbox 1238 884 2219 939; baseline 0.007 -19"><span class='ocrx_word' id='word_1_500' title='bbox 1238 898 1319 921; x_wconf 85' lang='lat' dir='ltr'>rum</span> <span class='ocrx_word' id='word_1_501' title='bbox 1336 884 1515 923; x_wconf 83' lang='lat' dir='ltr'>bonorum</span> <span class='ocrx_word' id='word_1_502' title='bbox 1532 895 1651 923; x_wconf 87' lang='lat' dir='ltr'>tecum</span> <span class='ocrx_word' id='word_1_503' title='bbox 1674 888 1853 939; x_wconf 82' lang='lat' dir='ltr'>particeps</span> <span class='ocrx_word' id='word_1_504' title='bbox 1873 897 1937 937; x_wconf 90' lang='lat' dir='ltr'>est,</span> <span class='ocrx_word' id='word_1_505' title='bbox 1983 898 2088 938; x_wconf 89' lang='lat' dir='ltr'>atque</span> <span class='ocrx_word' id='word_1_506' title='bbox 2120 903 2219 927; x_wconf 87' lang='lat' dir='ltr'>eous-</span> 
     </span>
     <span class='ocr_line' id='line_1_63' title="bbox 1238 945 2220 996; baseline 0.008 -17"><span class='ocrx_word' id='word_1_507' title='bbox 1238 957 1306 993; x_wconf 89' lang='lat' dir='ltr'>que</span> <span class='ocrx_word' id='word_1_508' title='bbox 1323 957 1344 980; x_wconf 92' lang='lat' dir='ltr'>a</span> <span class='ocrx_word' id='word_1_509' title='bbox 1366 945 1521 983; x_wconf 92' lang='lat' dir='ltr'>Domino</span> <span class='ocrx_word' id='word_1_510' title='bbox 1543 945 1737 984; x_wconf 85' lang='lat' dir='ltr'>honoratus</span> <span class='ocrx_word' id='word_1_511' title='bbox 1756 957 1806 985; x_wconf 91' lang='lat' dir='ltr'>est</span> <span class='ocrx_word' id='word_1_512' title='bbox 1821 957 1897 996; x_wconf 86' lang='lat' dir='ltr'>tuo,</span> <span class='ocrx_word' id='word_1_513' title='bbox 1919 948 1955 985; x_wconf 91' lang='lat' dir='ltr'>in</span> <span class='ocrx_word' id='word_1_514' title='bbox 1969 949 2066 986; x_wconf 88' lang='lat' dir='ltr'>mille</span> <span class='ocrx_word' id='word_1_515' title='bbox 2077 950 2220 987; x_wconf 82' lang='lat' dir='ltr'>calami-</span> 
     </span>
     <span class='ocr_line' id='line_1_64' title="bbox 1237 1007 2220 1061; baseline 0.007 -19"><span class='ocrx_word' id='word_1_516' title='bbox 1237 1013 1325 1043; x_wconf 86' lang='lat' dir='ltr'>tates</span> <span class='ocrx_word' id='word_1_517' title='bbox 1336 1007 1556 1059; x_wconf 85' lang='lat' dir='ltr'>praecipitem</span> <span class='ocrx_word' id='word_1_518' title='bbox 1575 1009 1662 1059; x_wconf 85' lang='lat' dir='ltr'>agis,</span> <span class='ocrx_word' id='word_1_519' title='bbox 1678 1019 1717 1046; x_wconf 93' lang='lat' dir='ltr'>ut</span> <span class='ocrx_word' id='word_1_520' title='bbox 1730 1009 1866 1061; x_wconf 84' lang='lat' dir='ltr'>lapides</span> <span class='ocrx_word' id='word_1_521' title='bbox 1876 1024 1978 1047; x_wconf 88' lang='lat' dir='ltr'>ornes</span> <span class='ocrx_word' id='word_1_522' title='bbox 1993 1019 2024 1047; x_wconf 88' lang='lat' dir='ltr'>ct</span> <span class='ocrx_word' id='word_1_523' title='bbox 2037 1011 2220 1061; x_wconf 88' lang='lat' dir='ltr'>pavimen-</span> 
     </span>
     <span class='ocr_line' id='line_1_65' title="bbox 1237 1065 2221 1108; baseline 0.006 -7"><span class='ocrx_word' id='word_1_524' title='bbox 1237 1073 1313 1102; x_wconf 88' lang='lat' dir='ltr'>tum</span> <span class='ocrx_word' id='word_1_525' title='bbox 1333 1065 1460 1105; x_wconf 84' lang='lat' dir='ltr'>domus</span> <span class='ocrx_word' id='word_1_526' title='bbox 1480 1076 1548 1105; x_wconf 83' lang='lat' dir='ltr'>tuae</span> <span class='ocrx_word' id='word_1_527' title='bbox 1568 1082 1701 1106; x_wconf 88' lang='lat' dir='ltr'>necnon</span> <span class='ocrx_word' id='word_1_528' title='bbox 1716 1069 1906 1107; x_wconf 84' lang='lat' dir='ltr'>brutorum</span> <span class='ocrx_word' id='word_1_529' title='bbox 1921 1069 2131 1107; x_wconf 84' lang='lat' dir='ltr'>animalium</span> <span class='ocrx_word' id='word_1_530' title='bbox 2150 1085 2221 1108; x_wconf 92' lang='lat' dir='ltr'>cor-</span> 
     </span>
     <span class='ocr_line' id='line_1_66' title="bbox 1236 1127 2221 1181; baseline 0.005 -18"><span class='ocrx_word' id='word_1_531' title='bbox 1236 1140 1337 1178; x_wconf 85' lang='lat' dir='ltr'>pora,</span> <span class='ocrx_word' id='word_1_532' title='bbox 1349 1141 1428 1177; x_wconf 84' lang='lat' dir='ltr'>quae</span> <span class='ocrx_word' id='word_1_533' title='bbox 1442 1127 1539 1166; x_wconf 90' lang='lat' dir='ltr'>bunc</span> <span class='ocrx_word' id='word_1_534' title='bbox 1557 1139 1721 1167; x_wconf 86' lang='lat' dir='ltr'>ornatum</span> <span class='ocrx_word' id='word_1_535' title='bbox 1732 1143 1775 1167; x_wconf 90' lang='lat' dir='ltr'>ne</span> <span class='ocrx_word' id='word_1_536' title='bbox 1787 1129 1942 1167; x_wconf 90' lang='lat' dir='ltr'>sentiunt</span> <span class='ocrx_word' id='word_1_537' title='bbox 1957 1130 2102 1181; x_wconf 86' lang='lat' dir='ltr'>quidem</span> <span class='ocrx_word' id='word_1_538' title='bbox 2117 1130 2133 1168; x_wconf 72' lang='grc' dir='ltr'><em>Ρ</em></span> <span class='ocrx_word' id='word_1_539' title='bbox 2154 1132 2221 1169; x_wconf 88' lang='lat' dir='ltr'>Ca-</span> 
     </span>
     <span class='ocr_line' id='line_1_67' title="bbox 1236 1187 2220 1244; baseline 0.007 -20"><span class='ocrx_word' id='word_1_540' title='bbox 1236 1187 1292 1225; x_wconf 91' lang='lat' dir='ltr'>nis</span> <span class='ocrx_word' id='word_1_541' title='bbox 1309 1188 1376 1225; x_wconf 87' lang='lat' dir='ltr'>tihi</span> <span class='ocrx_word' id='word_1_542' title='bbox 1395 1189 1517 1227; x_wconf 82' lang='lat' dir='ltr'>multae</span> <span class='ocrx_word' id='word_1_543' title='bbox 1536 1204 1628 1228; x_wconf 83' lang='lat' dir='ltr'>curae</span> <span class='ocrx_word' id='word_1_544' title='bbox 1647 1191 1836 1241; x_wconf 75' lang='lat' dir='ltr'>est5homo</span> <span class='ocrx_word' id='word_1_545' title='bbox 1859 1201 1991 1241; x_wconf 89' lang='lat' dir='ltr'>autem,</span> <span class='ocrx_word' id='word_1_546' title='bbox 2014 1192 2084 1229; x_wconf 92' lang='lat' dir='ltr'>imo</span> <span class='ocrx_word' id='word_1_547' title='bbox 2103 1193 2220 1244; x_wconf 89' lang='lat' dir='ltr'>potius</span> 
     </span>
     <span class='ocr_line' id='line_1_68' title="bbox 1237 1248 2220 1303; baseline 0.005 -18"><span class='ocrx_word' id='word_1_548' title='bbox 1237 1248 1411 1298; x_wconf 88' lang='lat' dir='ltr'>Christus,</span> <span class='ocrx_word' id='word_1_549' title='bbox 1425 1249 1471 1287; x_wconf 86' lang='grc'>01)</span> <span class='ocrx_word' id='word_1_550' title='bbox 1490 1264 1612 1288; x_wconf 86' lang='lat' dir='ltr'>canem</span> <span class='ocrx_word' id='word_1_551' title='bbox 1628 1259 1661 1288; x_wconf 89' lang='lat' dir='ltr'>et</span> <span class='ocrx_word' id='word_1_552' title='bbox 1676 1251 1794 1289; x_wconf 81' lang='lat' dir='ltr'>omnia</span> <span class='ocrx_word' id='word_1_553' title='bbox 1813 1251 2029 1303; x_wconf 84' lang='lat' dir='ltr'>supradicta,</span> <span class='ocrx_word' id='word_1_554' title='bbox 2050 1251 2085 1289; x_wconf 91' lang='lat' dir='ltr'>in</span> <span class='ocrx_word' id='word_1_555' title='bbox 2102 1262 2220 1291; x_wconf 79' lang='lat' dir='ltr'>extre—</span> 
     </span>
     <span class='ocr_line' id='line_1_69' title="bbox 1237 1311 2220 1362; baseline 0.005 -15"><span class='ocrx_word' id='word_1_556' title='bbox 1237 1323 1332 1348; x_wconf 87' lang='lat' dir='ltr'>mam</span> <span class='ocrx_word' id='word_1_557' title='bbox 1348 1311 1535 1362; x_wconf 84' lang='lat' dir='ltr'>conjicitur</span> <span class='ocrx_word' id='word_1_558' title='bbox 1549 1313 1690 1351; x_wconf 85' lang='lat' dir='ltr'>famem.</span> <span class='ocrx_word' id='word_1_559' title='bbox 1707 1312 1805 1359; x_wconf 85' lang='lat' dir='ltr'>Quid</span> <span class='ocrx_word' id='word_1_560' title='bbox 1823 1312 1890 1350; x_wconf 83' lang='lat' dir='ltr'>hac</span> <span class='ocrx_word' id='word_1_561' title='bbox 1911 1313 2114 1351; x_wconf 88' lang='lat' dir='ltr'>confusione</span> <span class='ocrx_word' id='word_1_562' title='bbox 2126 1313 2220 1352; x_wconf 86' lang='lat' dir='ltr'>dete-</span> 
     </span>
     <span class='ocr_line' id='line_1_70' title="bbox 1236 1370 2218 1425; baseline 0.005 -18"><span class='ocrx_word' id='word_1_563' title='bbox 1236 1370 1339 1409; x_wconf 70' lang='lat' dir='ltr'>rius?</span> <span class='ocrx_word' id='word_1_564' title='bbox 1356 1371 1444 1422; x_wconf 88' lang='lat' dir='ltr'>quid</span> <span class='ocrx_word' id='word_1_565' title='bbox 1464 1371 1531 1410; x_wconf 90' lang='lat' dir='ltr'>hac</span> <span class='ocrx_word' id='word_1_566' title='bbox 1549 1373 1734 1424; x_wconf 86' lang='lat' dir='ltr'>iniquitate</span> <span class='ocrx_word' id='word_1_567' title='bbox 1753 1372 1926 1425; x_wconf 75' lang='lat' dir='ltr'>gravius?</span> <span class='ocrx_word' id='word_1_568' title='bbox 1948 1383 2033 1424; x_wconf 89' lang='lat' dir='ltr'>quot</span> <span class='ocrx_word' id='word_1_569' title='bbox 2049 1374 2138 1425; x_wconf 86' lang='lat' dir='ltr'>ignei</span> <span class='ocrx_word' id='word_1_570' title='bbox 2153 1374 2218 1412; x_wconf 88' lang='lat' dir='ltr'>ssu-</span> 
     </span>
     <span class='ocr_line' id='line_1_71' title="bbox 1235 1431 2219 1486; baseline 0.002 -15"><span class='ocrx_word' id='word_1_571' title='bbox 1235 1431 1287 1471; x_wconf 86' lang='lat' dir='ltr'>vii</span> <span class='ocrx_word' id='word_1_572' title='bbox 1307 1433 1370 1470; x_wconf 90' lang='lat' dir='ltr'>tali</span> <span class='ocrx_word' id='word_1_573' title='bbox 1397 1433 1524 1471; x_wconf 84' lang='lat' dir='ltr'>animae</span> <span class='ocrx_word' id='word_1_574' title='bbox 1556 1435 1764 1473; x_wconf 76' lang='lat' dir='ltr'>sufficient?</span> <span class='ocrx_word' id='word_1_575' title='bbox 1792 1436 1838 1484; x_wconf 92' lang='lat' dir='ltr'>Is,</span> <span class='ocrx_word' id='word_1_576' title='bbox 1866 1435 1928 1486; x_wconf 87' lang='lat' dir='ltr'>qui</span> <span class='ocrx_word' id='word_1_577' title='bbox 1954 1435 1998 1473; x_wconf 89' lang='lat' dir='ltr'>ad</span> <span class='ocrx_word' id='word_1_578' title='bbox 2028 1435 2219 1486; x_wconf 83' lang='lat' dir='ltr'>imaginem</span> 
     </span>
     <span class='ocr_line' id='line_1_72' title="bbox 1236 1493 2219 1544; baseline 0.002 -12"><span class='ocrx_word' id='word_1_579' title='bbox 1236 1493 1302 1532; x_wconf 91' lang='lat' dir='ltr'>Dei</span> <span class='ocrx_word' id='word_1_580' title='bbox 1317 1494 1432 1532; x_wconf 89' lang='lat' dir='ltr'>factus</span> <span class='ocrx_word' id='word_1_581' title='bbox 1450 1504 1512 1544; x_wconf 89' lang='lat' dir='ltr'>est,</span> <span class='ocrx_word' id='word_1_582' title='bbox 1529 1505 1596 1533; x_wconf 90' lang='lat' dir='ltr'>stat</span> <span class='ocrx_word' id='word_1_583' title='bbox 1614 1495 1800 1534; x_wconf 90' lang='lat' dir='ltr'>indecorus</span> <span class='ocrx_word' id='word_1_584' title='bbox 1828 1496 1874 1534; x_wconf 91' lang='lat' dir='ltr'>ob</span> <span class='ocrx_word' id='word_1_585' title='bbox 1897 1505 1996 1534; x_wconf 89' lang='lat' dir='ltr'>tuam</span> <span class='ocrx_word' id='word_1_586' title='bbox 2013 1496 2219 1534; x_wconf 89' lang='lat' dir='ltr'>inhumani-</span> 
     </span>
     <span class='ocr_line' id='line_1_73' title="bbox 1235 1555 2219 1609; baseline 0.005 -18"><span class='ocrx_word' id='word_1_587' title='bbox 1235 1563 1344 1592; x_wconf 86' lang='lat' dir='ltr'>tatem</span> <span class='ocrx_word' id='word_1_588' title='bbox 1358 1570 1369 1604; x_wconf 76' lang='lat'><em>3</em></span> <span class='ocrx_word' id='word_1_589' title='bbox 1388 1555 1569 1593; x_wconf 84' lang='lat' dir='ltr'>mulorum</span> <span class='ocrx_word' id='word_1_590' title='bbox 1585 1566 1704 1595; x_wconf 90' lang='lat' dir='ltr'>autem</span> <span class='ocrx_word' id='word_1_591' title='bbox 1718 1571 1869 1595; x_wconf 82' lang='lat' dir='ltr'>uxorem</span> <span class='ocrx_word' id='word_1_592' title='bbox 1887 1566 1985 1595; x_wconf 85' lang='lat' dir='ltr'>tuam</span> <span class='ocrx_word' id='word_1_593' title='bbox 2005 1557 2219 1609; x_wconf 80' lang='lat' dir='ltr'>gestantium</span> 
     </span>
     <span class='ocr_line' id='line_1_74' title="bbox 1236 1615 2216 1672; baseline 0.003 -18"><span class='ocrx_word' id='word_1_594' title='bbox 1236 1615 1351 1667; x_wconf 82' lang='lat' dir='ltr'>capita</span> <span class='ocrx_word' id='word_1_595' title='bbox 1364 1617 1476 1654; x_wconf 87' lang='lat' dir='ltr'>multo</span> <span class='ocrx_word' id='word_1_596' title='bbox 1485 1617 1623 1667; x_wconf 85' lang='lat' dir='ltr'>fulgent</span> <span class='ocrx_word' id='word_1_597' title='bbox 1635 1632 1735 1666; x_wconf 86' lang='lat' dir='ltr'>auro,</span> <span class='ocrx_word' id='word_1_598' title='bbox 1751 1619 1906 1669; x_wconf 88' lang='lat' dir='ltr'>itemque</span> <span class='ocrx_word' id='word_1_599' title='bbox 1928 1619 2035 1670; x_wconf 89' lang='lat' dir='ltr'>pelles</span> <span class='ocrx_word' id='word_1_600' title='bbox 2054 1628 2087 1657; x_wconf 83' lang='lat' dir='ltr'>et</span> <span class='ocrx_word' id='word_1_601' title='bbox 2104 1619 2216 1672; x_wconf 86' lang='lat' dir='ltr'>ligna,</span> 
     </span>
     <span class='ocr_line' id='line_1_75' title="bbox 1236 1675 2218 1730; baseline 0.005 -18"><span class='ocrx_word' id='word_1_602' title='bbox 1236 1675 1334 1727; x_wconf 89' lang='lat' dir='ltr'>queis</span> <span class='ocrx_word' id='word_1_603' title='bbox 1353 1685 1484 1714; x_wconf 85' lang='lat' dir='ltr'>tectum</span> <span class='ocrx_word' id='word_1_604' title='bbox 1506 1677 1596 1714; x_wconf 90' lang='lat' dir='ltr'>illud</span> <span class='ocrx_word' id='word_1_605' title='bbox 1621 1678 1779 1715; x_wconf 79' lang='lat' dir='ltr'>texitur:</span> <span class='ocrx_word' id='word_1_606' title='bbox 1814 1678 1843 1716; x_wconf 87' lang='lat' dir='ltr'>si</span> <span class='ocrx_word' id='word_1_607' title='bbox 1861 1678 2005 1729; x_wconf 85' lang='lat' dir='ltr'>solium,</span> <span class='ocrx_word' id='word_1_608' title='bbox 2029 1679 2104 1717; x_wconf 80' lang='lat' dir='ltr'>sive</span> <span class='ocrx_word' id='word_1_609' title='bbox 2119 1680 2218 1730; x_wconf 88' lang='lat' dir='ltr'>sella,</span> 
     </span>
     <span class='ocr_line' id='line_1_76' title="bbox 1235 1737 2219 1790; baseline 0.003 -16"><span class='ocrx_word' id='word_1_610' title='bbox 1235 1737 1264 1774; x_wconf 88' lang='lat' dir='ltr'>si</span> <span class='ocrx_word' id='word_1_611' title='bbox 1276 1737 1541 1789; x_wconf 85' lang='lat' dir='ltr'>suppedaneum</span> <span class='ocrx_word' id='word_1_612' title='bbox 1555 1738 1766 1787; x_wconf 87' lang='lat' dir='ltr'>ornandum,</span> <span class='ocrx_word' id='word_1_613' title='bbox 1785 1753 1871 1776; x_wconf 89' lang='lat' dir='ltr'>auro</span> <span class='ocrx_word' id='word_1_614' title='bbox 1891 1747 1923 1776; x_wconf 90' lang='lat' dir='ltr'>et</span> <span class='ocrx_word' id='word_1_615' title='bbox 1937 1748 2081 1790; x_wconf 86' lang='lat' dir='ltr'>argento</span> <span class='ocrx_word' id='word_1_616' title='bbox 2100 1740 2219 1778; x_wconf 87' lang='lat' dir='ltr'>omnia</span> 
     </span>
     <span class='ocr_line' id='line_1_77' title="bbox 1234 1797 2218 1852; baseline 0.001 -17"><span class='ocrx_word' id='word_1_617' title='bbox 1234 1797 1468 1849; x_wconf 76' lang='lat' dir='ltr'>decorantur5</span> <span class='ocrx_word' id='word_1_618' title='bbox 1495 1798 1630 1836; x_wconf 90' lang='lat' dir='ltr'>Christi</span> <span class='ocrx_word' id='word_1_619' title='bbox 1650 1813 1736 1838; x_wconf 84' lang='lat' dir='ltr'>vero</span> <span class='ocrx_word' id='word_1_620' title='bbox 1747 1799 1976 1845; x_wconf 53' lang='lat' dir='ltr'>&#39;memb-um,</span> <span class='ocrx_word' id='word_1_621' title='bbox 2002 1808 2035 1837; x_wconf 88' lang='lat' dir='ltr'>et</span> <span class='ocrx_word' id='word_1_622' title='bbox 2059 1800 2090 1837; x_wconf 90' lang='lat' dir='ltr'>is</span> <span class='ocrx_word' id='word_1_623' title='bbox 2117 1800 2218 1852; x_wconf 86' lang='lat' dir='ltr'>cujus</span> 
     </span>
     <span class='ocr_line' id='line_1_78' title="bbox 1234 1857 2218 1912; baseline 0.004 -18"><span class='ocrx_word' id='word_1_624' title='bbox 1234 1871 1340 1895; x_wconf 86' lang='lat' dir='ltr'>causa</span> <span class='ocrx_word' id='word_1_625' title='bbox 1356 1857 1402 1896; x_wconf 89' lang='lat' dir='ltr'>de</span> <span class='ocrx_word' id='word_1_626' title='bbox 1421 1859 1506 1896; x_wconf 83' lang='lat' dir='ltr'>caelo</span> <span class='ocrx_word' id='word_1_627' title='bbox 1525 1859 1719 1907; x_wconf 82' lang='lat' dir='ltr'>descendit,</span> <span class='ocrx_word' id='word_1_628' title='bbox 1745 1869 1779 1897; x_wconf 93' lang='lat' dir='ltr'>et</span> <span class='ocrx_word' id='word_1_629' title='bbox 1798 1860 1991 1912; x_wconf 86' lang='lat' dir='ltr'>pretiosum</span> <span class='ocrx_word' id='word_1_630' title='bbox 2011 1860 2218 1911; x_wconf 84' lang='lat' dir='ltr'>sanguinem</span> 
     </span>
     <span class='ocr_line' id='line_1_79' title="bbox 1233 1919 2220 1972; baseline 0.003 -16"><span class='ocrx_word' id='word_1_631' title='bbox 1233 1919 1373 1965; x_wconf 88' lang='lat' dir='ltr'>effudit,</span> <span class='ocrx_word' id='word_1_632' title='bbox 1396 1920 1442 1957; x_wconf 92' lang='lat' dir='ltr'>ob</span> <span class='ocrx_word' id='word_1_633' title='bbox 1462 1921 1651 1959; x_wconf 84' lang='lat' dir='ltr'>avaritiam</span> <span class='ocrx_word' id='word_1_634' title='bbox 1667 1930 1765 1959; x_wconf 84' lang='lat' dir='ltr'>tuam</span> <span class='ocrx_word' id='word_1_635' title='bbox 1780 1935 1823 1958; x_wconf 89' lang='lat' dir='ltr'>ne</span> <span class='ocrx_word' id='word_1_636' title='bbox 1838 1921 1917 1959; x_wconf 89' lang='lat' dir='ltr'>cibo</span> <span class='ocrx_word' id='word_1_637' title='bbox 1936 1921 2079 1972; x_wconf 87' lang='lat' dir='ltr'>quidem</span> <span class='ocrx_word' id='word_1_638' title='bbox 2099 1935 2220 1959; x_wconf 87' lang='lat' dir='ltr'>neces-</span> 
     </span>
     <span class='ocr_line' id='line_1_80' title="bbox 1233 1979 2218 2033; baseline 0.002 -16"><span class='ocrx_word' id='word_1_639' title='bbox 1233 1979 1326 2017; x_wconf 85' lang='lat' dir='ltr'>sario</span> <span class='ocrx_word' id='word_1_640' title='bbox 1339 1980 1465 2018; x_wconf 84' lang='lat' dir='ltr'>utitur.</span> <span class='ocrx_word' id='word_1_641' title='bbox 1484 1980 1555 2019; x_wconf 83' lang='lat' dir='ltr'>Sed</span> <span class='ocrx_word' id='word_1_642' title='bbox 1569 1981 1650 2019; x_wconf 90' lang='lat' dir='ltr'>lecti</span> <span class='ocrx_word' id='word_1_643' title='bbox 1665 1981 1824 2032; x_wconf 88' lang='lat' dir='ltr'>undique</span> <span class='ocrx_word' id='word_1_644' title='bbox 1839 1991 1982 2033; x_wconf 87' lang='lat' dir='ltr'>argento</span> <span class='ocrx_word' id='word_1_645' title='bbox 1993 1981 2108 2019; x_wconf 76' lang='lat' dir='ltr'>ornati</span> <span class='ocrx_word' id='word_1_646' title='bbox 2121 1991 2218 2031; x_wconf 91' lang='lat' dir='ltr'>sunt,</span> 
     </span>
     <span class='ocr_line' id='line_1_81' title="bbox 1233 2043 2218 2094; baseline 0.003 -16"><span class='ocrx_word' id='word_1_647' title='bbox 1233 2050 1436 2079; x_wconf 88' lang='lat' dir='ltr'>sanctorum</span> <span class='ocrx_word' id='word_1_648' title='bbox 1455 2055 1539 2081; x_wconf 85' lang='lat' dir='ltr'>vero</span> <span class='ocrx_word' id='word_1_649' title='bbox 1559 2056 1705 2094; x_wconf 88' lang='lat' dir='ltr'>corpora</span> <span class='ocrx_word' id='word_1_650' title='bbox 1724 2043 1919 2080; x_wconf 85' lang='lat' dir='ltr'>necessario</span> <span class='ocrx_word' id='word_1_651' title='bbox 1939 2052 2139 2094; x_wconf 82' lang='lat' dir='ltr'>tegumento</span> <span class='ocrx_word' id='word_1_652' title='bbox 2159 2058 2218 2081; x_wconf 82' lang='lat' dir='ltr'>ca·-</span> 
     </span>
     <span class='ocr_line' id='line_1_82' title="bbox 1232 2102 2218 2156; baseline 0.002 -17"><span class='ocrx_word' id='word_1_653' title='bbox 1232 2111 1310 2140; x_wconf 86' lang='lat' dir='ltr'>rcnt</span> <span class='ocrx_word' id='word_1_654' title='bbox 1329 2117 1336 2138; x_wconf 90' lang='lat'><strong>:</strong></span> <span class='ocrx_word' id='word_1_655' title='bbox 1358 2102 1455 2154; x_wconf 90' lang='lat' dir='ltr'>apud</span> <span class='ocrx_word' id='word_1_656' title='bbox 1475 2111 1508 2140; x_wconf 90' lang='lat' dir='ltr'>te</span> <span class='ocrx_word' id='word_1_657' title='bbox 1528 2102 1690 2141; x_wconf 90' lang='lat' dir='ltr'>Christus</span> <span class='ocrx_word' id='word_1_658' title='bbox 1709 2103 1840 2141; x_wconf 85' lang='lat' dir='ltr'>minori</span> <span class='ocrx_word' id='word_1_659' title='bbox 1859 2104 1895 2141; x_wconf 89' lang='lat' dir='ltr'>in</span> <span class='ocrx_word' id='word_1_660' title='bbox 1914 2103 2028 2156; x_wconf 82' lang='lat' dir='ltr'>pretio</span> <span class='ocrx_word' id='word_1_661' title='bbox 2047 2104 2218 2153; x_wconf 85' lang='lat' dir='ltr'>habetur,</span> 
     </span>
     <span class='ocr_line' id='line_1_83' title="bbox 1233 2163 2218 2215; baseline 0.002 -15"><span class='ocrx_word' id='word_1_662' title='bbox 1233 2177 1341 2214; x_wconf 84' lang='lat' dir='ltr'>quam</span> <span class='ocrx_word' id='word_1_663' title='bbox 1360 2172 1484 2201; x_wconf 85' lang='lat' dir='ltr'>caetera</span> <span class='ocrx_word' id='word_1_664' title='bbox 1502 2163 1634 2212; x_wconf 86' lang='lat' dir='ltr'>omnia,</span> <span class='ocrx_word' id='word_1_665' title='bbox 1654 2178 1762 2213; x_wconf 91' lang='lat' dir='ltr'>quam</span> <span class='ocrx_word' id='word_1_666' title='bbox 1775 2163 1970 2214; x_wconf 74' lang='lat' dir='ltr'>domestici,</span> <span class='ocrx_word' id='word_1_667' title='bbox 1992 2179 2101 2215; x_wconf 90' lang='lat' dir='ltr'>quam</span> <span class='ocrx_word' id='word_1_668' title='bbox 2115 2166 2218 2215; x_wconf 91' lang='lat' dir='ltr'>muli,</span> 
     </span>
     <span class='ocr_line' id='line_1_84' title="bbox 1231 2222 2216 2276; baseline 0.003 -16"><span class='ocrx_word' id='word_1_669' title='bbox 1231 2238 1338 2274; x_wconf 90' lang='lat' dir='ltr'>quam</span> <span class='ocrx_word' id='word_1_670' title='bbox 1361 2222 1486 2273; x_wconf 89' lang='lat' dir='ltr'>lectus,</span> <span class='ocrx_word' id='word_1_671' title='bbox 1508 2238 1616 2274; x_wconf 90' lang='lat' dir='ltr'>quam</span> <span class='ocrx_word' id='word_1_672' title='bbox 1641 2224 1785 2273; x_wconf 85' lang='lat' dir='ltr'>solium,</span> <span class='ocrx_word' id='word_1_673' title='bbox 1812 2239 1920 2275; x_wconf 89' lang='lat' dir='ltr'>quam</span> <span class='ocrx_word' id='word_1_674' title='bbox 1938 2224 2216 2276; x_wconf 82' lang='lat' dir='ltr'>suppedaneum.</span> 
     </span>
     <span class='ocr_line' id='line_1_85' title="bbox 1231 2280 2217 2337; baseline 0.003 -15"><span class='ocrx_word' id='word_1_675' title='bbox 1231 2285 1340 2323; x_wconf 85' lang='lat' dir='ltr'>Mitto</span> <span class='ocrx_word' id='word_1_676' title='bbox 1363 2294 1488 2322; x_wconf 85' lang='lat' dir='ltr'>caetera</span> <span class='ocrx_word' id='word_1_677' title='bbox 1506 2285 1564 2322; x_wconf 91' lang='lat' dir='ltr'>his</span> <span class='ocrx_word' id='word_1_678' title='bbox 1590 2285 1722 2323; x_wconf 83' lang='lat' dir='ltr'>viliora</span> <span class='ocrx_word' id='word_1_679' title='bbox 1736 2299 1834 2334; x_wconf 85' lang='lat' dir='ltr'>vasa,</span> <span class='ocrx_word' id='word_1_680' title='bbox 1852 2294 1886 2323; x_wconf 90' lang='lat' dir='ltr'>et</span> <span class='ocrx_word' id='word_1_681' title='bbox 1904 2286 2008 2324; x_wconf 83' lang='lat' dir='ltr'>vobis</span> <span class='ocrx_word' id='word_1_682' title='bbox 2030 2280 2217 2337; x_wconf 81' lang='lat' dir='ltr'>cogitanda</span> 
     </span>
     <span class='ocr_line' id='line_1_86' title="bbox 1230 2345 2219 2398; baseline 0.003 -14"><span class='ocrx_word' id='word_1_683' title='bbox 1230 2347 1405 2397; x_wconf 86' lang='lat' dir='ltr'>relinquo.</span> <span class='ocrx_word' id='word_1_684' title='bbox 1437 2345 1547 2394; x_wconf 88' lang='lat' dir='ltr'>Quod</span> <span class='ocrx_word' id='word_1_685' title='bbox 1561 2346 1591 2384; x_wconf 86' lang='lat' dir='ltr'>si</span> <span class='ocrx_word' id='word_1_686' title='bbox 1609 2346 1783 2385; x_wconf 87' lang='lat' dir='ltr'>horrescis</span> <span class='ocrx_word' id='word_1_687' title='bbox 1802 2346 1878 2385; x_wconf 81' lang='lat' dir='ltr'>haec</span> <span class='ocrx_word' id='word_1_688' title='bbox 1901 2347 2061 2398; x_wconf 85' lang='lat' dir='ltr'>audiens,</span> <span class='ocrx_word' id='word_1_689' title='bbox 2083 2349 2219 2388; x_wconf 86' lang='lat' dir='ltr'>abstine</span> 
     </span>
     <span class='ocr_line' id='line_1_87' title="bbox 1231 2406 2217 2458; baseline 0.003 -14"><span class='ocrx_word' id='word_1_690' title='bbox 1231 2407 1277 2444; x_wconf 90' lang='lat' dir='ltr'>ab</span> <span class='ocrx_word' id='word_1_691' title='bbox 1295 2406 1444 2458; x_wconf 86' lang='lat' dir='ltr'>agendo:</span> <span class='ocrx_word' id='word_1_692' title='bbox 1464 2416 1497 2445; x_wconf 91' lang='lat' dir='ltr'>et</span> <span class='ocrx_word' id='word_1_693' title='bbox 1515 2421 1593 2458; x_wconf 86' lang='lat' dir='ltr'>quae</span> <span class='ocrx_word' id='word_1_694' title='bbox 1614 2407 1710 2445; x_wconf 87' lang='lat' dir='ltr'>dicta</span> <span class='ocrx_word' id='word_1_695' title='bbox 1727 2417 1808 2446; x_wconf 90' lang='lat' dir='ltr'>sunt</span> <span class='ocrx_word' id='word_1_696' title='bbox 1825 2408 1916 2446; x_wconf 88' lang='lat' dir='ltr'>nihil</span> <span class='ocrx_word' id='word_1_697' title='bbox 1931 2409 1995 2447; x_wconf 78' lang='lat' dir='ltr'>tibi</span> <span class='ocrx_word' id='word_1_698' title='bbox 2014 2409 2139 2447; x_wconf 85' lang='lat' dir='ltr'>damni</span> <span class='ocrx_word' id='word_1_699' title='bbox 2158 2410 2217 2448; x_wconf 92' lang='lat' dir='ltr'>in-</span> 
     </span>
     <span class='ocr_line' id='line_1_88' title="bbox 1231 2467 2215 2522; baseline 0.004 -18"><span class='ocrx_word' id='word_1_700' title='bbox 1231 2467 1366 2505; x_wconf 85' lang='lat' dir='ltr'>ferent:</span> <span class='ocrx_word' id='word_1_701' title='bbox 1390 2467 1554 2518; x_wconf 82' lang='lat' dir='ltr'>abscede,</span> <span class='ocrx_word' id='word_1_702' title='bbox 1578 2477 1612 2505; x_wconf 81' lang='lat' dir='ltr'>et</span> <span class='ocrx_word' id='word_1_703' title='bbox 1630 2468 1716 2506; x_wconf 86' lang='lat' dir='ltr'>huic</span> <span class='ocrx_word' id='word_1_704' title='bbox 1735 2469 1878 2507; x_wconf 87' lang='lat' dir='ltr'>insaniae</span> <span class='ocrx_word' id='word_1_705' title='bbox 1892 2469 1998 2507; x_wconf 85' lang='lat' dir='ltr'>finem</span> <span class='ocrx_word' id='word_1_706' title='bbox 2017 2469 2191 2522; x_wconf 83' lang='lat' dir='ltr'>imponito</span> <span class='ocrx_word' id='word_1_707' title='bbox 2205 2488 2215 2508; x_wconf 89' lang='lat'>:</span> 
     </span>
     <span class='ocr_line' id='line_1_89' title="bbox 1232 2529 2217 2580; baseline 0.004 -14"><span class='ocrx_word' id='word_1_708' title='bbox 1232 2542 1315 2567; x_wconf 90' lang='lat' dir='ltr'>nam</span> <span class='ocrx_word' id='word_1_709' title='bbox 1331 2529 1495 2566; x_wconf 88' lang='lat' dir='ltr'>insanum</span> <span class='ocrx_word' id='word_1_710' title='bbox 1509 2542 1654 2580; x_wconf 87' lang='lat' dir='ltr'>prorsus</span> <span class='ocrx_word' id='word_1_711' title='bbox 1673 2538 1725 2567; x_wconf 92' lang='lat' dir='ltr'>est</span> <span class='ocrx_word' id='word_1_712' title='bbox 1741 2529 1951 2580; x_wconf 91' lang='lat' dir='ltr'>hujusmodi</span> <span class='ocrx_word' id='word_1_713' title='bbox 1965 2530 2135 2570; x_wconf 88' lang='lat' dir='ltr'>studium.</span> <span class='ocrx_word' id='word_1_714' title='bbox 2151 2531 2217 2569; x_wconf 88' lang='lat' dir='ltr'>Id-</span> 
     </span>
     <span class='ocr_line' id='line_1_90' title="bbox 1236 2588 2215 2637; baseline 0.004 -11"><span class='ocrx_word' id='word_1_715' title='bbox 1236 2588 1330 2626; x_wconf 87' lang='lat' dir='ltr'>circo</span> <span class='ocrx_word' id='word_1_716' title='bbox 1346 2589 1405 2626; x_wconf 85' lang='lat' dir='ltr'>his</span> <span class='ocrx_word' id='word_1_717' title='bbox 1420 2588 1593 2637; x_wconf 88' lang='lat' dir='ltr'>dimissis,</span> <span class='ocrx_word' id='word_1_718' title='bbox 1610 2589 1668 2627; x_wconf 81' lang='lat' dir='ltr'>vel</span> <span class='ocrx_word' id='word_1_719' title='bbox 1688 2603 1763 2626; x_wconf 89' lang='lat' dir='ltr'>sero</span> <span class='ocrx_word' id='word_1_720' title='bbox 1778 2589 1927 2628; x_wconf 88' lang='lat' dir='ltr'>tandem</span> <span class='ocrx_word' id='word_1_721' title='bbox 1955 2590 1992 2628; x_wconf 93' lang='lat' dir='ltr'>in</span> <span class='ocrx_word' id='word_1_722' title='bbox 2013 2591 2138 2630; x_wconf 82' lang='lat' dir='ltr'>caelum</span> <span class='ocrx_word' id='word_1_723' title='bbox 2154 2607 2215 2630; x_wconf 84' lang='lat' dir='ltr'>re-</span> 
     </span>
     <span class='ocr_line' id='line_1_91' title="bbox 1232 2648 2217 2700; baseline 0.005 -15"><span class='ocrx_word' id='word_1_724' title='bbox 1232 2648 1438 2700; x_wconf 88' lang='lat' dir='ltr'>spiciamus,</span> <span class='ocrx_word' id='word_1_725' title='bbox 1451 2649 1716 2686; x_wconf 78' lang='lat' dir='ltr'>futuramillam</span> <span class='ocrx_word' id='word_1_726' title='bbox 1735 2649 1830 2686; x_wconf 89' lang='lat' dir='ltr'>diem</span> <span class='ocrx_word' id='word_1_727' title='bbox 1848 2650 1884 2687; x_wconf 91' lang='lat' dir='ltr'>in</span> <span class='ocrx_word' id='word_1_728' title='bbox 1902 2659 2054 2688; x_wconf 85' lang='lat' dir='ltr'>mentem</span> <span class='ocrx_word' id='word_1_729' title='bbox 2073 2666 2217 2692; x_wconf 86' lang='lat' dir='ltr'>revoce-</span> 
     </span>
     <span class='ocr_line' id='line_1_92' title="bbox 1233 2708 2215 2760; baseline 0.005 -15"><span class='ocrx_word' id='word_1_730' title='bbox 1233 2722 1322 2758; x_wconf 78' lang='lat' dir='ltr'>mus,</span> <span class='ocrx_word' id='word_1_731' title='bbox 1340 2709 1534 2760; x_wconf 83' lang='lat' dir='ltr'>cogitemus</span> <span class='ocrx_word' id='word_1_732' title='bbox 1550 2708 1772 2746; x_wconf 83' lang='lat' dir='ltr'>tremendum</span> <span class='ocrx_word' id='word_1_733' title='bbox 1784 2709 1878 2746; x_wconf 89' lang='lat' dir='ltr'>illud</span> <span class='ocrx_word' id='word_1_734' title='bbox 1893 2710 2052 2747; x_wconf 89' lang='lat' dir='ltr'>tribunal</span> <span class='ocrx_word' id='word_1_735' title='bbox 2066 2720 2098 2748; x_wconf 82' lang='lat' dir='ltr'>et</span> <span class='ocrx_word' id='word_1_736' title='bbox 2111 2713 2215 2750; x_wconf 86' lang='lat' dir='ltr'>ratio-</span> 
     </span>
     <span class='ocr_line' id='line_1_93' title="bbox 1231 2769 2216 2823; baseline 0.004 -15"><span class='ocrx_word' id='word_1_737' title='bbox 1231 2783 1290 2808; x_wconf 90' lang='lat' dir='ltr'>nes</span> <span class='ocrx_word' id='word_1_738' title='bbox 1309 2769 1507 2808; x_wconf 79' lang='lat' dir='ltr'>reddendas</span> <span class='ocrx_word' id='word_1_739' title='bbox 1523 2779 1626 2820; x_wconf 88' lang='lat' dir='ltr'>atque</span> <span class='ocrx_word' id='word_1_740' title='bbox 1640 2770 1889 2822; x_wconf 87' lang='lat' dir='ltr'>incorruptum</span> <span class='ocrx_word' id='word_1_741' title='bbox 1906 2771 2087 2823; x_wconf 88' lang='lat' dir='ltr'>judicium</span> <span class='ocrx_word' id='word_1_742' title='bbox 2106 2789 2113 2809; x_wconf 91' lang='lat'><strong>:</strong></span> <span class='ocrx_word' id='word_1_743' title='bbox 2134 2788 2216 2812; x_wconf 87' lang='lat' dir='ltr'>con-</span> 
     </span>
     <span class='ocr_line' id='line_1_94' title="bbox 1228 2830 2216 2872; baseline 0.003 -4"><span class='ocrx_word' id='word_1_744' title='bbox 1228 2830 1424 2869; x_wconf 89' lang='lat' dir='ltr'>sideremus</span> <span class='ocrx_word' id='word_1_745' title='bbox 1439 2832 1556 2868; x_wconf 83' lang='lat' dir='ltr'>Deum</span> <span class='ocrx_word' id='word_1_746' title='bbox 1577 2830 1697 2868; x_wconf 89' lang='lat' dir='ltr'>omnia</span> <span class='ocrx_word' id='word_1_747' title='bbox 1712 2831 1892 2869; x_wconf 82' lang='lat' dir='ltr'>videntem</span> <span class='ocrx_word' id='word_1_748' title='bbox 1911 2846 1980 2870; x_wconf 90' lang='lat' dir='ltr'>non</span> <span class='ocrx_word' id='word_1_749' title='bbox 2000 2847 2018 2870; x_wconf 87' lang='lat' dir='ltr'>e</span> <span class='ocrx_word' id='word_1_750' title='bbox 2037 2834 2121 2871; x_wconf 81' lang='lat' dir='ltr'>caelo</span> <span class='ocrx_word' id='word_1_751' title='bbox 2144 2835 2216 2872; x_wconf 85' lang='lat' dir='ltr'>ful-</span> 
     </span>
     <span class='ocr_line' id='line_1_95' title="bbox 1228 2892 2214 2945; baseline 0.004 -16"><span class='ocrx_word' id='word_1_752' title='bbox 1228 2892 1323 2929; x_wconf 89' lang='lat' dir='ltr'>mina</span> <span class='ocrx_word' id='word_1_753' title='bbox 1344 2892 1496 2939; x_wconf 87' lang='lat' dir='ltr'>mittere,</span> <span class='ocrx_word' id='word_1_754' title='bbox 1514 2892 1597 2930; x_wconf 86' lang='lat' dir='ltr'>licet</span> <span class='ocrx_word' id='word_1_755' title='bbox 1615 2892 1692 2931; x_wconf 84' lang='lat' dir='ltr'>haec</span> <span class='ocrx_word' id='word_1_756' title='bbox 1713 2902 1809 2944; x_wconf 85' lang='lat' dir='ltr'>gesta</span> <span class='ocrx_word' id='word_1_757' title='bbox 1828 2894 1908 2945; x_wconf 93' lang='lat' dir='ltr'>plus</span> <span class='ocrx_word' id='word_1_758' title='bbox 1928 2908 2034 2944; x_wconf 82' lang='lat' dir='ltr'>quam</span> <span class='ocrx_word' id='word_1_759' title='bbox 2052 2895 2214 2934; x_wconf 90' lang='lat' dir='ltr'>fulmini-</span> 
     </span>
     <span class='ocr_line' id='line_1_96' title="bbox 1227 2952 2215 3008; baseline 0.004 -18"><span class='ocrx_word' id='word_1_760' title='bbox 1227 2953 1296 2991; x_wconf 89' lang='lat' dir='ltr'>bus</span> <span class='ocrx_word' id='word_1_761' title='bbox 1315 2952 1424 3005; x_wconf 87' lang='lat' dir='ltr'>digna</span> <span class='ocrx_word' id='word_1_762' title='bbox 1448 2953 1532 2991; x_wconf 91' lang='lat' dir='ltr'>sint.</span> <span class='ocrx_word' id='word_1_763' title='bbox 1555 2955 1721 2991; x_wconf 85' lang='lat' dir='ltr'>Attamen</span> <span class='ocrx_word' id='word_1_764' title='bbox 1740 2968 1810 2991; x_wconf 89' lang='lat' dir='ltr'>non</span> <span class='ocrx_word' id='word_1_765' title='bbox 1838 2954 1877 2992; x_wconf 90' lang='lat' dir='ltr'>id</span> <span class='ocrx_word' id='word_1_766' title='bbox 1901 2954 1962 2992; x_wconf 90' lang='lat' dir='ltr'>ille</span> <span class='ocrx_word' id='word_1_767' title='bbox 1981 2954 2078 3003; x_wconf 88' lang='lat' dir='ltr'>facit,</span> <span class='ocrx_word' id='word_1_768' title='bbox 2103 2970 2215 3008; x_wconf 87' lang='lat' dir='ltr'>neque</span> 
     </span>
     <span class='ocr_line' id='line_1_97' title="bbox 1228 3013 2214 3066; baseline 0.004 -15"><span class='ocrx_word' id='word_1_769' title='bbox 1228 3028 1324 3051; x_wconf 90' lang='lat' dir='ltr'>mare</span> <span class='ocrx_word' id='word_1_770' title='bbox 1337 3013 1373 3052; x_wconf 92' lang='lat' dir='ltr'>in</span> <span class='ocrx_word' id='word_1_771' title='bbox 1392 3027 1456 3052; x_wconf 85' lang='lat' dir='ltr'>nos</span> <span class='ocrx_word' id='word_1_772' title='bbox 1478 3013 1653 3063; x_wconf 87' lang='lat' dir='ltr'>immittit,</span> <span class='ocrx_word' id='word_1_773' title='bbox 1676 3027 1788 3066; x_wconf 84' lang='lat' dir='ltr'>neque</span> <span class='ocrx_word' id='word_1_774' title='bbox 1802 3023 1842 3052; x_wconf 91' lang='lat' dir='ltr'>ut</span> <span class='ocrx_word' id='word_1_775' title='bbox 1860 3014 1975 3052; x_wconf 87' lang='lat' dir='ltr'>media</span> <span class='ocrx_word' id='word_1_776' title='bbox 1990 3024 2083 3054; x_wconf 86' lang='lat' dir='ltr'>terra</span> <span class='ocrx_word' id='word_1_777' title='bbox 2099 3017 2214 3056; x_wconf 83' lang='lat' dir='ltr'>hiscat</span> 
     </span>
     <span class='ocr_line' id='line_1_98' title="bbox 1227 3074 2213 3126; baseline 0.003 -14"><span class='ocrx_word' id='word_1_778' title='bbox 1227 3074 1351 3123; x_wconf 85' lang='lat' dir='ltr'>efficit,</span> <span class='ocrx_word' id='word_1_779' title='bbox 1372 3088 1441 3113; x_wconf 92' lang='lat' dir='ltr'>non</span> <span class='ocrx_word' id='word_1_780' title='bbox 1458 3074 1566 3112; x_wconf 86' lang='lat' dir='ltr'>solem</span> <span class='ocrx_word' id='word_1_781' title='bbox 1582 3075 1791 3126; x_wconf 76' lang='lat' dir='ltr'>exstinguit,</span> <span class='ocrx_word' id='word_1_782' title='bbox 1810 3089 1879 3113; x_wconf 89' lang='lat' dir='ltr'>non</span> <span class='ocrx_word' id='word_1_783' title='bbox 1894 3076 2018 3113; x_wconf 81' lang='lat' dir='ltr'>caelum</span> <span class='ocrx_word' id='word_1_784' title='bbox 2034 3091 2116 3114; x_wconf 91' lang='lat' dir='ltr'>cum</span> <span class='ocrx_word' id='word_1_785' title='bbox 2131 3078 2213 3116; x_wconf 87' lang='lat' dir='ltr'>stel-</span> 
     </span>
     <span class='ocr_line' id='line_1_99' title="bbox 1227 3135 2210 3188; baseline 0.004 -16"><span class='ocrx_word' id='word_1_786' title='bbox 1227 3135 1271 3173; x_wconf 90' lang='lat' dir='ltr'>lis</span> <span class='ocrx_word' id='word_1_787' title='bbox 1292 3135 1428 3188; x_wconf 84' lang='lat' dir='ltr'>dejicit,</span> <span class='ocrx_word' id='word_1_788' title='bbox 1449 3149 1517 3173; x_wconf 89' lang='grc' dir='ltr'>11οη</span> <span class='ocrx_word' id='word_1_789' title='bbox 1552 3135 1670 3173; x_wconf 84' lang='lat' dir='ltr'>omnia</span> <span class='ocrx_word' id='word_1_790' title='bbox 1689 3135 1835 3173; x_wconf 88' lang='lat' dir='ltr'>demum</span> <span class='ocrx_word' id='word_1_791' title='bbox 1880 3135 1925 3173; x_wconf 87' lang='lat' dir='ltr'>de</span> <span class='ocrx_word' id='word_1_792' title='bbox 1961 3136 2079 3174; x_wconf 89' lang='lat' dir='ltr'>medio</span> <span class='ocrx_word' id='word_1_793' title='bbox 2094 3138 2210 3187; x_wconf 88' lang='lat' dir='ltr'>tollit;</span> 
     </span>
     <span class='ocr_line' id='line_1_100' title="bbox 1228 3194 2207 3246; baseline 0.004 -14"><span class='ocrx_word' id='word_1_794' title='bbox 1228 3194 1289 3232; x_wconf 85' lang='lat' dir='ltr'>sed</span> <span class='ocrx_word' id='word_1_795' title='bbox 1318 3195 1355 3233; x_wconf 89' lang='lat' dir='ltr'>in</span> <span class='ocrx_word' id='word_1_796' title='bbox 1390 3209 1454 3232; x_wconf 87' lang='lat' dir='ltr'>suo</span> <span class='ocrx_word' id='word_1_797' title='bbox 1478 3194 1604 3233; x_wconf 86' lang='lat' dir='ltr'>ordine</span> <span class='ocrx_word' id='word_1_798' title='bbox 1616 3195 1800 3246; x_wconf 86' lang='lat' dir='ltr'>relinquit,</span> <span class='ocrx_word' id='word_1_799' title='bbox 1823 3205 1860 3233; x_wconf 92' lang='lat' dir='ltr'>ut</span> <span class='ocrx_word' id='word_1_800' title='bbox 1894 3205 2056 3234; x_wconf 79' lang='lat' dir='ltr'>creatura</span> <span class='ocrx_word' id='word_1_801' title='bbox 2091 3198 2207 3236; x_wconf 86' lang='lat' dir='ltr'>omnis</span> 
     </span>
     <span class='ocr_line' id='line_1_101' title="bbox 1228 3255 2207 3310; baseline 0.003 -17"><span class='ocrx_word' id='word_1_802' title='bbox 1228 3255 1329 3293; x_wconf 85' lang='lat' dir='ltr'>nobis</span> <span class='ocrx_word' id='word_1_803' title='bbox 1363 3255 1547 3293; x_wconf 86' lang='lat' dir='ltr'>ministret.</span> <span class='ocrx_word' id='word_1_804' title='bbox 1583 3255 1667 3293; x_wconf 84' lang='lat' dir='ltr'>Haec</span> <span class='ocrx_word' id='word_1_805' title='bbox 1702 3270 1784 3308; x_wconf 83' lang='lat' dir='ltr'>ergo</span> <span class='ocrx_word' id='word_1_806' title='bbox 1803 3256 2006 3308; x_wconf 85' lang='lat' dir='ltr'>cogitantes,</span> <span class='ocrx_word' id='word_1_807' title='bbox 2044 3258 2207 3310; x_wconf 84' lang='lat' dir='ltr'>benigni-</span> 
     </span>
    </p>
   </div>
  </div>
 </body>
</html>
