2502 3810
693 230 736 258 IN
773 229 913 261 EPIST.
955 229 1029 258 AD.
1069 227 1171 257 ROM.
1205 227 1359 256 HOMIL.

86 309 172 359 ἅπερ
197 310 214 345 ὁ
239 308 340 357 νόμος
368 309 428 345 οὐκ
454 307 592 360 ἴσχυσε,
612 310 734 346 Ταῦτα
753 309 820 360 γὰρ
839 309 934 347 οὐδὲν
957 308 1071 360 ἕτερον
1085 338 1094 356 ,

84 371 160 407 ἀλλ’
179 369 200 414 ἢ
223 368 479 421 φιλονεικούσης
504 369 645 420 γνώμης
673 371 747 408 ἐστὶ
780 371 905 420 μόνον,
926 370 986 407 καὶ
1011 370 1095 422 πρὸς

377 429 508 475 γούσης.
526 430 570 467 ‘O
587 429 649 480 μὲν
665 430 732 484 γὰρ
753 430 856 481 νόμος
878 430 1053 482 ἐπαχθὴς,
1073 433 1109 477 ἡ,

83 430 139 467 τὸν
160 431 232 468 θεὸν
249 445 393 473 στασιας

82 489 117 528 δὲ
134 490 235 542 χάρις
255 491 355 543 ῥᾳδία
371 505 378 513 ·
400 493 417 528 ὁ
435 490 556 540 νόμος,
576 490 639 529 κᾶν
662 491 768 542 μυρία
789 491 1073 543 φιλονεικήσωσιν
1086 519 1096 537 ,

81 554 119 588 οὖ
140 551 266 594 σώζει·
285 555 306 597 ἡ
325 550 427 603 χάρις
440 552 500 589 καὶ
523 551 585 599 τὴν
612 552 646 595 ἐξ
665 555 790 598 ἑαυτῆς
814 552 874 589 καὶ
897 551 959 598 τὴν
980 554 1018 590 ἐκ
1038 556 1096 589 τοῦ

81 610 185 661 νόμου
203 612 350 663 παρέχει
370 611 599 658 δικαιοσύνην.
617 612 681 655 Τίς
700 607 755 650 οἶν
772 611 893 655 αὐτοὺς
917 612 1096 663 ἐξαιρήσε-

80 687 138 709 ται
152 671 252 722 λόγος
269 673 353 723 πρὸς
374 672 435 722 μὲν
463 672 590 719 ταύτην
612 672 812 724 φιλονείκως
838 672 1093 722 διακειμένους,

81 731 210 769 ἐκείνου
248 732 283 770 δὲ
317 733 566 783 ἀντεχομένους
607 736 683 783 εἰκῇ
719 733 778 771 καὶ
815 733 949 783 μάτην,
984 725 1095 777 Εἶτα,

81 792 199 840 ἐπειδὴ
231 793 321 844 μέγα
356 794 493 845 εἴρηκε,
520 794 624 832 πάλιν
655 793 724 832 ἀπὸ
756 796 818 839 τῆς
845 794 986 844 Γραφῆς
1015 791 1097 829 αὐτὸ

80 858 274 891 πιστοῦται.
304 854 408 904 Λέγει
434 854 500 906 γὰρ
519 859 540 902 ἡ
573 854 716 905 Γραφὴ,
746 852 832 905 φησί
859 868 866 875 ·
895 859 962 896 πᾶς
989 855 1006 889 ὃ
1039 868 1097 889 πι-

81 914 208 951 στεύων
229 916 282 952 ἐπ’
304 915 419 967 αὐτῷ,
436 917 474 952 οὔ
492 913 839 965 καταισχυνθήσεται.
861 915 914 950 Οὐ
937 913 1003 963 γάρ
1024 913 1097 949 ἐστι

80 974 241 1021 διαστολὴ
274 974 442 1012 Ἰουδαίου
474 990 512 1011 τε
541 974 599 1011 καὶ
632 972 827 1019 ϋΕλληνος·
846 975 864 1009 ὃ
893 972 961 1023 γὰρ
998 971 1097 1013 αὐτὸς

80 1034 204 1086 Κύριος
227 1035 388 1083 πάντων,
402 1037 559 1072 πλουτῶν
586 1036 634 1076 εἷς
653 1033 768 1070 πάντα
796 1032 854 1069 καὶ
876 1032 933 1070 ἐπὶ
963 1032 1095 1073 πάντας

78 1093 156 1137 τοὺς
175 1094 465 1144 ἐπικαλουμένους
481 1093 593 1131 αὐτόν.
611 1095 688 1136 Πᾶς
705 1092 794 1144 γὰρ,
816 1092 850 1135 ὃς
871 1092 910 1129 ἂν
934 1092 1096 1130 ἐπικαλέ-

79 1169 182 1201 σηται
200 1155 239 1192 τὸ
270 1155 377 1204 ὄνομα
400 1153 549 1206 Κυρίου,
579 1152 789 1199 σωθήσεται.
816 1147 917 1195 Εἶδες
934 1155 1009 1195 πῶς
1037 1152 1096 1190 καὶ

77 1219 138 1262 τῆς
154 1213 301 1256 πίστεως
321 1214 380 1251 καὶ
406 1217 467 1260 τῆς
492 1212 675 1263 ὁμολογίας
703 1213 854 1266 παράγει
884 1213 1094 1265 μαρτυρίας;

78 1277 130 1315 Τὸ
153 1275 215 1326 μὲν
231 1275 298 1326 γὰρ
324 1277 450 1322 εἰπεῖν,
470 1273 521 1311 ὅτι
540 1276 617 1318 Πᾶς
634 1277 651 1311 ὁ
678 1274 848 1312 πιστεύων
861 1303 870 1321 ,
898 1274 959 1319 τὴν
979 1273 1096 1311 πίστιν

79 1336 230 1382 ἐδήλωσε
249 1351 256 1358 ·
277 1334 317 1372 τὸ
343 1334 378 1372 δὲ
408 1337 534 1379 εἰπεῖν,
562 1333 629 1378 “Oe
665 1334 703 1372 ἂν
731 1333 1002 1381 ἐπικαλέσηται,
1033 1334 1095 1380 τὴν

78 1396 262 1446 ὁμολογίαν
285 1395 457 1446 ἐνέφηνεν.
486 1388 574 1433 Εἶτα
594 1395 697 1433 πάλιν
717 1395 756 1433 τὸ
775 1395 885 1433 κοινὸν
905 1398 968 1441 τ’ἧς
995 1395 1097 1447 χάρι-

78 1473 133 1501 τος
154 1455 415 1509 ἀνακηρύττων,
435 1456 493 1492 καὶ
511 1455 550 1494 τὸ
580 1456 716 1494 ἐκείνων
737 1455 881 1508 φύσημα
901 1455 1096 1493 καταστέλ-

779 1515 809 1529 ΙΝ
844 1515 858 1528 ’ν

28 1549 34 1552 .
78 1520 165 1563 λων,
193 1517 214 1554 ἃ
243 1516 298 1554 διὰ
325 1518 463 1554 πολλῶν
494 1515 686 1566 ἔμπροσθεν
721 1517 897 1562 ἀπεοειςε,
925 1520 1034 1554 ταῦτα
1061 1517 1094 1553 ἐν

81 1578 245 1630 βραχέσιν
266 1576 541 1627 ἀναμιμνήσκει,
560 1577 664 1614 πάλιν
688 1576 840 1623 δεικνὺς,
859 1577 912 1614 ὅτι
939 1576 1034 1614 οὐδὲν
1057 1576 1096 1614 τὸ

81 1640 184 1689 μέσον
203 1644 260 1677 τοῦ
283 1637 449 1676 Ἰουδαίου
469 1637 528 1675 καὶ
546 1642 606 1675 τοῦ
625 1637 850 1689 ἀκροὲύστου.
867 1639 920 1675 Οὐ
937 1637 1003 1689 γάρ
1023 1640 1095 1675 ἐστι

80 1698 266 1745 διαστολὴ,
288 1699 389 1750 φησὶν
404 1729 413 1746 ,
433 1698 601 1736 Ἰουδαίου
629 1713 666 1735 τε
691 1697 751 1735 καὶ
771 1697 955 1744 ἽΞλληνος.
988 1698 1057 1735 Καὶ
1078 1697 1096 1735 ὃ

78 1759 156 1810 περὶ
172 1762 230 1796 τοῦ
251 1759 390 1811 Πατρὸς
407 1759 539 1811 εἴρηκεν
555 1760 589 1795 ἐν
606 1760 649 1809 τῇ
668 1757 748 1810 περὶ
766 1757 886 1795 τούτου
904 1757 1093 1804 ἀποδείξει,

77 1825 176 1858 τοῦτο
191 1820 248 1857 καὶ
265 1822 409 1857 ἐνταῦθα
423 1819 503 1872 περὶ
517 1822 575 1856 τοῦ
590 1820 741 1870 Χριστοῦ
757 1818 862 1869 λέγει.
877 1817 1016 1869 ”Ωσπερ
1027 1818 1095 1871 γὰρ

78 1882 270 1932 ἔμπροσθεν
290 1880 371 1918 αὐτὸ
399 1880 667 1923 κατασκευάζων
686 1878 800 1929 ἔλεγεν
815 1894 822 1900 ·
843 1876 893 1915 *H
919 1877 1094 1916 Ἰουδαίων

77 1943 94 1977 ὃ
111 1940 200 1982 Θεὸς
218 1940 427 1992 μόνον;οὖχ“ι
442 1940 500 1978 καὶ
517 1942 620 1978 ἐθνῶν
636 1956 645 1986 ;
663 1938 719 1976 ναὶ
732 1938 790 1976 καὶ
807 1941 933 1985 ἐθνῶν,
952 1938 1093 1991 ἐπείπερ

77 2000 136 2037 καὶ
156 1995 202 2044 εἷς
219 2004 236 2038 ὁ
256 2000 345 2043 Θεός
362 2015 370 2023 ·
391 2000 480 2037 οὕτω
498 2000 557 2037 καὶ
576 1999 724 2037 ἐνταῦθά
745 2014 848 2050 φησιν
861 2014 869 2021 ·
884 1998 928 2037 Ὁ
945 1998 1010 2050 γὰρ
1033 2000 1093 2036 αὐ-

77 2062 132 2103 τὸς
150 2061 272 2113 Κύριος
294 2060 450 2105 πάντων,
467 2063 625 2098 πλουτῶν
644 2061 692 2104 εἷς
709 2060 824 2098 πάντα
842 2059 901 2097 καὶ
925 2059 982 2097 ἐπὶ
1001 2059 1093 2097 πάν-

75 2139 137 2165 τας
152 2122 227 2166 τοὺς
247 2122 532 2172 ἐπικαλουμένους
553 2120 666 2158 αὐτόν.
690 2120 798 2173 Ὁρᾷς
824 2123 898 2163 πῶς
923 2119 1091 2158 δείκνυσιν

76 2183 176 2221 αὐτὸν
204 2184 358 2235 σφοδρῶς
378 2182 552 2234 ἐφιέμενον
575 2185 676 2231 ἡμῶν
695 2185 758 2228 τῆς
785 2180 978 2232 σωτηρίας;
1000 2181 1031 2218 εἴ
1053 2197 1092 2233 γε

75 2244 134 2294 καὶ
148 2245 294 2281 πλοῦτον
312 2245 435 2280 οἰκεῖον
459 2246 595 2293 ἡγεῖται
622 2240 752 2287 ταύτην
769 2256 777 2264 ·
797 2241 887 2279 ὥστε
916 2241 1005 2291 μηδὲ
1032 2245 1091 2278 νῦν

76 2303 195 2346 αὐτοὺς
212 2305 408 2352 ἀπογνῶναι
425 2302 513 2353 μηδὲ
530 2302 689 2353 νομίσαι,
710 2302 742 2339 εἴ
753 2318 791 2354 γε
814 2303 1010 2353 βουληθεῖεν
1031 2312 1100 2352 με-’

73 2367 257 2411 τανοῆσαι,
282 2364 544 2415 ἅσυγγνώστους
578 2357 678 2400 εἶναι.
701 2362 745 2401 ‘O
773 2363 840 2415 γὰρ
868 2365 1015 2401 πλοῧτον
1042 2365 1090 2400 οἷ-

72 2432 162 2463 κεῖον
182 2424 368 2476 ἡγούμενος
393 2425 431 2462 τὸ
450 2424 568 2469 σώζειν
594 2427 698 2474 ἡμᾶς,
727 2426 764 2461 οὗ
785 2423 956 2461 παύσεται
983 2424 1090 2461 πλου-

72 2488 139 2523 τῶν
157 2501 164 2508 ·
184 2485 259 2522 ἐπεὶ
281 2485 339 2522 καὶ
355 2488 456 2522 τοῦτο
470 2485 617 2527 πλοῦτος
633 2484 672 2522 τὸ
696 2486 742 2528 εἷς
760 2484 894 2527 πάντας
913 2487 1091 2536 ε’κχεῖσθαι

71 2545 134 2591 τὴν
155 2545 296 2597 δωρεάν.
312 2544 458 2591 Ἐπειδὴ
476 2544 564 2597 ῧγὰρ
583 2546 642 2582 καὶ
667 2548 766 2582 τοῦτο
795 2545 948 2595 μάλιστα
970 2543 1092 2588 αὐτοὺς

74 2606 244 2657 ἐθορύέει,
261 2605 300 2643 τὸ
318 2605 501 2656 προεδρίας
521 2604 756 2648 ἀπολαύοντας
781 2604 867 2657 ὑπὲρ
886 2604 949 2651 τὴν
977 2606 1093 2641 οἰκου-

74 2666 180 2717 μένην
196 2666 352 2712 ἅπασαν,
374 2670 431 2703 ν’ὖν
457 2667 495 2702 ἐκ
511 2668 572 2710 τῆς
592 2664 741 2707 πίστεως
768 2665 837 2702 ἀπὸ
864 2667 932 2701 τῶν
964 2663 1092 2715 θρόνων

72 2727 367 2770 καταὸιὲάζεσθαι
399 2725 559 2772 ἐκείνων,
581 2724 640 2762 καὶ
674 2724 781 2774 μηδὲν
810 2723 913 2762 πλέον
933 2727 1001 2761 τῶν
1020 2725 1093 2761 λοι-

69 2790 146 2824 πῶν
165 2786 258 2838 ἔχειν
275 2802 283 2809 ·
301 2785 478 2837 ὴσυνεχῶς
496 2784 574 2828 τοὺς
602 2784 782 2836 προφήτας
803 2784 935 2835 εἰσάγει
963 2783 1091 2830 ταύτην

69 2846 256 2899 ἐπᾴδοντας
276 2849 389 2890 αὐτοῖς
407 2846 470 2893 τὴν
487 2845 673 2896 ἰσοτιμίαν.
689 2847 766 2887 Πᾶς
780 2844 848 2896 γὰρ
871 2848 888 2883 ὃ
907 2844 1091 2891 πιστεύων,

73 2908 186 2959 φησὶν,
207 2910 260 2946 ἐπ’
284 2909 395 2959 αὐτῷ,
414 2909 451 2944 οὐ
470 2905 810 2958 καταισχυνθήσεται
829 2921 837 2928 ·
857 2905 938 2951 καὶ,
961 2907 1037 2949 Πᾶς
1057 2905 1092 2948 ὃς

74 2969 113 3004 ἂν
133 2968 381 3014 ἐπικαλέσηται
399 2968 439 3006 τὸ
457 2968 566 3018 ὄνομα
597 2967 744 3019 Κυρίου,
779 2967 987 3013 σωθήσεται.
1021 2966 1091 3004 Καὶ

72 3033 250 3078 πανταχοῦ
266 3029 305 3066 τὸ
322 3030 398 3071 Πᾶς
412 3027 581 3074 τέθειται,
596 3026 652 3065 ἵνα
670 3026 717 3077 μὴ
735 3027 974 3077 ἀντιλέγιι1σιν.
995 3027 1088 3064 Ἀλλ’

71 3086 164 3124 οὐδὲν
191 3087 381 3131 κενοδοξίας
411 3095 526 3139 χεῖρον
543 3103 551 3111 ·
570 3087 658 3134 αὕτη
685 3087 774 3140 γὰρ,
805 3087 890 3133 αὕτη
934 3086 1089 3136 μάλιστα

72 3150 210 3187 πάντων
245 3150 365 3193 αὐτοὺς
391 3152 565 3190 ἀπώλεσε.
588 3151 650 3189 Διὸ
677 3151 772 3189 καὶὸ
796 3140 946 3202 Χριστὸς
975 3152 1088 3192 αὐτοῖς

73 3216 168 3267 ἔλεγε
184 3232 191 3238 ·
215 3217 297 3258 Πῶς
318 3216 458 3255 ’δύνασθε
476 3217 665 3262 πιστεύειν,
687 3217 784 3261 δόξαν
814 3216 898 3268 παρ’
927 3216 1086 3263 ἀλλήλων

72 3282 320 3332 λαμῧάνοντες,
342 3283 400 3320 καὶ
415 3283 477 3330 τὴν
493 3284 590 3329 δόξαν
610 3285 672 3332 τὴν
691 3284 787 3336 παρὰ
803 3288 862 3324 τοῦ
880 3283 982 3334 μόνου
996 3285 1088 3322 Θεοῦ

119 3404 131 3418 ⁵·
157 3395 212 3427 Sic
229 3395 304 3427 Mss.
323 3393 414 3428 Editi
430 3406 508 3429 vero
524 3398 679 3441 ἐπειδήπερ
696 3403 755 3431 καί.

1399 227 1510 257 xvii.
2059 210 2144 273 0·st

1169 321 1278 357 eaque
1296 314 1475 359 praestare'
1488 321 1565 357 quae
1585 307 1644 344 lex
1664 321 1732 344 non
1755 306 1899 358 potuit?
1917 306 2000 344 Haec
2019 306 2152 358 quippe

1120 375 1145 404 D
1170 367 1261 405 nihil
1281 368 1381 405 aliud
1410 377 1491 406 sunt
1520 382 1627 418 quam
1655 367 1877 406 contentiosae
1903 381 1944 405 ae
1976 381 2058 404 cum
2077 369 2152 405 Deo

1170 428 1334 466 seditiose
1348 428 1482 480 agentis
1496 429 1688 467 voluntatis
1701 443 1801 480 opus.
1820 430 1911 466 Nam
1929 428 1990 465 lex
2006 427 2151 478 quidem

1171 504 1313 527 onerosa
1327 519 1337 538 ,
1360 490 1471 540 gratia
1489 504 1573 527 vero
1600 490 1714 527 facilis
1737 499 1809 527 est:
1830 490 1905 539 lex,
1928 489 1992 526 etsi
2021 489 2151 526 millies

1171 550 1406 600 contendant,
1427 551 1566 589 salvum
1584 552 1695 588 facere
1714 551 1836 601 nequit
1853 567 1860 588 z
1878 549 1990 601 gratia
2006 558 2039 587 et
2051 564 2153 586 suam

1171 619 1204 647 et
1220 624 1298 648 eam
1320 624 1397 661 quae
1423 610 1510 662 legis
1527 620 1578 648 est
1595 611 1771 663 justitiam
1787 611 1933 663 praebet.
1961 610 2050 656 Quis
2069 623 2152 661 ergo

1172 685 1284 708 sermo
1302 670 1381 708 illos
1397 671 1540 719 eximet,
1557 671 1618 721 qui
1637 681 1756 708 contra
1774 672 1924 722 gratiam
1943 670 2152 708 contentiosi

1172 739 1266 780 sunt,
1294 730 1364 781 legi
1385 745 1470 769 vero
1499 732 1629 768 frustra
1652 741 1684 768 et
1713 732 1749 769 in
1779 745 1916 768 cassum
1947 730 2152 769 adhaerent?

1171 792 1330 841 Deinde,
1351 792 1434 842 quia
1450 805 1618 843 magnum
1633 792 1822 844 quidpiam
1839 792 1978 829 dixerat
1992 821 2001 840 ,
2018 807 2037 840 a
2054 792 2153 831 Scri—

1170 861 1275 903 ptura
1288 852 1379 889 illud
1395 852 1594 889 confirmat.
1614 854 1654 888 11
1669 882 1676 889 .
1693 854 1801 889 Dicit
1820 855 1922 889 enim
1941 854 2151 904 Scriptura,

1172 912 1298 962 inquit,
1315 914 1446 950 Omnis
1467 916 1533 964 qui
1548 914 1667 950 credit
1684 913 1847 949 inillam
1862 942 1874 958 ,
1895 927 1971 950 non
1982 915 2150 966 consun-

1122 974 1146 1002 E
1174 975 1297 1012 detur.
1318 977 1377 1011 12.
1394 975 1484 1010 Non
1500 977 1602 1011 enim
1618 983 1672 1011 est
1685 975 1882 1011 distinctio
1892 976 2021 1012 Judaei
2037 984 2154 1026 atque

1175 1034 1302 1071 Graeci
1321 1049 1331 1068 :
1354 1047 1444 1070 nam
1475 1034 1577 1070 idem
1597 1036 1788 1071 Dominus
1818 1037 1992 1070 omnium
2000 1064 2012 1080 ,
2048 1036 2153 1072 dives

1172 1097 1213 1131 in
1232 1087 1363 1131 omnia
1381 1103 1419 1143 let
1444 1098 1485 1132 in
1502 1109 1631 1133 omnes
1648 1098 1872 1133 invocantes
1891 1109 1942 1133 se.
1957 1097 2018 1132 15.
2044 1096 2156 1144 Θαίς·

1172 1158 1257 1208 quis
1275 1157 1377 1192 enim
1401 1158 1637 1194 invocaverit
1656 1170 1794 1193 nomen
1813 1157 1996 1202 Domini,
2022 1157 2154 1193 salvus

1171 1218 1255 1256 erit.
1278 1215 1410 1255 Viden’
1431 1216 1608 1266 quomodo
1631 1225 1665 1254 et
1685 1216 1767 1253 fidei
1797 1225 1830 1254 et
1855 1216 2080 1254 confessionis
2097 1226 2152 1254 te-

1172 1276 1337 1314 stimonia
1358 1277 1541 1315 adducat?
1557 1280 1650 1316 Cum
1675 1277 1768 1315 enim
1786 1277 1893 1327 dicit,
1926 1279 2060 1315 Omnis
2087 1280 2154 1328 qui

1172 1340 1293 1376 credit
1313 1342 1354 1376 in
1373 1340 1505 1386 illum,
1529 1340 1638 1378 fidem
1665 1340 1842 1389 declarat,
1861 1354 1943 1378 cum
1961 1349 2079 1377 autem
2097 1339 2154 1376 di-

1171 1400 1230 1444 cit,
1244 1401 1425 1452 Quisquis
1439 1403 1688 1450 invocaverit,
1705 1401 1954 1438 confessionem
1966 1400 2149 1452 exprimit.

1172 1461 1310 1498 Deinde
1328 1461 1426 1512 quod
1457 1475 1642 1499 commune
1669 1471 1719 1499 est
1739 1461 1774 1499 in
1794 1461 1905 1513 gratia
1937 1461 2151 1513 praedicans,

1171 1520 1384 1571 illorumque
1404 1523 1532 1559 fastum
1553 1522 1755 1574 deprimens
1769 1552 1780 1572 ,
1813 1536 1890 1573 quae
1912 1531 2011 1558 antea
2030 1522 2152 1558 multis

1170 1580 1430 1628 declaraverat,
1452 1582 1529 1619 haec
1538 1583 1613 1634 jam
1633 1583 1756 1634 paucis
1783 1590 2052 1630 commemorat3
2073 1596 2152 1618 rur-

1111 1666 1157 1690 525
1171 1655 1230 1679 sus
1248 1642 1432 1680 ostendens
1450 1643 1540 1680 nihil
1561 1643 1777 1680 discriminis
1792 1657 1865 1680 esse
1880 1642 2050 1682 Judaeum
2063 1642 2152 1679 inter

1122 1703 1147 1731 Α
1170 1712 1203 1740 et
1221 1703 1488 1755 praeputiatum.
1522 1706 1611 1741 ZVon
1636 1707 1737 1741 enim
1769 1712 1826 1741 est
1857 1705 2069 1749 distinctio,
2093 1703 2149 1740 in-

1169 1763 1265 1813 quit,
1289 1764 1418 1801 Judaei
1448 1773 1565 1817 atque
1601 1765 1741 1802 Grtoeei.
1776 1763 1824 1800 Et
1854 1763 1949 1814 quod
1975 1763 2019 1800 de
2049 1765 2153 1801 Patre

1169 1823 1310 1862 dixerat
1329 1824 1365 1860 in
1392 1823 1502 1876 hujus
1528 1824 1578 1862 rei
1597 1824 1826 1876 probatione,
1846 1824 2004 1876 idipsum
2023 1823 2083 1860 hic
2107 1823 2152 1861 de
2188 1864 2193 1869 ¹

1170 1883 1311 1921 Christo
1327 1883 1428 1922 dicit.
1445 1886 1495 1922 Ut
1511 1885 1605 1922 enim
1618 1885 1717 1936 prius
1735 1885 1803 1922 hoe
1819 1884 1973 1936 probans
1989 1883 2149 1921 dicebat:

1168 1944 1239 1982 An
1252 1946 1475 1983 Judoeorum
1491 1955 1643 1983 tantum
1659 1947 1778 1992 Deus,
1796 1954 1831 1982 et
1853 1959 1931 1981 non
1948 1947 2117 1996 gentium
2134 1949 2150 1981 9
2163 1955 2349 1994 Rom.3.29.

1168 2008 1245 2042 imo
1268 2015 1303 2044 et
1332 2009 1526 2058 gentium;
1560 2009 1745 2059 quoniam
1783 2007 1937 2056 quidem
1965 2019 2063 2043 unus
2095 2014 2150 2043 est

1168 2067 1273 2103 Deus
1296 2082 1306 2102 :
1329 2066 1380 2104 sic
1404 2076 1436 2104 et
1457 2067 1524 2104 hoc
1545 2067 1622 2104 loco
1638 2065 1751 2104 dicit:
1772 2067 1878 2103 ,Nam
1897 2067 1998 2103 idem
2017 2067 2151 2103 Domi-

1169 2139 1240 2164 nus
1257 2130 1441 2174 omnium,
1465 2128 1570 2165 clives
1591 2129 1632 2164 in
1652 2129 1782 2164 omnia
1802 2135 1838 2164 et
1857 2129 1898 2163 in
1915 2140 2066 2173 omnes,
2084 2129 2151 2178 qui

1167 2190 1354 2226 invocant
1367 2190 1505 2239 ipsum.
1523 2186 1653 2227 Viden'
1666 2186 1844 2237 quomodo
1857 2186 2017 2224 ostendat
2030 2186 2150 2238 ipsum

1165 2248 1358 2286 admodum
1396 2248 1566 2300 cupidum
1607 2247 1731 2285 salutis
1769 2248 1921 2286 nostrae?
1970 2246 2150 2297 siquidem

1164 2308 1256 2346 hanc
1276 2318 1378 2360 putat
1396 2308 1541 2346 divitias
1566 2322 1639 2345 esse
1655 2321 1737 2345 suas
1757 2322 1764 2343 :
1786 2307 1837 2344 ita
1853 2316 1893 2344 ut
1920 2306 1976 2344 illi
1986 2308 2062 2359 jam
2082 2321 2151 2344 non

1116 2371 1140 2400 Β
1164 2371 1369 2423 desperent,
1393 2385 1505 2422 neque
1522 2379 1668 2423 putent,
1689 2371 1718 2408 si
1743 2370 1886 2421 quidem
1908 2370 2152 2422 poenitentiam

1163 2447 1267 2485 agere
1281 2433 1407 2479 x‘elint,
1429 2447 1464 2470 se
1476 2447 1496 2469 a
1515 2432 1619 2471 venia
1638 2432 1800 2470 exclusos
1827 2446 1911 2470 esse.
1928 2432 2020 2469 Nam
2040 2432 2069 2468 is
2091 2431 2151 2481 qui

1164 2494 1518 2533 existimatdivitias
1546 2508 1626 2531 suas
1652 2508 1743 2541 esse,
1762 2493 1792 2531 si
1817 2507 1880 2530 nos
1896 2493 2013 2531 salvos
2033 2492 2151 2539 faciat,

1161 2555 1265 2594 dives
1298 2570 1372 2593 esse
1400 2569 1469 2592 non
1511 2555 1690 2592 cessabit:
1721 2553 1900 2604 siquidem
1931 2553 1986 2590 hae
2015 2552 2151 2591 divitiae

1162 2624 1267 2663 sunt,
1290 2615 1319 2652 si
1339 2615 1375 2652 in
1395 2628 1515 2652 omnes
1534 2613 1668 2651 donum
1697 2612 1912 2650 effundatur.
1934 2612 2029 2659 Quia
2057 2613 2151 2650 enim

1162 2684 1196 2712 et
1228 2675 1296 2712 hoc
1322 2674 1478 2712 maxime
1505 2674 1585 2711 illos
1611 2673 1799 2721 turbabat,
1820 2672 1918 2722 quod
1948 2686 2028 2709 eum
2059 2687 2150 2724 pra:-

1164 2735 1391 2772 eminentiam
1410 2735 1582 2771 haberent
1605 2733 1640 2770 in
1661 2734 1746 2779 orbe
1767 2742 1858 2779 toto,
1890 2746 1983 2769 nunc
2010 2746 2056 2770 ex
2078 2733 2149 2770 fide

1164 2810 1183 2833 a
1210 2796 1338 2833 throno
1365 2809 1428 2833 suo
1448 2795 1731 2847 dejiciebantur,
1754 2803 1788 2832 et
1816 2794 1910 2831 nihil
1928 2794 2010 2846 plus
2034 2794 2145 2831 habe-

1162 2857 1248 2896 bant
1278 2871 1386 2908 quam
1415 2856 1554 2894 caeteri:
1575 2857 1779 2906 frequenter
1809 2855 2000 2907 prophetas
2033 2855 2148 2893 addu-

1163 2918 1224 2967 cit,
1244 2917 1305 2968 qui
1321 2917 1422 2955 illam
1436 2916 1582 2954 honoris
1598 2915 1785 2967 paritatem
1798 2916 1995 2954 decantant.
2014 2918 2147 2954 Omnis

1161 2981 1277 3028 enim,
1298 2978 1428 3029 inquit,
1444 2981 1511 3029 qai
1527 2979 1646 3015 credit
1663 2980 1704 3014 in
1724 2978 1850 3024 illum,
1870 2992 1948 3014 non
1974 2979 2144 3030 consun-

1114 3033 1137 3063 (ἶ
1160 3041 1300 3079 delum·
1331 3048 1379 3088 et,
1409 3040 1590 3090 Quisquis
1620 3040 1858 3075 invocaverit
1890 3052 2028 3075 nomen
2059 3040 2144 3075 Do-

1161 3103 1273 3147 mini,
1296 3101 1428 3138 salvus
1441 3102 1525 3136 erit.
1542 3099 1588 3136 Et
1610 3098 1742 3149 ubique
1767 3097 1878 3147 illud,
1905 3101 2059 3146 Omnis,
2079 3114 2146 3151 po-

1160 3161 1269 3207 nitur,
1284 3169 1378 3197 utne
1391 3159 1645 3211 contradicant.
1658 3161 1796 3197 Verum
1812 3158 1903 3195 nihil
1924 3174 2015 3197 vana
2032 3159 2144 3210 gloria

1159 3220 1315 3259 deterius
1332 3236 1339 3256 ε
1361 3220 1435 3257 haec
1454 3219 1569 3268 enim,
1588 3219 1665 3256 haec
1685 3219 1842 3256 maxime
1863 3219 2043 3269 omnium,
2065 3220 2145 3258 illos

1159 3281 1326 3335 perdidit.
1342 3281 1582 3329 Quamobrem
1598 3281 1760 3318 Christus
1774 3281 1847 3319 illis
1865 3281 2004 3319 dicebat
2018 3298 2025 3318 z
2046 3283 2144 3333 Quo-

1187 3397 1203 3421 1,
1228 3394 1317 3429 Edit}
1337 3404 1459 3438 συνεχῶς
1476 3398 1506 3429 δὲ
1523 3398 1600 3438 τοὺς,
1614 3394 1672 3428 sed
1688 3398 1718 3430 δέ
1735 3394 1828 3428 abest
1842 3407 1860 3428 a
1877 3394 2069 3428 CodicibuS.
