<?xml version="1.0" encoding="UTF-8"?>
<!DOCTYPE html PUBLIC "-//W3C//DTD XHTML 1.0 Transitional//EN"
    "http://www.w3.org/TR/xhtml1/DTD/xhtml1-transitional.dtd">
<html xmlns="http://www.w3.org/1999/xhtml" xml:lang="en" lang="en">
 <head>
  <title>
</title>
<meta http-equiv="Content-Type" content="text/html;charset=utf-8" />
  <meta name='ocr-system' content='tesseract 3.04.00' />
  <meta name='ocr-capabilities' content='ocr_page ocr_carea ocr_par ocr_line ocrx_word'/>
</head>
<body>
  <div class='ocr_page' id='page_1' title='image "./operaomniaquaeex09johnuoft_0546.png"; bbox 0 0 2502 3810; ppageno 0'>
   <div class='ocr_carea' id='block_1_1' title="bbox 110 2800 287 2836">
    <p class='ocr_par' dir='ltr' id='par_1_1' title="bbox 110 2800 287 2836">
     <span class='ocr_line' id='line_1_1' title="bbox 110 2800 287 2836; baseline 0.006 -10"><span class='ocrx_word' id='word_1_1' title='bbox 110 2801 169 2827; x_wconf 62' lang='lat' dir='ltr'><strong>CCI?</strong></span> <span class='ocrx_word' id='word_1_2' title='bbox 178 2821 182 2826; x_wconf 82' lang='grc'><strong>.</strong></span> <span class='ocrx_word' id='word_1_3' title='bbox 197 2810 226 2829; x_wconf 87' lang='grc'><strong>2.</strong></span> <span class='ocrx_word' id='word_1_4' title='bbox 240 2800 287 2836; x_wconf 62' lang='lat'><strong>2⁴-</strong></span> 
     </span>
    </p>
   </div>
   <div class='ocr_carea' id='block_1_2' title="bbox 831 266 1293 299">
    <p class='ocr_par' dir='ltr' id='par_1_2' title="bbox 831 266 1293 299">
     <span class='ocr_line' id='line_1_2' title="bbox 831 266 1293 299; baseline -0.006 -1"><span class='ocrx_word' id='word_1_5' title='bbox 831 268 1015 299; x_wconf 51' lang='lat' dir='ltr'><strong>Joxxms</strong></span> <span class='ocrx_word' id='word_1_6' title='bbox 1052 266 1293 296; x_wconf 74' lang='lat' dir='ltr'><strong>CHRYSOST.</strong></span> 
     </span>
    </p>
   </div>
   <div class='ocr_carea' id='block_1_3' title="bbox 299 348 1354 3194">
    <p class='ocr_par' dir='ltr' id='par_1_3' title="bbox 299 348 1335 1678">
     <span class='ocr_line' id='line_1_3' title="bbox 305 348 1287 403; baseline -0.012 -7"><span class='ocrx_word' id='word_1_7' title='bbox 305 358 507 403; x_wconf 71' lang='lat' dir='ltr'>strinxerat,</span> <span class='ocrx_word' id='word_1_8' title='bbox 539 354 583 391; x_wconf 68' lang='lat' dir='ltr'><strong>ad</strong></span> <span class='ocrx_word' id='word_1_9' title='bbox 612 352 707 390; x_wconf 72' lang='lat' dir='ltr'><strong>viros</strong></span> <span class='ocrx_word' id='word_1_10' title='bbox 728 349 902 402; x_wconf 81' lang='lat' dir='ltr'><strong>procedit,</strong></span> <span class='ocrx_word' id='word_1_11' title='bbox 923 348 1045 387; x_wconf 87' lang='lat' dir='ltr'><strong>dicens</strong></span> <span class='ocrx_word' id='word_1_12' title='bbox 1071 363 1078 383; x_wconf 93' lang='lat'><strong>:</strong></span> <span class='ocrx_word' id='word_1_13' title='bbox 1104 348 1287 386; x_wconf 83' lang='lat' dir='ltr'><em>Similiter</em></span> 
     </span>
     <span class='ocr_line' id='line_1_4' title="bbox 304 407 1288 461; baseline -0.013 -4"><span class='ocrx_word' id='word_1_14' title='bbox 304 429 339 456; x_wconf 80' lang='lat' dir='ltr'><strong>et</strong></span> <span class='ocrx_word' id='word_1_15' title='bbox 362 417 538 460; x_wconf 75' lang='lat' dir='ltr'><strong>masculi,</strong></span> <span class='ocrx_word' id='word_1_16' title='bbox 558 414 691 450; x_wconf 81' lang='lat' dir='ltr'><strong>relicto</strong></span> <span class='ocrx_word' id='word_1_17' title='bbox 709 411 884 448; x_wconf 79' lang='lat' dir='ltr'><strong>naturali</strong></span> <span class='ocrx_word' id='word_1_18' title='bbox 899 410 1142 461; x_wconf 77' lang='lat' dir='ltr'><strong>uschemince</strong></span> <span class='ocrx_word' id='word_1_19' title='bbox 1161 424 1170 444; x_wconf 75' lang='grc' dir='ltr'><strong>ι</strong></span> <span class='ocrx_word' id='word_1_20' title='bbox 1191 407 1288 458; x_wconf 89' lang='lat' dir='ltr'><strong>quod</strong></span> 
     </span>
     <span class='ocr_line' id='line_1_5' title="bbox 304 470 1289 525; baseline -0.01 -11"><span class='ocrx_word' id='word_1_21' title='bbox 304 487 468 515; x_wconf 66' lang='lat' dir='ltr'><strong>extremae</strong></span> <span class='ocrx_word' id='word_1_22' title='bbox 498 471 667 525; x_wconf 87' lang='lat' dir='ltr'><strong>perniciei</strong></span> <span class='ocrx_word' id='word_1_23' title='bbox 698 470 904 522; x_wconf 74' lang='lat' dir='ltr'><strong>exemplum</strong></span> <span class='ocrx_word' id='word_1_24' title='bbox 935 478 1000 518; x_wconf 83' lang='lat' dir='ltr'><strong>est,</strong></span> <span class='ocrx_word' id='word_1_25' title='bbox 1035 483 1116 506; x_wconf 88' lang='lat' dir='ltr'><strong>cum</strong></span> <span class='ocrx_word' id='word_1_26' title='bbox 1143 476 1289 518; x_wconf 90' lang='lat' dir='ltr'><strong>uterque</strong></span> 
     </span>
     <span class='ocr_line' id='line_1_6' title="bbox 304 529 1290 586; baseline -0.009 -12"><span class='ocrx_word' id='word_1_27' title='bbox 304 551 407 575; x_wconf 70' lang='lat' dir='ltr'><strong>sexus</strong></span> <span class='ocrx_word' id='word_1_28' title='bbox 429 544 616 586; x_wconf 85' lang='lat' dir='ltr'><strong>corruptus</strong></span> <span class='ocrx_word' id='word_1_29' title='bbox 632 542 697 582; x_wconf 87' lang='lat' dir='ltr'><strong>est,</strong></span> <span class='ocrx_word' id='word_1_30' title='bbox 722 541 754 570; x_wconf 89' lang='lat' dir='ltr'><strong>et</strong></span> <span class='ocrx_word' id='word_1_31' title='bbox 772 532 837 580; x_wconf 81' lang='lat' dir='ltr'><strong>vir,</strong></span> <span class='ocrx_word' id='word_1_32' title='bbox 858 531 921 582; x_wconf 87' lang='lat' dir='ltr'><strong>qui</strong></span> <span class='ocrx_word' id='word_1_33' title='bbox 944 529 1104 568; x_wconf 90' lang='lat' dir='ltr'><strong>mulieris</strong></span> <span class='ocrx_word' id='word_1_34' title='bbox 1122 529 1290 580; x_wconf 82' lang='lat' dir='ltr'><strong>magister</strong></span> 
     </span>
     <span class='ocr_line' id='line_1_7' title="bbox 304 590 1289 646; baseline -0.008 -11"><span class='ocrx_word' id='word_1_35' title='bbox 304 607 354 635; x_wconf 83' lang='lat' dir='ltr'><strong>est</strong></span> <span class='ocrx_word' id='word_1_36' title='bbox 375 596 600 646; x_wconf 83' lang='lat' dir='ltr'><strong>constitutus,</strong></span> <span class='ocrx_word' id='word_1_37' title='bbox 632 604 665 632; x_wconf 90' lang='lat' dir='ltr'><strong>et</strong></span> <span class='ocrx_word' id='word_1_38' title='bbox 683 593 826 642; x_wconf 82' lang='lat' dir='ltr'><strong>femina,</strong></span> <span class='ocrx_word' id='word_1_39' title='bbox 848 606 926 643; x_wconf 85' lang='lat' dir='ltr'><strong>quae</strong></span> <span class='ocrx_word' id='word_1_40' title='bbox 949 591 1109 643; x_wconf 77' lang='lat' dir='ltr'><strong>adjutrix</strong></span> <span class='ocrx_word' id='word_1_41' title='bbox 1126 590 1198 629; x_wconf 82' lang='lat' dir='ltr'><strong>viri</strong></span> <span class='ocrx_word' id='word_1_42' title='bbox 1217 604 1289 628; x_wconf 90' lang='lat' dir='ltr'><strong>esse</strong></span> 
     </span>
     <span class='ocr_line' id='line_1_8' title="bbox 299 652 1335 711; baseline -0.004 -17"><span class='ocrx_word' id='word_1_43' title='bbox 299 661 397 711; x_wconf 83' lang='lat' dir='ltr'><strong>jussa</strong></span> <span class='ocrx_word' id='word_1_44' title='bbox 416 666 480 706; x_wconf 88' lang='lat' dir='ltr'><strong>est,</strong></span> <span class='ocrx_word' id='word_1_45' title='bbox 509 671 586 707; x_wconf 55' lang='lat' dir='ltr'><strong>quae</strong></span> <span class='ocrx_word' id='word_1_46' title='bbox 614 654 841 692; x_wconf 86' lang='lat' dir='ltr'><strong>inimicorum</strong></span> <span class='ocrx_word' id='word_1_47' title='bbox 861 662 954 702; x_wconf 86' lang='lat' dir='ltr'><strong>sunt,</strong></span> <span class='ocrx_word' id='word_1_48' title='bbox 974 652 1139 702; x_wconf 86' lang='lat' dir='ltr'><strong>utrinque</strong></span> <span class='ocrx_word' id='word_1_49' title='bbox 1163 661 1288 690; x_wconf 88' lang='lat' dir='ltr'><strong>mutuo</strong></span> <span class='ocrx_word' id='word_1_50' title='bbox 1311 659 1335 690; x_wconf 90' lang='lat' dir='ltr'>C</span> 
     </span>
     <span class='ocr_line' id='line_1_9' title="bbox 303 713 1288 769; baseline -0.006 -14"><span class='ocrx_word' id='word_1_51' title='bbox 303 727 423 769; x_wconf 80' lang='lat' dir='ltr'><strong>agunt.</strong></span> <span class='ocrx_word' id='word_1_52' title='bbox 444 716 625 769; x_wconf 78' lang='lat' dir='ltr'><strong>Perpende</strong></span> <span class='ocrx_word' id='word_1_53' title='bbox 638 725 756 754; x_wconf 84' lang='lat' dir='ltr'><strong>autem</strong></span> <span class='ocrx_word' id='word_1_54' title='bbox 771 729 851 752; x_wconf 90' lang='lat' dir='ltr'><strong>cum</strong></span> <span class='ocrx_word' id='word_1_55' title='bbox 863 723 994 765; x_wconf 83' lang='lat' dir='ltr'><strong>quanta</strong></span> <span class='ocrx_word' id='word_1_56' title='bbox 1008 713 1167 765; x_wconf 81' lang='lat' dir='ltr'>emphasi</span> <span class='ocrx_word' id='word_1_57' title='bbox 1179 713 1288 750; x_wconf 75' lang='lat' dir='ltr'><strong>verba</strong></span> 
     </span>
     <span class='ocr_line' id='line_1_10' title="bbox 302 775 1289 827; baseline -0.006 -11"><span class='ocrx_word' id='word_1_58' title='bbox 302 779 483 816; x_wconf 74' lang='lat' dir='ltr'><strong>adhibeat.</strong></span> <span class='ocrx_word' id='word_1_59' title='bbox 505 779 585 815; x_wconf 87' lang='lat' dir='ltr'><strong>Non</strong></span> <span class='ocrx_word' id='word_1_60' title='bbox 603 778 698 814; x_wconf 89' lang='lat' dir='ltr'><strong>enim</strong></span> <span class='ocrx_word' id='word_1_61' title='bbox 719 775 813 813; x_wconf 70' lang='lat' dir='ltr'><strong>dixit</strong></span> <span class='ocrx_word' id='word_1_62' title='bbox 836 776 930 827; x_wconf 89' lang='lat' dir='ltr'><strong>ipsos</strong></span> <span class='ocrx_word' id='word_1_63' title='bbox 952 789 988 812; x_wconf 90' lang='lat' dir='ltr'><strong>se</strong></span> <span class='ocrx_word' id='word_1_64' title='bbox 1007 783 1130 811; x_wconf 89' lang='lat' dir='ltr'><strong>mutuo</strong></span> <span class='ocrx_word' id='word_1_65' title='bbox 1155 788 1289 811; x_wconf 81' lang='lat' dir='ltr'><strong>amasse</strong></span> 
     </span>
     <span class='ocr_line' id='line_1_11' title="bbox 302 836 1288 891; baseline -0.007 -13"><span class='ocrx_word' id='word_1_66' title='bbox 302 849 335 878; x_wconf 85' lang='lat' dir='ltr'><strong>et</strong></span> <span class='ocrx_word' id='word_1_67' title='bbox 354 839 598 891; x_wconf 83' lang='lat' dir='ltr'><strong>concupivisse</strong></span> <span class='ocrx_word' id='word_1_68' title='bbox 613 854 623 887; x_wconf 76' lang='lat'>5</span> <span class='ocrx_word' id='word_1_69' title='bbox 657 837 732 883; x_wconf 77' lang='lat' dir='ltr'><strong>sed,</strong></span> <span class='ocrx_word' id='word_1_70' title='bbox 760 839 1005 875; x_wconf 62' lang='lat' dir='ltr'><strong>Erat-serunt</strong></span> <span class='ocrx_word' id='word_1_71' title='bbox 1026 838 1068 872; x_wconf 86' lang='lat' dir='ltr'><strong>in</strong></span> <span class='ocrx_word' id='word_1_72' title='bbox 1087 836 1288 872; x_wconf 80' lang='lat' dir='ltr'><strong>desideriis</strong></span> 
     </span>
     <span class='ocr_line' id='line_1_12' title="bbox 303 894 1291 938; baseline -0.007 0"><span class='ocrx_word' id='word_1_73' title='bbox 303 903 381 938; x_wconf 75' lang='lat' dir='ltr'><strong>suis</strong></span> <span class='ocrx_word' id='word_1_74' title='bbox 403 903 444 937; x_wconf 84' lang='lat' dir='ltr'><strong>in</strong></span> <span class='ocrx_word' id='word_1_75' title='bbox 476 902 649 937; x_wconf 79' lang='lat' dir='ltr'><strong>invicem.</strong></span> <span class='ocrx_word' id='word_1_76' title='bbox 683 896 813 937; x_wconf 75' lang='lat' dir='ltr'><strong>Viden’</strong></span> <span class='ocrx_word' id='word_1_77' title='bbox 839 906 953 934; x_wconf 86' lang='lat' dir='ltr'><strong>totum</strong></span> <span class='ocrx_word' id='word_1_78' title='bbox 979 895 1087 933; x_wconf 85' lang='lat' dir='ltr'><strong>fuisse</strong></span> <span class='ocrx_word' id='word_1_79' title='bbox 1115 909 1161 932; x_wconf 72' lang='lat' dir='ltr'><strong>ex</strong></span> <span class='ocrx_word' id='word_1_80' title='bbox 1181 894 1291 932; x_wconf 89' lang='lat' dir='ltr'><strong>nimia</strong></span> 
     </span>
     <span class='ocr_line' id='line_1_13' title="bbox 304 956 1292 1013; baseline -0.006 -14"><span class='ocrx_word' id='word_1_81' title='bbox 304 960 599 1013; x_wconf 66' lang='lat' dir='ltr'><strong>comuspicentia,</strong></span> <span class='ocrx_word' id='word_1_82' title='bbox 625 973 702 1009; x_wconf 83' lang='lat' dir='ltr'><strong>quae</strong></span> <span class='ocrx_word' id='word_1_83' title='bbox 735 972 805 995; x_wconf 90' lang='lat' dir='ltr'><strong>non</strong></span> <span class='ocrx_word' id='word_1_84' title='bbox 835 966 971 1009; x_wconf 85' lang='lat' dir='ltr'><strong>poterat</strong></span> <span class='ocrx_word' id='word_1_85' title='bbox 1000 957 1092 994; x_wconf 87' lang='lat' dir='ltr'><strong>intra</strong></span> <span class='ocrx_word' id='word_1_86' title='bbox 1123 956 1292 994; x_wconf 89' lang='lat' dir='ltr'><strong>terminos</strong></span> 
     </span>
     <span class='ocr_line' id='line_1_14' title="bbox 303 1017 1290 1070; baseline -0.005 -11"><span class='ocrx_word' id='word_1_87' title='bbox 303 1036 384 1059; x_wconf 84' lang='lat' dir='ltr'><strong>suos</strong></span> <span class='ocrx_word' id='word_1_88' title='bbox 399 1021 595 1059; x_wconf 70' lang='lat' dir='ltr'><strong>contineri?</strong></span> <span class='ocrx_word' id='word_1_89' title='bbox 609 1018 794 1070; x_wconf 84' lang='lat' dir='ltr'><strong>Quidquid</strong></span> <span class='ocrx_word' id='word_1_90' title='bbox 813 1018 905 1055; x_wconf 90' lang='lat' dir='ltr'><strong>enim</strong></span> <span class='ocrx_word' id='word_1_91' title='bbox 922 1017 1061 1055; x_wconf 68' lang='lat' dir='ltr'><strong>excedit</strong></span> <span class='ocrx_word' id='word_1_92' title='bbox 1074 1017 1167 1068; x_wconf 81' lang='lat' dir='ltr'><strong>leges</strong></span> <span class='ocrx_word' id='word_1_93' title='bbox 1181 1031 1201 1054; x_wconf 80' lang='lat' dir='ltr'><strong>a</strong></span> <span class='ocrx_word' id='word_1_94' title='bbox 1216 1018 1290 1054; x_wconf 88' lang='lat' dir='ltr'><strong>Deo</strong></span> 
     </span>
     <span class='ocr_line' id='line_1_15' title="bbox 303 1078 1292 1133; baseline -0.003 -16"><span class='ocrx_word' id='word_1_95' title='bbox 303 1083 446 1133; x_wconf 75' lang='lat' dir='ltr'><strong>positas,</strong></span> <span class='ocrx_word' id='word_1_96' title='bbox 463 1081 576 1119; x_wconf 76' lang='lat' dir='ltr'><strong>aliena</strong></span> <span class='ocrx_word' id='word_1_97' title='bbox 589 1080 818 1132; x_wconf 85' lang='lat' dir='ltr'><strong>concupiscit,</strong></span> <span class='ocrx_word' id='word_1_98' title='bbox 835 1093 946 1129; x_wconf 85' lang='lat' dir='ltr'><strong>neque</strong></span> <span class='ocrx_word' id='word_1_99' title='bbox 955 1093 1006 1126; x_wconf 86' lang='lat' dir='ltr'><strong>ea,</strong></span> <span class='ocrx_word' id='word_1_100' title='bbox 1023 1092 1102 1128; x_wconf 83' lang='lat' dir='ltr'><strong>quae</strong></span> <span class='ocrx_word' id='word_1_101' title='bbox 1113 1087 1194 1115; x_wconf 84' lang='lat' dir='ltr'><strong>sunt</strong></span> <span class='ocrx_word' id='word_1_102' title='bbox 1205 1078 1292 1129; x_wconf 85' lang='lat' dir='ltr'><strong>legi-</strong></span> 
     </span>
     <span class='ocr_line' id='line_1_16' title="bbox 303 1138 1292 1191; baseline -0.005 -11"><span class='ocrx_word' id='word_1_103' title='bbox 303 1144 403 1180; x_wconf 73' lang='lat' dir='ltr'><strong>tima.</strong></span> <span class='ocrx_word' id='word_1_104' title='bbox 432 1142 532 1180; x_wconf 85' lang='lat' dir='ltr'><strong>Sicut</strong></span> <span class='ocrx_word' id='word_1_105' title='bbox 546 1141 640 1178; x_wconf 87' lang='lat' dir='ltr'><strong>enim</strong></span> <span class='ocrx_word' id='word_1_106' title='bbox 662 1140 766 1178; x_wconf 87' lang='lat' dir='ltr'><strong>multi</strong></span> <span class='ocrx_word' id='word_1_107' title='bbox 783 1153 886 1191; x_wconf 73' lang='lat' dir='ltr'><strong>srepe,</strong></span> <span class='ocrx_word' id='word_1_108' title='bbox 906 1139 1029 1176; x_wconf 87' lang='lat' dir='ltr'><strong>relicto</strong></span> <span class='ocrx_word' id='word_1_109' title='bbox 1042 1138 1292 1176; x_wconf 80' lang='lat' dir='ltr'><strong>alimentorum</strong></span> 
     </span>
     <span class='ocr_line' id='line_1_17' title="bbox 302 1200 1291 1257; baseline -0.002 -17"><span class='ocrx_word' id='word_1_110' title='bbox 302 1205 474 1257; x_wconf 70' lang='lat' dir='ltr'><strong>appetitu,</strong></span> <span class='ocrx_word' id='word_1_111' title='bbox 497 1213 627 1241; x_wconf 84' lang='lat' dir='ltr'><strong>terram</strong></span> <span class='ocrx_word' id='word_1_112' title='bbox 651 1212 684 1240; x_wconf 86' lang='lat' dir='ltr'><strong>et</strong></span> <span class='ocrx_word' id='word_1_113' title='bbox 704 1201 842 1253; x_wconf 85' lang='lat' dir='ltr'><strong>lapides</strong></span> <span class='ocrx_word' id='word_1_114' title='bbox 863 1215 991 1252; x_wconf 81' lang='lat' dir='ltr'><strong>parvos</strong></span> <span class='ocrx_word' id='word_1_115' title='bbox 1016 1200 1232 1250; x_wconf 75' lang='lat' dir='ltr'><strong>comedunt3</strong></span> <span class='ocrx_word' id='word_1_116' title='bbox 1257 1210 1291 1238; x_wconf 90' lang='lat' dir='ltr'><strong>et</strong></span> 
     </span>
     <span class='ocr_line' id='line_1_18' title="bbox 301 1262 1289 1315; baseline -0.003 -13"><span class='ocrx_word' id='word_1_117' title='bbox 301 1266 363 1302; x_wconf 81' lang='lat' dir='ltr'><strong>alii</strong></span> <span class='ocrx_word' id='word_1_118' title='bbox 386 1265 524 1302; x_wconf 77' lang='lat' dir='ltr'><strong>ardenti</strong></span> <span class='ocrx_word' id='word_1_119' title='bbox 543 1263 694 1315; x_wconf 83' lang='lat' dir='ltr'><strong>correpti</strong></span> <span class='ocrx_word' id='word_1_120' title='bbox 715 1263 796 1311; x_wconf 88' lang='lat' dir='ltr'><strong>siti,</strong></span> <span class='ocrx_word' id='word_1_121' title='bbox 815 1263 931 1300; x_wconf 83' lang='lat' dir='ltr'><strong>lutum</strong></span> <span class='ocrx_word' id='word_1_122' title='bbox 949 1262 1158 1313; x_wconf 83' lang='lat' dir='ltr'><strong>plerumque</strong></span> <span class='ocrx_word' id='word_1_123' title='bbox 1180 1275 1289 1313; x_wconf 80' lang='lat' dir='ltr'><strong>appe-</strong></span> 
     </span>
     <span class='ocr_line' id='line_1_19' title="bbox 302 1323 1288 1373; baseline -0.005 -9"><span class='ocrx_word' id='word_1_124' title='bbox 302 1336 380 1364; x_wconf 87' lang='lat' dir='ltr'><strong>tunt</strong></span> <span class='ocrx_word' id='word_1_125' title='bbox 399 1343 406 1362; x_wconf 89' lang='lat'>:</span> <span class='ocrx_word' id='word_1_126' title='bbox 422 1326 473 1364; x_wconf 85' lang='lat' dir='ltr'><strong>sic</strong></span> <span class='ocrx_word' id='word_1_127' title='bbox 501 1335 534 1363; x_wconf 86' lang='lat' dir='ltr'><strong>et</strong></span> <span class='ocrx_word' id='word_1_128' title='bbox 553 1326 607 1362; x_wconf 80' lang='lat' dir='ltr'><strong>illi</strong></span> <span class='ocrx_word' id='word_1_129' title='bbox 633 1325 668 1362; x_wconf 91' lang='lat' dir='ltr'><strong>in</strong></span> <span class='ocrx_word' id='word_1_130' title='bbox 693 1338 850 1361; x_wconf 74' lang='lat' dir='ltr'><strong>amorem</strong></span> <span class='ocrx_word' id='word_1_131' title='bbox 870 1323 973 1360; x_wconf 91' lang='lat' dir='ltr'><strong>illum</strong></span> <span class='ocrx_word' id='word_1_132' title='bbox 1001 1323 1165 1373; x_wconf 89' lang='lat' dir='ltr'><strong>iniquum</strong></span> <span class='ocrx_word' id='word_1_133' title='bbox 1185 1337 1288 1360; x_wconf 75' lang='lat' dir='ltr'><strong>exar-</strong></span> 
     </span>
     <span class='ocr_line' id='line_1_20' title="bbox 301 1383 1290 1432; baseline -0.003 -8"><span class='ocrx_word' id='word_1_134' title='bbox 301 1396 432 1424; x_wconf 85' lang='lat' dir='ltr'><strong>serunt.</strong></span> <span class='ocrx_word' id='word_1_135' title='bbox 457 1386 565 1432; x_wconf 88' lang='lat' dir='ltr'><strong>Quod</strong></span> <span class='ocrx_word' id='word_1_136' title='bbox 587 1386 616 1423; x_wconf 85' lang='lat' dir='ltr'><strong>si</strong></span> <span class='ocrx_word' id='word_1_137' title='bbox 652 1384 787 1422; x_wconf 80' lang='lat' dir='ltr'><strong>dixeris</strong></span> <span class='ocrx_word' id='word_1_138' title='bbox 807 1385 877 1422; x_wconf 84' lang='lat' dir='ltr'><strong>:Et</strong></span> <span class='ocrx_word' id='word_1_139' title='bbox 909 1383 1003 1421; x_wconf 84' lang='lat' dir='ltr'><strong>unde</strong></span> <span class='ocrx_word' id='word_1_140' title='bbox 1030 1384 1122 1421; x_wconf 85' lang='lat' dir='ltr'><strong>illud</strong></span> <span class='ocrx_word' id='word_1_141' title='bbox 1154 1393 1290 1421; x_wconf 82' lang='lat' dir='ltr'><strong>tantum</strong></span> 
     </span>
     <span class='ocr_line' id='line_1_21' title="bbox 301 1443 1290 1498; baseline -0.003 -15"><span class='ocrx_word' id='word_1_142' title='bbox 301 1446 591 1498; x_wconf 74' lang='lat' dir='ltr'><strong>concupiscentiae</strong></span> <span class='ocrx_word' id='word_1_143' title='bbox 619 1444 879 1496; x_wconf 71' lang='lat' dir='ltr'><strong>augmentum?</strong></span> <span class='ocrx_word' id='word_1_144' title='bbox 899 1443 956 1482; x_wconf 75' lang='lat' dir='ltr'><strong>Ex</strong></span> <span class='ocrx_word' id='word_1_145' title='bbox 982 1458 1033 1492; x_wconf 87' lang='lat' dir='ltr'><strong>eo,</strong></span> <span class='ocrx_word' id='word_1_146' title='bbox 1061 1443 1160 1493; x_wconf 86' lang='lat' dir='ltr'><strong>quod</strong></span> <span class='ocrx_word' id='word_1_147' title='bbox 1194 1445 1290 1480; x_wconf 90' lang='lat' dir='ltr'><strong>Deus</strong></span> 
     </span>
     <span class='ocr_line' id='line_1_22' title="bbox 300 1503 1290 1559; baseline -0.006 -13"><span class='ocrx_word' id='word_1_148' title='bbox 300 1509 537 1559; x_wconf 82' lang='lat' dir='ltr'><strong>dereliquerit.</strong></span> <span class='ocrx_word' id='word_1_149' title='bbox 582 1507 645 1544; x_wconf 80' lang='lat' dir='ltr'><strong>Dei</strong></span> <span class='ocrx_word' id='word_1_150' title='bbox 687 1515 805 1543; x_wconf 80' lang='lat' dir='ltr'><strong>autem</strong></span> <span class='ocrx_word' id='word_1_151' title='bbox 843 1505 1024 1542; x_wconf 81' lang='lat' dir='ltr'><strong>derelictio</strong></span> <span class='ocrx_word' id='word_1_152' title='bbox 1062 1503 1188 1541; x_wconf 78' lang='lat' dir='ltr'><strong>unde?</strong></span> <span class='ocrx_word' id='word_1_153' title='bbox 1233 1504 1290 1541; x_wconf 80' lang='lat' dir='ltr'><strong>Ex</strong></span> 
     </span>
     <span class='ocr_line' id='line_1_23' title="bbox 303 1566 1290 1620; baseline -0.006 -13"><span class='ocrx_word' id='word_1_154' title='bbox 303 1569 488 1620; x_wconf 79' lang='lat' dir='ltr'><strong>iniquitate</strong></span> <span class='ocrx_word' id='word_1_155' title='bbox 511 1583 645 1615; x_wconf 86' lang='lat' dir='ltr'><strong>eorum,</strong></span> <span class='ocrx_word' id='word_1_156' title='bbox 677 1568 738 1617; x_wconf 88' lang='lat' dir='ltr'><strong>qui</strong></span> <span class='ocrx_word' id='word_1_157' title='bbox 761 1566 1028 1615; x_wconf 86' lang='lat' dir='ltr'><strong>dereliquerunt</strong></span> <span class='ocrx_word' id='word_1_158' title='bbox 1054 1579 1134 1602; x_wconf 88' lang='lat' dir='ltr'><strong>eum</strong></span> <span class='ocrx_word' id='word_1_159' title='bbox 1155 1580 1162 1601; x_wconf 73' lang='grc' dir='ltr'>ε</span> <span class='ocrx_word' id='word_1_160' title='bbox 1201 1567 1290 1601; x_wconf 77' lang='lat' dir='ltr'><strong>Ma-</strong></span> 
     </span>
     <span class='ocr_line' id='line_1_24' title="bbox 302 1627 1198 1678; baseline -0.007 -9"><span class='ocrx_word' id='word_1_161' title='bbox 302 1633 400 1669; x_wconf 78' lang='lat' dir='ltr'><strong>sculi</strong></span> <span class='ocrx_word' id='word_1_162' title='bbox 419 1634 459 1668; x_wconf 85' lang='lat' dir='ltr'><strong>in</strong></span> <span class='ocrx_word' id='word_1_163' title='bbox 481 1630 672 1667; x_wconf 81' lang='lat' dir='ltr'><strong>masculos</strong></span> <span class='ocrx_word' id='word_1_164' title='bbox 692 1627 967 1678; x_wconf 78' lang='lat' dir='ltr'><strong>turpitudinem</strong></span> <span class='ocrx_word' id='word_1_165' title='bbox 987 1635 1198 1677; x_wconf 81' lang='lat' dir='ltr'><strong>operantes.</strong></span> 
     </span>
    </p>

    <p class='ocr_par' dir='ltr' id='par_1_4' title="bbox 303 1687 1354 3194">
     <span class='ocr_line' id='line_1_25' title="bbox 354 1687 1290 1741; baseline -0.004 -12"><span class='ocrx_word' id='word_1_166' title='bbox 354 1695 391 1729; x_wconf 64' lang='lat'><strong>9.</strong></span> <span class='ocrx_word' id='word_1_167' title='bbox 413 1693 466 1729; x_wconf 89' lang='lat' dir='ltr'><strong>Ne</strong></span> <span class='ocrx_word' id='word_1_168' title='bbox 479 1691 561 1741; x_wconf 81' lang='lat' dir='ltr'><strong>quia</strong></span> <span class='ocrx_word' id='word_1_169' title='bbox 577 1688 724 1733; x_wconf 81' lang='lat' dir='ltr'><strong>audisti,</strong></span> <span class='ocrx_word' id='word_1_170' title='bbox 749 1690 1008 1734; x_wconf 71' lang='lat' dir='ltr'><strong>Exarserunt,</strong></span> <span class='ocrx_word' id='word_1_171' title='bbox 1027 1697 1131 1739; x_wconf 84' lang='lat' dir='ltr'><strong>putes</strong></span> <span class='ocrx_word' id='word_1_172' title='bbox 1147 1687 1182 1724; x_wconf 87' lang='lat' dir='ltr'><strong>in</strong></span> <span class='ocrx_word' id='word_1_173' title='bbox 1202 1701 1290 1725; x_wconf 83' lang='lat' dir='ltr'><strong>con—</strong></span> 
     </span>
     <span class='ocr_line' id='line_1_26' title="bbox 303 1748 1285 1805; baseline -0.004 -15"><span class='ocrx_word' id='word_1_174' title='bbox 303 1752 518 1805; x_wconf 80' lang='lat' dir='ltr'><strong>cupiscentia</strong></span> <span class='ocrx_word' id='word_1_175' title='bbox 538 1760 675 1788; x_wconf 84' lang='lat' dir='ltr'><strong>tantum</strong></span> <span class='ocrx_word' id='word_1_176' title='bbox 698 1749 776 1787; x_wconf 88' lang='lat' dir='ltr'><strong>sisti</strong></span> <span class='ocrx_word' id='word_1_177' title='bbox 798 1748 983 1786; x_wconf 86' lang='lat' dir='ltr'><strong>morbum:</strong></span> <span class='ocrx_word' id='word_1_178' title='bbox 1002 1762 1083 1785; x_wconf 82' lang='lat' dir='ltr'><strong>nam</strong></span> <span class='ocrx_word' id='word_1_179' title='bbox 1108 1757 1147 1785; x_wconf 90' lang='lat' dir='ltr'><strong>ut</strong></span> <span class='ocrx_word' id='word_1_180' title='bbox 1168 1748 1285 1799; x_wconf 88' lang='lat' dir='ltr'><strong>pluri-</strong></span> 
     </span>
     <span class='ocr_line' id='line_1_27' title="bbox 304 1808 1290 1861; baseline -0.005 -11"><span class='ocrx_word' id='word_1_181' title='bbox 304 1827 402 1850; x_wconf 87' lang='lat' dir='ltr'><strong>mum</strong></span> <span class='ocrx_word' id='word_1_182' title='bbox 421 1812 466 1849; x_wconf 80' lang='lat' dir='ltr'><strong>ab</strong></span> <span class='ocrx_word' id='word_1_183' title='bbox 481 1825 604 1849; x_wconf 89' lang='lat' dir='ltr'><strong>eorum</strong></span> <span class='ocrx_word' id='word_1_184' title='bbox 615 1809 757 1861; x_wconf 82' lang='lat' dir='ltr'><strong>ignavia</strong></span> <span class='ocrx_word' id='word_1_185' title='bbox 774 1808 980 1846; x_wconf 77' lang='lat' dir='ltr'><strong>accenditur</strong></span> <span class='ocrx_word' id='word_1_186' title='bbox 997 1808 1290 1859; x_wconf 82' lang='lat' dir='ltr'><strong>concupiscentia.</strong></span> 
     </span>
     <span class='ocr_line' id='line_1_28' title="bbox 305 1869 1293 1924; baseline -0.006 -13"><span class='ocrx_word' id='word_1_187' title='bbox 305 1874 456 1924; x_wconf 85' lang='lat' dir='ltr'><strong>Ideoque</strong></span> <span class='ocrx_word' id='word_1_188' title='bbox 476 1886 545 1910; x_wconf 91' lang='lat' dir='ltr'><strong>non</strong></span> <span class='ocrx_word' id='word_1_189' title='bbox 564 1871 670 1918; x_wconf 72' lang='lat' dir='ltr'><strong>dixit,</strong></span> <span class='ocrx_word' id='word_1_190' title='bbox 692 1869 876 1918; x_wconf 79' lang='lat' dir='ltr'><strong>Pertraeti,</strong></span> <span class='ocrx_word' id='word_1_191' title='bbox 899 1869 956 1909; x_wconf 75' lang='lat' dir='ltr'><strong>vel</strong></span> <span class='ocrx_word' id='word_1_192' title='bbox 973 1869 1232 1920; x_wconf 78' lang='lat' dir='ltr'><strong>Praeoccupati,</strong></span> <span class='ocrx_word' id='word_1_193' title='bbox 1255 1878 1293 1906; x_wconf 86' lang='lat' dir='ltr'><strong>ut</strong></span> 
     </span>
     <span class='ocr_line' id='line_1_29' title="bbox 303 1929 1294 1984; baseline -0.004 -13"><span class='ocrx_word' id='word_1_194' title='bbox 303 1935 390 1972; x_wconf 73' lang='lat' dir='ltr'><strong>alibi</strong></span> <span class='ocrx_word' id='word_1_195' title='bbox 410 1934 472 1980; x_wconf 86' lang='lat' dir='ltr'><strong>ait,</strong></span> <span class='ocrx_word' id='word_1_196' title='bbox 490 1933 552 1971; x_wconf 87' lang='lat' dir='ltr'><strong>sed</strong></span> <span class='ocrx_word' id='word_1_197' title='bbox 565 1932 654 1984; x_wconf 86' lang='lat' dir='ltr'><strong>quid</strong></span> <span class='ocrx_word' id='word_1_198' title='bbox 670 1933 924 1983; x_wconf 65' lang='lat' dir='ltr'><strong>POperantes.</strong></span> <span class='ocrx_word' id='word_1_199' title='bbox 945 1931 986 1967; x_wconf 90' lang='lat' dir='ltr'><strong>In</strong></span> <span class='ocrx_word' id='word_1_200' title='bbox 1005 1944 1095 1982; x_wconf 85' lang='lat' dir='ltr'><strong>opus</strong></span> <span class='ocrx_word' id='word_1_201' title='bbox 1111 1929 1294 1967; x_wconf 73' lang='lat' dir='ltr'><strong>deduxere</strong></span> 
     </span>
     <span class='ocr_line' id='line_1_30' title="bbox 305 1990 1338 2047; baseline -0.003 -17"><span class='ocrx_word' id='word_1_202' title='bbox 305 2004 509 2047; x_wconf 70' lang='lat' dir='ltr'><strong>peccatum5</strong></span> <span class='ocrx_word' id='word_1_203' title='bbox 533 2004 566 2032; x_wconf 90' lang='lat' dir='ltr'><strong>et</strong></span> <span class='ocrx_word' id='word_1_204' title='bbox 586 2008 654 2031; x_wconf 91' lang='lat' dir='ltr'><strong>non</strong></span> <span class='ocrx_word' id='word_1_205' title='bbox 678 1993 797 2031; x_wconf 90' lang='lat' dir='ltr'><strong>solum</strong></span> <span class='ocrx_word' id='word_1_206' title='bbox 817 1992 853 2032; x_wconf 78' lang='lat' dir='ltr'><strong>in</strong></span> <span class='ocrx_word' id='word_1_207' title='bbox 878 2006 981 2044; x_wconf 91' lang='lat' dir='ltr'><strong>opus,</strong></span> <span class='ocrx_word' id='word_1_208' title='bbox 1007 1991 1068 2029; x_wconf 89' lang='lat' dir='ltr'><strong>sed</strong></span> <span class='ocrx_word' id='word_1_209' title='bbox 1089 1990 1195 2028; x_wconf 78' lang='lat' dir='ltr'><strong>etiam</strong></span> <span class='ocrx_word' id='word_1_210' title='bbox 1211 2006 1293 2029; x_wconf 90' lang='lat' dir='ltr'><strong>cum</strong></span> <span class='ocrx_word' id='word_1_211' title='bbox 1315 2002 1338 2032; x_wconf 81' lang='grc' dir='ltr'>Ε</span> 
     </span>
     <span class='ocr_line' id='line_1_31' title="bbox 304 2051 1295 2104; baseline -0.002 -11"><span class='ocrx_word' id='word_1_212' title='bbox 304 2055 423 2093; x_wconf 85' lang='lat' dir='ltr'><strong>studio</strong></span> <span class='ocrx_word' id='word_1_213' title='bbox 439 2064 472 2093; x_wconf 86' lang='lat' dir='ltr'><strong>et</strong></span> <span class='ocrx_word' id='word_1_214' title='bbox 487 2056 637 2092; x_wconf 77' lang='lat' dir='ltr'><strong>fervore.</strong></span> <span class='ocrx_word' id='word_1_215' title='bbox 651 2055 724 2091; x_wconf 74' lang='lat' dir='ltr'><strong>&#39;Nec</strong></span> <span class='ocrx_word' id='word_1_216' title='bbox 736 2052 846 2100; x_wconf 77' lang='lat' dir='ltr'><strong>dixit,</strong></span> <span class='ocrx_word' id='word_1_217' title='bbox 864 2051 1197 2104; x_wconf 82' lang='lat' dir='ltr'><strong>Concupiscentiam</strong></span> <span class='ocrx_word' id='word_1_218' title='bbox 1209 2067 1218 2100; x_wconf 88' lang='lat'>;</span> <span class='ocrx_word' id='word_1_219' title='bbox 1232 2053 1295 2091; x_wconf 90' lang='lat' dir='ltr'><strong>sed</strong></span> 
     </span>
     <span class='ocr_line' id='line_1_32' title="bbox 305 2113 1292 2170; baseline -0.002 -17"><span class='ocrx_word' id='word_1_220' title='bbox 305 2118 448 2170; x_wconf 79' lang='lat' dir='ltr'><strong>proprie</strong></span> <span class='ocrx_word' id='word_1_221' title='bbox 460 2148 470 2167; x_wconf 91' lang='lat'><strong>,</strong></span> <span class='ocrx_word' id='word_1_222' title='bbox 502 2118 793 2168; x_wconf 82' lang='lat' dir='ltr'><strong>Tzcrpitudinem</strong></span> <span class='ocrx_word' id='word_1_223' title='bbox 808 2131 818 2151; x_wconf 90' lang='lat'><em>:</em></span> <span class='ocrx_word' id='word_1_224' title='bbox 834 2129 917 2152; x_wconf 80' lang='lat' dir='ltr'><strong>nam</strong></span> <span class='ocrx_word' id='word_1_225' title='bbox 937 2123 969 2152; x_wconf 89' lang='lat' dir='ltr'><strong>et</strong></span> <span class='ocrx_word' id='word_1_226' title='bbox 987 2123 1150 2152; x_wconf 85' lang='lat' dir='ltr'><strong>naturam</strong></span> <span class='ocrx_word' id='word_1_227' title='bbox 1170 2113 1292 2152; x_wconf 89' lang='lat' dir='ltr'><strong>detur-</strong></span> 
     </span>
     <span class='ocr_line' id='line_1_33' title="bbox 306 2174 1295 2228; baseline -0.003 -14"><span class='ocrx_word' id='word_1_228' title='bbox 306 2187 449 2228; x_wconf 79' lang='lat' dir='ltr'><strong>parunt,</strong></span> <span class='ocrx_word' id='word_1_229' title='bbox 461 2187 492 2214; x_wconf 90' lang='lat' dir='ltr'><strong>et</strong></span> <span class='ocrx_word' id='word_1_230' title='bbox 508 2178 602 2227; x_wconf 80' lang='lat' dir='ltr'><strong>leges</strong></span> <span class='ocrx_word' id='word_1_231' title='bbox 616 2176 879 2213; x_wconf 70' lang='lat' dir='ltr'><strong>conculcavere.</strong></span> <span class='ocrx_word' id='word_1_232' title='bbox 893 2174 941 2211; x_wconf 86' lang='lat' dir='ltr'><strong>Et</strong></span> <span class='ocrx_word' id='word_1_233' title='bbox 950 2174 1034 2211; x_wconf 73' lang='lat' dir='ltr'><strong>vide</strong></span> <span class='ocrx_word' id='word_1_234' title='bbox 1053 2174 1295 2211; x_wconf 85' lang='lat' dir='ltr'><strong>confusionem</strong></span> 
     </span>
     <span class='ocr_line' id='line_1_34' title="bbox 307 2234 1295 2287; baseline -0.004 -12"><span class='ocrx_word' id='word_1_235' title='bbox 307 2239 454 2275; x_wconf 82' lang='lat' dir='ltr'><strong>multam</strong></span> <span class='ocrx_word' id='word_1_236' title='bbox 469 2252 514 2274; x_wconf 69' lang='lat' dir='ltr'><strong>ex</strong></span> <span class='ocrx_word' id='word_1_237' title='bbox 529 2246 677 2286; x_wconf 78' lang='lat' dir='ltr'><strong>utraque</strong></span> <span class='ocrx_word' id='word_1_238' title='bbox 692 2244 789 2287; x_wconf 82' lang='lat' dir='ltr'><strong>parte</strong></span> <span class='ocrx_word' id='word_1_239' title='bbox 801 2244 929 2272; x_wconf 84' lang='lat' dir='ltr'><strong>ortam.</strong></span> <span class='ocrx_word' id='word_1_240' title='bbox 947 2236 1069 2284; x_wconf 71' lang='lat' dir='ltr'><strong>Neque</strong></span> <span class='ocrx_word' id='word_1_241' title='bbox 1082 2234 1187 2271; x_wconf 88' lang='lat' dir='ltr'><strong>modo</strong></span> <span class='ocrx_word' id='word_1_242' title='bbox 1202 2234 1295 2272; x_wconf 89' lang='lat' dir='ltr'><strong>enim</strong></span> 
     </span>
     <span class='ocr_line' id='line_1_35' title="bbox 308 2293 1294 2349; baseline -0.003 -14"><span class='ocrx_word' id='word_1_243' title='bbox 308 2307 416 2349; x_wconf 78' lang='lat' dir='ltr'><strong>caput</strong></span> <span class='ocrx_word' id='word_1_244' title='bbox 428 2297 561 2334; x_wconf 86' lang='lat' dir='ltr'><strong>inferne</strong></span> <span class='ocrx_word' id='word_1_245' title='bbox 572 2296 725 2347; x_wconf 83' lang='lat' dir='ltr'><strong>positum</strong></span> <span class='ocrx_word' id='word_1_246' title='bbox 741 2304 806 2343; x_wconf 86' lang='lat' dir='ltr'><strong>est,</strong></span> <span class='ocrx_word' id='word_1_247' title='bbox 825 2293 886 2331; x_wconf 88' lang='lat' dir='ltr'><strong>sed</strong></span> <span class='ocrx_word' id='word_1_248' title='bbox 900 2294 1006 2331; x_wconf 80' lang='lat' dir='ltr'><strong>etiam</strong></span> <span class='ocrx_word' id='word_1_249' title='bbox 1016 2293 1122 2345; x_wconf 85' lang='lat' dir='ltr'><strong>pedes</strong></span> <span class='ocrx_word' id='word_1_250' title='bbox 1133 2309 1294 2345; x_wconf 82' lang='lat' dir='ltr'><strong>superne,</strong></span> 
     </span>
     <span class='ocr_line' id='line_1_36' title="bbox 307 2354 1296 2409; baseline -0.004 -14"><span class='ocrx_word' id='word_1_251' title='bbox 307 2368 411 2409; x_wconf 76' lang='lat' dir='ltr'><strong>atque</strong></span> <span class='ocrx_word' id='word_1_252' title='bbox 433 2357 568 2394; x_wconf 89' lang='lat' dir='ltr'><strong>inimici</strong></span> <span class='ocrx_word' id='word_1_253' title='bbox 588 2365 620 2393; x_wconf 93' lang='lat' dir='ltr'><strong>et</strong></span> <span class='ocrx_word' id='word_1_254' title='bbox 642 2355 697 2393; x_wconf 91' lang='lat' dir='ltr'><strong>sui</strong></span> <span class='ocrx_word' id='word_1_255' title='bbox 719 2363 752 2392; x_wconf 88' lang='lat' dir='ltr'><strong>et</strong></span> <span class='ocrx_word' id='word_1_256' title='bbox 774 2363 899 2391; x_wconf 84' lang='lat' dir='ltr'><strong>mutuo</strong></span> <span class='ocrx_word' id='word_1_257' title='bbox 921 2354 1003 2391; x_wconf 86' lang='lat' dir='ltr'><strong>facti</strong></span> <span class='ocrx_word' id='word_1_258' title='bbox 1025 2363 1120 2402; x_wconf 88' lang='lat' dir='ltr'><strong>sunt,</strong></span> <span class='ocrx_word' id='word_1_259' title='bbox 1153 2368 1296 2405; x_wconf 83' lang='lat' dir='ltr'><strong>gravem</strong></span> 
     </span>
     <span class='ocr_line' id='line_1_37' title="bbox 306 2414 1297 2470; baseline -0.006 -13"><span class='ocrx_word' id='word_1_260' title='bbox 306 2419 523 2470; x_wconf 80' lang='lat' dir='ltr'><strong>quamdam,</strong></span> <span class='ocrx_word' id='word_1_261' title='bbox 542 2414 958 2468; x_wconf 78' lang='lat' dir='ltr'><strong>multiplicem,variam,</strong></span> <span class='ocrx_word' id='word_1_262' title='bbox 987 2428 1028 2452; x_wconf 83' lang='lat' dir='ltr'><strong>ac</strong></span> <span class='ocrx_word' id='word_1_263' title='bbox 1050 2415 1176 2465; x_wconf 85' lang='lat' dir='ltr'><strong>quovis</strong></span> <span class='ocrx_word' id='word_1_264' title='bbox 1204 2415 1297 2452; x_wconf 85' lang='lat' dir='ltr'><strong>bello</strong></span> 
     </span>
     <span class='ocr_line' id='line_1_38' title="bbox 307 2474 1296 2529; baseline -0.005 -12"><span class='ocrx_word' id='word_1_265' title='bbox 307 2480 406 2518; x_wconf 79' lang='lat' dir='ltr'><strong>civili</strong></span> <span class='ocrx_word' id='word_1_266' title='bbox 438 2479 651 2529; x_wconf 87' lang='lat' dir='ltr'><strong>iniquiorem</strong></span> <span class='ocrx_word' id='word_1_267' title='bbox 680 2490 841 2529; x_wconf 75' lang='lat' dir='ltr'><strong>pugnam</strong></span> <span class='ocrx_word' id='word_1_268' title='bbox 866 2474 1081 2513; x_wconf 82' lang='lat' dir='ltr'><strong>inducentes.</strong></span> <span class='ocrx_word' id='word_1_269' title='bbox 1100 2475 1241 2512; x_wconf 87' lang='lat' dir='ltr'><strong>Etenim</strong></span> <span class='ocrx_word' id='word_1_270' title='bbox 1262 2475 1296 2513; x_wconf 90' lang='lat' dir='ltr'><strong>in</strong></span> 
     </span>
     <span class='ocr_line' id='line_1_39' title="bbox 309 2535 1295 2592; baseline -0.005 -14"><span class='ocrx_word' id='word_1_271' title='bbox 309 2550 461 2592; x_wconf 70' lang='lat' dir='ltr'><strong>quatuor</strong></span> <span class='ocrx_word' id='word_1_272' title='bbox 481 2540 581 2577; x_wconf 80' lang='lat' dir='ltr'><strong>illam</strong></span> <span class='ocrx_word' id='word_1_273' title='bbox 599 2539 730 2591; x_wconf 87' lang='lat' dir='ltr'><strong>species</strong></span> <span class='ocrx_word' id='word_1_274' title='bbox 742 2551 851 2575; x_wconf 80' lang='lat' dir='ltr'><strong>vanas</strong></span> <span class='ocrx_word' id='word_1_275' title='bbox 871 2545 904 2573; x_wconf 89' lang='lat' dir='ltr'><strong>et</strong></span> <span class='ocrx_word' id='word_1_276' title='bbox 921 2535 1060 2586; x_wconf 84' lang='lat' dir='ltr'><strong>iniquas</strong></span> <span class='ocrx_word' id='word_1_277' title='bbox 1078 2535 1295 2574; x_wconf 86' lang='lat' dir='ltr'><strong>diviserunt:</strong></span> 
     </span>
     <span class='ocr_line' id='line_1_40' title="bbox 307 2597 1296 2652; baseline -0.006 -12"><span class='ocrx_word' id='word_1_278' title='bbox 307 2617 375 2640; x_wconf 89' lang='lat' dir='ltr'><strong>non</strong></span> <span class='ocrx_word' id='word_1_279' title='bbox 399 2602 493 2639; x_wconf 91' lang='lat' dir='ltr'><strong>enim</strong></span> <span class='ocrx_word' id='word_1_280' title='bbox 518 2600 654 2652; x_wconf 75' lang='lat' dir='ltr'><strong>duplex</strong></span> <span class='ocrx_word' id='word_1_281' title='bbox 674 2607 736 2636; x_wconf 85' lang='lat' dir='ltr'><strong>aut</strong></span> <span class='ocrx_word' id='word_1_282' title='bbox 763 2599 909 2650; x_wconf 83' lang='lat' dir='ltr'><strong>triplex,</strong></span> <span class='ocrx_word' id='word_1_283' title='bbox 929 2597 991 2635; x_wconf 86' lang='lat' dir='ltr'><strong>sed</strong></span> <span class='ocrx_word' id='word_1_284' title='bbox 1010 2597 1115 2635; x_wconf 78' lang='lat' dir='ltr'><strong>etiam</strong></span> <span class='ocrx_word' id='word_1_285' title='bbox 1140 2597 1296 2648; x_wconf 82' lang='lat' dir='ltr'><strong>quadru-</strong></span> 
     </span>
     <span class='ocr_line' id='line_1_41' title="bbox 307 2659 1354 2715; baseline -0.007 -12"><span class='ocrx_word' id='word_1_286' title='bbox 307 2665 389 2703; x_wconf 72' lang='lat' dir='ltr'><strong>nlex</strong></span> <span class='ocrx_word' id='word_1_287' title='bbox 403 2664 469 2702; x_wconf 86' lang='lat' dir='ltr'><strong>hoc</strong></span> <span class='ocrx_word' id='word_1_288' title='bbox 484 2663 619 2700; x_wconf 85' lang='lat' dir='ltr'><strong>bellum</strong></span> <span class='ocrx_word' id='word_1_289' title='bbox 635 2670 722 2699; x_wconf 82' lang='lat' dir='ltr'><strong>erat</strong></span> <span class='ocrx_word' id='word_1_290' title='bbox 744 2659 926 2712; x_wconf 89' lang='lat' dir='ltr'><strong>Perpende</strong></span> <span class='ocrx_word' id='word_1_291' title='bbox 944 2669 1086 2697; x_wconf 80' lang='lat' dir='ltr'><strong>autem:</strong></span> <span class='ocrx_word' id='word_1_292' title='bbox 1115 2660 1298 2711; x_wconf 83' lang='lat' dir='ltr'><strong>oportebat</strong></span> <span class='ocrx_word' id='word_1_293' title='bbox 1307 2691 1354 2715; x_wconf 71' lang='lat'><strong>456</strong></span> 
     </span>
     <span class='ocr_line' id='line_1_42' title="bbox 305 2714 1345 2773; baseline -0.004 -12"><span class='ocrx_word' id='word_1_294' title='bbox 305 2714 409 2773; x_wconf 81' lang='lat' dir='ltr'><strong>duos,</strong></span> <span class='ocrx_word' id='word_1_295' title='bbox 432 2725 549 2763; x_wconf 78' lang='lat' dir='ltr'><strong>virum</strong></span> <span class='ocrx_word' id='word_1_296' title='bbox 583 2732 617 2761; x_wconf 91' lang='lat' dir='ltr'><strong>et</strong></span> <span class='ocrx_word' id='word_1_297' title='bbox 642 2722 842 2767; x_wconf 83' lang='lat' dir='ltr'><strong>mulierem,</strong></span> <span class='ocrx_word' id='word_1_298' title='bbox 865 2734 978 2758; x_wconf 88' lang='lat' dir='ltr'><strong>unum</strong></span> <span class='ocrx_word' id='word_1_299' title='bbox 1008 2735 1109 2758; x_wconf 85' lang='lat' dir='ltr'><strong>esse:</strong></span> <span class='ocrx_word' id='word_1_300' title='bbox 1131 2735 1213 2758; x_wconf 85' lang='lat' dir='ltr'><strong>nam</strong></span> <span class='ocrx_word' id='word_1_301' title='bbox 1231 2721 1294 2767; x_wconf 84' lang='lat' dir='ltr'><strong>ait,</strong></span> <span class='ocrx_word' id='word_1_302' title='bbox 1320 2726 1345 2755; x_wconf 85' lang='lat' dir='ltr'>A</span> 
     </span>
     <span class='ocr_line' id='line_1_43' title="bbox 307 2781 1298 2834; baseline -0.005 -11"><span class='ocrx_word' id='word_1_303' title='bbox 307 2788 435 2824; x_wconf 77' lang='lat' dir='ltr'><strong>Erunt</strong></span> <span class='ocrx_word' id='word_1_304' title='bbox 460 2787 535 2823; x_wconf 82' lang='lat' dir='ltr'><strong>duo</strong></span> <span class='ocrx_word' id='word_1_305' title='bbox 558 2788 599 2822; x_wconf 85' lang='lat' dir='ltr'><strong>in</strong></span> <span class='ocrx_word' id='word_1_306' title='bbox 618 2798 736 2822; x_wconf 83' lang='lat' dir='ltr'><strong>earne</strong></span> <span class='ocrx_word' id='word_1_307' title='bbox 761 2797 853 2821; x_wconf 80' lang='lat' dir='ltr'><strong>una.</strong></span> <span class='ocrx_word' id='word_1_308' title='bbox 873 2782 972 2819; x_wconf 86' lang='lat' dir='ltr'><strong>Illud</strong></span> <span class='ocrx_word' id='word_1_309' title='bbox 996 2795 1102 2834; x_wconf 85' lang='lat' dir='ltr'><strong>porro</strong></span> <span class='ocrx_word' id='word_1_310' title='bbox 1122 2781 1298 2819; x_wconf 79' lang='lat' dir='ltr'><strong>efficiebat</strong></span> 
     </span>
     <span class='ocr_line' id='line_1_44' title="bbox 307 2842 1295 2896; baseline -0.005 -12"><span class='ocrx_word' id='word_1_311' title='bbox 307 2846 474 2884; x_wconf 86' lang='lat' dir='ltr'><strong>consortii</strong></span> <span class='ocrx_word' id='word_1_312' title='bbox 491 2844 790 2896; x_wconf 84' lang='lat' dir='ltr'><strong>eoncupiscentia,</strong></span> <span class='ocrx_word' id='word_1_313' title='bbox 807 2852 841 2880; x_wconf 89' lang='lat' dir='ltr'><strong>et</strong></span> <span class='ocrx_word' id='word_1_314' title='bbox 859 2856 963 2880; x_wconf 78' lang='lat' dir='ltr'><strong>sexus</strong></span> <span class='ocrx_word' id='word_1_315' title='bbox 976 2851 1099 2880; x_wconf 89' lang='lat' dir='ltr'><strong>mutuo</strong></span> <span class='ocrx_word' id='word_1_316' title='bbox 1109 2842 1295 2894; x_wconf 86' lang='lat' dir='ltr'><strong>jungebat.</strong></span> 
     </span>
     <span class='ocr_line' id='line_1_45' title="bbox 308 2902 1293 2954; baseline -0.005 -10"><span class='ocrx_word' id='word_1_317' title='bbox 308 2907 382 2943; x_wconf 82' lang='lat' dir='ltr'><strong>Hae</strong></span> <span class='ocrx_word' id='word_1_318' title='bbox 397 2915 515 2943; x_wconf 82' lang='lat' dir='ltr'><strong>autem</strong></span> <span class='ocrx_word' id='word_1_319' title='bbox 535 2904 675 2942; x_wconf 79' lang='lat' dir='ltr'><strong>sublata</strong></span> <span class='ocrx_word' id='word_1_320' title='bbox 693 2902 859 2940; x_wconf 83' lang='lat' dir='ltr'><strong>diabolus</strong></span> <span class='ocrx_word' id='word_1_321' title='bbox 881 2902 1177 2954; x_wconf 83' lang='lat' dir='ltr'><strong>concupiscentia,</strong></span> <span class='ocrx_word' id='word_1_322' title='bbox 1200 2911 1233 2939; x_wconf 92' lang='lat' dir='ltr'><strong>et</strong></span> <span class='ocrx_word' id='word_1_323' title='bbox 1256 2902 1293 2939; x_wconf 87' lang='lat' dir='ltr'><strong>in</strong></span> 
     </span>
     <span class='ocr_line' id='line_1_46' title="bbox 307 2964 1296 3010; baseline -0.004 -6"><span class='ocrx_word' id='word_1_324' title='bbox 307 2968 418 3004; x_wconf 84' lang='lat' dir='ltr'><strong>alium</strong></span> <span class='ocrx_word' id='word_1_325' title='bbox 438 2966 585 3004; x_wconf 87' lang='lat' dir='ltr'><strong>modum</strong></span> <span class='ocrx_word' id='word_1_326' title='bbox 599 2964 774 3010; x_wconf 82' lang='lat' dir='ltr'><strong>derivata,</strong></span> <span class='ocrx_word' id='word_1_327' title='bbox 796 2964 847 3002; x_wconf 89' lang='lat' dir='ltr'><strong>sic</strong></span> <span class='ocrx_word' id='word_1_328' title='bbox 861 2977 966 3001; x_wconf 81' lang='lat' dir='ltr'><strong>sexus</strong></span> <span class='ocrx_word' id='word_1_329' title='bbox 980 2977 1000 3000; x_wconf 84' lang='lat' dir='ltr'>a</span> <span class='ocrx_word' id='word_1_330' title='bbox 1015 2972 1139 3001; x_wconf 89' lang='lat' dir='ltr'><strong>mutuo</strong></span> <span class='ocrx_word' id='word_1_331' title='bbox 1154 2976 1296 3001; x_wconf 86' lang='lat' dir='ltr'><strong>consor-</strong></span> 
     </span>
     <span class='ocr_line' id='line_1_47' title="bbox 307 3022 1294 3076; baseline -0.005 -11"><span class='ocrx_word' id='word_1_332' title='bbox 307 3029 356 3065; x_wconf 79' lang='lat' dir='ltr'><strong>tio</strong></span> <span class='ocrx_word' id='word_1_333' title='bbox 376 3026 515 3076; x_wconf 85' lang='lat' dir='ltr'><strong>divisit,</strong></span> <span class='ocrx_word' id='word_1_334' title='bbox 535 3035 567 3063; x_wconf 91' lang='lat' dir='ltr'><strong>et</strong></span> <span class='ocrx_word' id='word_1_335' title='bbox 586 3025 626 3063; x_wconf 89' lang='lat' dir='ltr'><strong>id</strong></span> <span class='ocrx_word' id='word_1_336' title='bbox 646 3024 773 3073; x_wconf 89' lang='lat' dir='ltr'><strong>effecit,</strong></span> <span class='ocrx_word' id='word_1_337' title='bbox 792 3033 832 3061; x_wconf 91' lang='lat' dir='ltr'><strong>ut</strong></span> <span class='ocrx_word' id='word_1_338' title='bbox 860 3022 957 3073; x_wconf 89' lang='lat' dir='ltr'><strong>quod</strong></span> <span class='ocrx_word' id='word_1_339' title='bbox 983 3037 1098 3060; x_wconf 89' lang='lat' dir='ltr'><strong>unum</strong></span> <span class='ocrx_word' id='word_1_340' title='bbox 1119 3032 1191 3060; x_wconf 87' lang='lat' dir='ltr'><strong>erat</strong></span> <span class='ocrx_word' id='word_1_341' title='bbox 1215 3022 1294 3060; x_wconf 83' lang='lat' dir='ltr'><strong>duae</strong></span> 
     </span>
     <span class='ocr_line' id='line_1_48' title="bbox 308 3083 1331 3139; baseline -0.006 -14"><span class='ocrx_word' id='word_1_342' title='bbox 308 3097 419 3125; x_wconf 82' lang='lat' dir='ltr'><strong>essent</strong></span> <span class='ocrx_word' id='word_1_343' title='bbox 435 3096 565 3139; x_wconf 79' lang='lat' dir='ltr'><strong>partes,</strong></span> <span class='ocrx_word' id='word_1_344' title='bbox 579 3086 689 3136; x_wconf 84' lang='lat' dir='ltr'><strong>idque</strong></span> <span class='ocrx_word' id='word_1_345' title='bbox 705 3093 825 3122; x_wconf 82' lang='lat' dir='ltr'><strong>contra</strong></span> <span class='ocrx_word' id='word_1_346' title='bbox 838 3083 905 3121; x_wconf 89' lang='lat' dir='ltr'><strong>Dei</strong></span> <span class='ocrx_word' id='word_1_347' title='bbox 916 3084 1041 3134; x_wconf 73' lang='lat' dir='ltr'><strong>legem,</strong></span> <span class='ocrx_word' id='word_1_348' title='bbox 1053 3083 1127 3134; x_wconf 87' lang='lat' dir='ltr'><strong>ipse</strong></span> <span class='ocrx_word' id='word_1_349' title='bbox 1145 3097 1297 3133; x_wconf 84' lang='lat' dir='ltr'><strong>namque</strong></span> <span class='ocrx_word' id='word_1_350' title='bbox 1327 3110 1331 3115; x_wconf 80' lang='grc'><em>.</em></span> 
     </span>
     <span class='ocr_line' id='line_1_49' title="bbox 308 3144 1294 3194; baseline -0.005 -9"><span class='ocrx_word' id='word_1_351' title='bbox 308 3149 416 3194; x_wconf 72' lang='lat' dir='ltr'><strong>dixit,</strong></span> <span class='ocrx_word' id='word_1_352' title='bbox 434 3150 560 3186; x_wconf 84' lang='lat' dir='ltr'><strong>Erunt</strong></span> <span class='ocrx_word' id='word_1_353' title='bbox 574 3148 650 3184; x_wconf 83' lang='lat' dir='ltr'><strong>duo</strong></span> <span class='ocrx_word' id='word_1_354' title='bbox 662 3149 829 3183; x_wconf 82' lang='lat' dir='ltr'><strong>incarne</strong></span> <span class='ocrx_word' id='word_1_355' title='bbox 843 3158 944 3182; x_wconf 77' lang='lat' dir='ltr'><strong>una:</strong></span> <span class='ocrx_word' id='word_1_356' title='bbox 965 3144 1025 3181; x_wconf 89' lang='lat' dir='ltr'><strong>ille</strong></span> <span class='ocrx_word' id='word_1_357' title='bbox 1043 3158 1122 3182; x_wconf 70' lang='lat' dir='ltr'><strong>vero</strong></span> <span class='ocrx_word' id='word_1_358' title='bbox 1137 3158 1244 3181; x_wconf 82' lang='lat' dir='ltr'><strong>unam</strong></span> <span class='ocrx_word' id='word_1_359' title='bbox 1259 3144 1294 3181; x_wconf 91' lang='lat' dir='ltr'><strong>iu</strong></span> 
     </span>
    </p>
   </div>
   <div class='ocr_carea' id='block_1_4' title="bbox 320 3275 1317 3466">
    <p class='ocr_par' dir='ltr' id='par_1_5' title="bbox 320 3275 1317 3423">
     <span class='ocr_line' id='line_1_50' title="bbox 356 3275 1317 3321; baseline -0.004 -9"><span class='ocrx_word' id='word_1_360' title='bbox 356 3281 369 3293; x_wconf 73' lang='lat'><strong>’¹</strong></span> <span class='ocrx_word' id='word_1_361' title='bbox 396 3281 555 3321; x_wconf 63' lang='lat' dir='ltr'><strong>[71&gt;).s2).ov;</strong></span> <span class='ocrx_word' id='word_1_362' title='bbox 570 3280 607 3309; x_wconf 88' lang='lat' dir='ltr'><strong>A.</strong></span> <span class='ocrx_word' id='word_1_363' title='bbox 627 3289 642 3308; x_wconf 84' lang='lat' dir='ltr'>a</span> <span class='ocrx_word' id='word_1_364' title='bbox 671 3289 703 3319; x_wconf 87' lang='lat' dir='ltr'><strong>p.</strong></span> <span class='ocrx_word' id='word_1_365' title='bbox 722 3289 765 3308; x_wconf 83' lang='lat' dir='ltr'><strong>m.</strong></span> <span class='ocrx_word' id='word_1_366' title='bbox 789 3281 929 3314; x_wconf 62' lang='grc' dir='ltr'>άὶὶήλοις</span> <span class='ocrx_word' id='word_1_367' title='bbox 944 3287 958 3307; x_wconf 88' lang='lat' dir='ltr'><strong>e</strong></span> <span class='ocrx_word' id='word_1_368' title='bbox 978 3287 1064 3308; x_wconf 79' lang='lat' dir='ltr'><strong>corr.</strong></span> <span class='ocrx_word' id='word_1_369' title='bbox 1082 3275 1163 3307; x_wconf 71' lang='lat' dir='ltr'><strong>Vide</strong></span> <span class='ocrx_word' id='word_1_370' title='bbox 1192 3284 1261 3310; x_wconf 79' lang='lat' dir='ltr'><strong>not.</strong></span> <span class='ocrx_word' id='word_1_371' title='bbox 1285 3288 1317 3317; x_wconf 86' lang='lat' dir='ltr'><strong>p.</strong></span> 
     </span>
     <span class='ocr_line' id='line_1_51' title="bbox 320 3327 1116 3373; baseline 0.003 -14"><span class='ocrx_word' id='word_1_372' title='bbox 320 3333 374 3361; x_wconf 69' lang='lat'><strong>132</strong></span> <span class='ocrx_word' id='word_1_373' title='bbox 392 3359 396 3367; x_wconf 38' lang='lat' dir='ltr'>v</span> <span class='ocrx_word' id='word_1_374' title='bbox 420 3332 456 3366; x_wconf 76' lang='lat' dir='ltr'><strong>C,</strong></span> <span class='ocrx_word' id='word_1_375' title='bbox 476 3338 553 3371; x_wconf 80' lang='lat' dir='ltr'><strong>etp,</strong></span> <span class='ocrx_word' id='word_1_376' title='bbox 574 3331 649 3369; x_wconf 70' lang='grc'>707,</span> <span class='ocrx_word' id='word_1_377' title='bbox 669 3330 707 3361; x_wconf 84' lang='lat' dir='ltr'><strong>D.</strong></span> <span class='ocrx_word' id='word_1_378' title='bbox 729 3330 807 3360; x_wconf 73' lang='lat' dir='ltr'><strong>Mox</strong></span> <span class='ocrx_word' id='word_1_379' title='bbox 829 3327 914 3360; x_wconf 80' lang='lat' dir='ltr'><strong>idem</strong></span> <span class='ocrx_word' id='word_1_380' title='bbox 934 3334 1088 3373; x_wconf 58' lang='grc' dir='ltr'>κέχρηται.</span> <span class='ocrx_word' id='word_1_381' title='bbox 1107 3329 1116 3368; x_wconf 60' lang='lat' dir='ltr'><strong>l</strong></span> 
     </span>
     <span class='ocr_line' id='line_1_52' title="bbox 358 3383 735 3466; baseline -0.006 -50.782"><span class='ocrx_word' id='word_1_382' title='bbox 358 3384 481 3466; x_wconf 23' lang='grc' dir='ltr'><strong>ΆῘΚᾉῼ</strong></span> <span class='ocrx_word' id='word_1_383' title='bbox 477 3387 501 3415; x_wconf 68' lang='grc' dir='ltr'><strong>λι</strong></span> <span class='ocrx_word' id='word_1_384' title='bbox 495 3388 570 3418; x_wconf 50' lang='grc' dir='ltr'>θοις</span> <span class='ocrx_word' id='word_1_385' title='bbox 587 3398 658 3426; x_wconf 62' lang='lat' dir='ltr'><strong>rurs.</strong></span> <span class='ocrx_word' id='word_1_386' title='bbox 662 3388 696 3418; x_wconf 66' lang='grc' dir='ltr'><strong>ἀς</strong></span> <span class='ocrx_word' id='word_1_387' title='bbox 702 3383 735 3423; x_wconf 65' lang='grc'><strong>1</strong></span> 
     </span>
    </p>
   </div>
   <div class='ocr_carea' id='block_1_5' title="bbox 402 3431 1134 3473">
    <p class='ocr_par' dir='ltr' id='par_1_6' title="bbox 402 3431 1134 3473">
     <span class='ocr_line' id='line_1_53' title="bbox 402 3431 1134 3473; baseline -0.007 -7.952"><span class='ocrx_word' id='word_1_388' title='bbox 402 3433 447 3465; x_wconf 64' lang='lat' dir='ltr'><strong>xl</strong></span> <span class='ocrx_word' id='word_1_389' title='bbox 487 3438 663 3469; x_wconf 54' lang='lat' dir='ltr'><strong>mass-s</strong></span> <span class='ocrx_word' id='word_1_390' title='bbox 671 3434 785 3473; x_wconf 72' lang='lat' dir='ltr'><strong>[Sic.</strong></span> <span class='ocrx_word' id='word_1_391' title='bbox 805 3433 840 3463; x_wconf 72' lang='grc' dir='ltr'><strong>Α,</strong></span> <span class='ocrx_word' id='word_1_392' title='bbox 860 3440 887 3463; x_wconf 79' lang='lat' dir='ltr'><strong>ct</strong></span> <span class='ocrx_word' id='word_1_393' title='bbox 910 3442 1014 3473; x_wconf 72' lang='lat' dir='ltr'><strong>marg.</strong></span> <span class='ocrx_word' id='word_1_394' title='bbox 1033 3431 1089 3464; x_wconf 59' lang='lat' dir='ltr'><strong>Sos</strong></span> <span class='ocrx_word' id='word_1_395' title='bbox 1104 3433 1134 3472; x_wconf 72' lang='lat'><strong>.}</strong></span> 
     </span>
    </p>
   </div>
   <div class='ocr_carea' id='block_1_6' title="bbox 1334 266 1932 301">
    <p class='ocr_par' dir='ltr' id='par_1_7' title="bbox 1334 266 1932 301">
     <span class='ocr_line' id='line_1_54' title="bbox 1334 266 1932 301; baseline 0.012 -6.061"><span class='ocrx_word' id='word_1_396' title='bbox 1334 266 1540 298; x_wconf 60' lang='lat' dir='ltr'><strong>menum.</strong></span> <span class='ocrx_word' id='word_1_397' title='bbox 1579 269 1718 299; x_wconf 78' lang='lat' dir='ltr'>CONST</span> <span class='ocrx_word' id='word_1_398' title='bbox 1722 270 1932 301; x_wconf 59' lang='lat' dir='ltr'><strong>ANTm&#39;OP.</strong></span> 
     </span>
    </p>
   </div>
   <div class='ocr_carea' id='block_1_7' title="bbox 1358 347 2388 1613">
    <p class='ocr_par' dir='ltr' id='par_1_8' title="bbox 1358 347 2381 524">
     <span class='ocr_line' id='line_1_55' title="bbox 1359 347 2378 423; baseline 0.002 -37"><span class='ocrx_word' id='word_1_399' title='bbox 1359 347 1444 423; x_wconf 78' lang='grc' dir='ltr'>ὅπερ</span> <span class='ocrx_word' id='word_1_400' title='bbox 1465 349 1649 401; x_wconf 64' lang='grc' dir='ltr'>ἐσχάτης</span> <span class='ocrx_word' id='word_1_401' title='bbox 1634 365 1725 387; x_wconf 89' lang='grc' dir='ltr'>εστιν</span> <span class='ocrx_word' id='word_1_402' title='bbox 1757 350 1931 395; x_wconf 80' lang='grc' dir='ltr'>ἀπωλείας</span> <span class='ocrx_word' id='word_1_403' title='bbox 1950 352 2093 402; x_wconf 83' lang='grc' dir='ltr'>δεῖγμα,</span> <span class='ocrx_word' id='word_1_404' title='bbox 2116 352 2195 390; x_wconf 80' lang='grc' dir='ltr'>ὁταν</span> <span class='ocrx_word' id='word_1_405' title='bbox 2218 351 2378 404; x_wconf 77' lang='grc' dir='ltr'>ἑκάτερον</span> 
     </span>
     <span class='ocr_line' id='line_1_56' title="bbox 1359 409 2381 462; baseline 0.003 -16"><span class='ocrx_word' id='word_1_406' title='bbox 1359 424 1380 458; x_wconf 87' lang='grc' dir='ltr'><strong>ῃ</strong></span> <span class='ocrx_word' id='word_1_407' title='bbox 1399 409 1438 446; x_wconf 81' lang='grc' dir='ltr'><strong>τὸ</strong></span> <span class='ocrx_word' id='word_1_408' title='bbox 1453 409 1548 460; x_wconf 80' lang='grc' dir='ltr'>γένος</span> <span class='ocrx_word' id='word_1_409' title='bbox 1565 410 1824 462; x_wconf 77' lang='grc' dir='ltr'>διεφθαρμένον,</span> <span class='ocrx_word' id='word_1_410' title='bbox 1841 427 1899 448; x_wconf 91' lang='grc' dir='ltr'><strong>και</strong></span> <span class='ocrx_word' id='word_1_411' title='bbox 1916 411 1937 448; x_wconf 93' lang='lat'><strong>0&#39;</strong></span> <span class='ocrx_word' id='word_1_412' title='bbox 1949 428 1987 450; x_wconf 88' lang='grc' dir='ltr'><strong>τε</strong></span> <span class='ocrx_word' id='word_1_413' title='bbox 2004 412 2208 454; x_wconf 77' lang='grc' dir='ltr'>διδάσκαλος</span> <span class='ocrx_word' id='word_1_414' title='bbox 2234 414 2296 457; x_wconf 72' lang='grc' dir='ltr'><strong>τῆς</strong></span> <span class='ocrx_word' id='word_1_415' title='bbox 2321 428 2381 462; x_wconf 89' lang='grc' dir='ltr'>γυ-</span> 
     </span>
     <span class='ocr_line' id='line_1_57' title="bbox 1358 470 2378 524; baseline 0.004 -18"><span class='ocrx_word' id='word_1_416' title='bbox 1358 470 1474 512; x_wconf 80' lang='grc' dir='ltr'>ναικὸς</span> <span class='ocrx_word' id='word_1_417' title='bbox 1491 474 1580 508; x_wconf 91' lang='grc' dir='ltr'>εἰναι</span> <span class='ocrx_word' id='word_1_418' title='bbox 1598 471 1755 522; x_wconf 79' lang='grc' dir='ltr'>ταχθεις,</span> <span class='ocrx_word' id='word_1_419' title='bbox 1777 471 1800 517; x_wconf 80' lang='grc' dir='ltr'>ἥ</span> <span class='ocrx_word' id='word_1_420' title='bbox 1819 486 1856 508; x_wconf 88' lang='grc' dir='ltr'><strong>τε</strong></span> <span class='ocrx_word' id='word_1_421' title='bbox 1886 473 2009 522; x_wconf 84' lang='grc' dir='ltr'>βοηθὸς</span> <span class='ocrx_word' id='word_1_422' title='bbox 2032 477 2092 510; x_wconf 88' lang='grc' dir='ltr'><strong>τοῦ</strong></span> <span class='ocrx_word' id='word_1_423' title='bbox 2121 473 2242 524; x_wconf 81' lang='grc' dir='ltr'>ἀνδρὸς</span> <span class='ocrx_word' id='word_1_424' title='bbox 2261 474 2378 510; x_wconf 81' lang='grc' dir='ltr'>κελευ·</span> 
     </span>
    </p>

    <p class='ocr_par' dir='ltr' id='par_1_9' title="bbox 1359 531 2388 1613">
     <span class='ocr_line' id='line_1_58' title="bbox 1359 531 2382 586; baseline 0.001 -17"><span class='ocrx_word' id='word_1_425' title='bbox 1359 534 1478 569; x_wconf 86' lang='grc' dir='ltr'>σθεῖσα</span> <span class='ocrx_word' id='word_1_426' title='bbox 1497 531 1668 583; x_wconf 85' lang='grc' dir='ltr'>γενέσθαι,</span> <span class='ocrx_word' id='word_1_427' title='bbox 1683 531 1728 569; x_wconf 85' lang='grc' dir='ltr'><strong>τὰ</strong></span> <span class='ocrx_word' id='word_1_428' title='bbox 1746 534 1814 569; x_wconf 75' lang='grc' dir='ltr'><strong>τῶν</strong></span> <span class='ocrx_word' id='word_1_429' title='bbox 1835 533 1966 584; x_wconf 78' lang='grc' dir='ltr'>ἐχθρῶν</span> <span class='ocrx_word' id='word_1_430' title='bbox 1989 533 2008 551; x_wconf 81' lang='lat'><strong>*</strong></span> <span class='ocrx_word' id='word_1_431' title='bbox 2022 536 2069 576; x_wconf 85' lang='grc' dir='ltr'><strong>εἷς</strong></span> <span class='ocrx_word' id='word_1_432' title='bbox 2089 534 2258 580; x_wconf 71' lang='grc' dir='ltr'>ἀλλήλους</span> <span class='ocrx_word' id='word_1_433' title='bbox 2278 533 2382 586; x_wconf 82' lang='grc' dir='ltr'>ἐργά-</span> 
     </span>
     <span class='ocr_line' id='line_1_59' title="bbox 1359 591 2383 645; baseline 0.003 -17"><span class='ocrx_word' id='word_1_434' title='bbox 1359 593 1485 635; x_wconf 84' lang='grc' dir='ltr'>ζονται.</span> <span class='ocrx_word' id='word_1_435' title='bbox 1507 592 1639 630; x_wconf 83' lang='grc' dir='ltr'>Σκόπει</span> <span class='ocrx_word' id='word_1_436' title='bbox 1662 591 1698 630; x_wconf 78' lang='grc' dir='ltr'><strong>δὲ</strong></span> <span class='ocrx_word' id='word_1_437' title='bbox 1724 594 1798 635; x_wconf 80' lang='grc' dir='ltr'><strong>πῶς</strong></span> <span class='ocrx_word' id='word_1_438' title='bbox 1817 591 1877 630; x_wconf 76' lang='grc' dir='ltr'><strong>καὶ</strong></span> <span class='ocrx_word' id='word_1_439' title='bbox 1906 594 2124 644; x_wconf 78' lang='grc' dir='ltr'>ἐμφαντικῶς</span> <span class='ocrx_word' id='word_1_440' title='bbox 2148 596 2278 645; x_wconf 74' lang='grc' dir='ltr'>χρῆται</span> <span class='ocrx_word' id='word_1_441' title='bbox 2308 600 2383 637; x_wconf 86' lang='grc' dir='ltr'>ταῖς</span> 
     </span>
     <span class='ocr_line' id='line_1_60' title="bbox 1359 646 2382 704; baseline 0.004 -16"><span class='ocrx_word' id='word_1_442' title='bbox 1359 650 1502 695; x_wconf 82' lang='grc' dir='ltr'>λέξεσιν.</span> <span class='ocrx_word' id='word_1_443' title='bbox 1518 654 1571 690; x_wconf 78' lang='grc' dir='ltr'><strong>Οὐ</strong></span> <span class='ocrx_word' id='word_1_444' title='bbox 1587 651 1654 703; x_wconf 83' lang='grc' dir='ltr'><strong>γὰρ</strong></span> <span class='ocrx_word' id='word_1_445' title='bbox 1671 646 1780 699; x_wconf 65' lang='grc' dir='ltr'>εἶπεν,</span> <span class='ocrx_word' id='word_1_446' title='bbox 1799 651 1851 689; x_wconf 81' lang='grc' dir='ltr'><strong>ὅτι</strong></span> <span class='ocrx_word' id='word_1_447' title='bbox 1866 652 2067 704; x_wconf 82' lang='grc' dir='ltr'>ἠράσθησαν</span> <span class='ocrx_word' id='word_1_448' title='bbox 2084 654 2143 690; x_wconf 75' lang='grc' dir='ltr'><strong>καὶ</strong></span> <span class='ocrx_word' id='word_1_449' title='bbox 2160 654 2382 704; x_wconf 79' lang='grc' dir='ltr'>ἐπεθύμησαν</span> 
     </span>
     <span class='ocr_line' id='line_1_61' title="bbox 1360 712 2384 766; baseline 0.002 -16"><span class='ocrx_word' id='word_1_450' title='bbox 1360 713 1538 759; x_wconf 82' lang='grc' dir='ltr'>ἀλλήλων,</span> <span class='ocrx_word' id='word_1_451' title='bbox 1557 714 1634 751; x_wconf 84' lang='grc' dir='ltr'>ἀλλ’</span> <span class='ocrx_word' id='word_1_452' title='bbox 1649 743 1658 760; x_wconf 95' lang='grc'>,</span> <span class='ocrx_word' id='word_1_453' title='bbox 1677 712 1936 760; x_wconf 79' lang='grc' dir='ltr'>Ἔξεκαύθησαν</span> <span class='ocrx_word' id='word_1_454' title='bbox 1957 715 1991 751; x_wconf 81' lang='grc' dir='ltr'>ἓν</span> <span class='ocrx_word' id='word_1_455' title='bbox 2009 717 2052 764; x_wconf 80' lang='grc' dir='ltr'><strong>τῇ</strong></span> <span class='ocrx_word' id='word_1_456' title='bbox 2077 714 2185 766; x_wconf 81' lang='grc' dir='ltr'>ὀρέξει</span> <span class='ocrx_word' id='word_1_457' title='bbox 2202 716 2315 752; x_wconf 79' lang='grc' dir='ltr'>αὐτῶν</span> <span class='ocrx_word' id='word_1_458' title='bbox 2337 716 2384 758; x_wconf 85' lang='grc' dir='ltr'><strong>εἷς</strong></span> 
     </span>
     <span class='ocr_line' id='line_1_62' title="bbox 1361 768 2382 826; baseline 0.002 -16"><span class='ocrx_word' id='word_1_459' title='bbox 1361 773 1542 820; x_wconf 77' lang='grc' dir='ltr'>ἀλλήλους.</span> <span class='ocrx_word' id='word_1_460' title='bbox 1559 768 1680 826; x_wconf 60' lang='grc' dir='ltr'>(Ορᾷς,</span> <span class='ocrx_word' id='word_1_461' title='bbox 1694 773 1748 812; x_wconf 75' lang='grc' dir='ltr'><strong>ὅτι</strong></span> <span class='ocrx_word' id='word_1_462' title='bbox 1767 773 1837 811; x_wconf 82' lang='grc' dir='ltr'><strong>ἀπὸ</strong></span> <span class='ocrx_word' id='word_1_463' title='bbox 1858 773 2056 817; x_wconf 84' lang='grc' dir='ltr'>πλεονεξίας</span> <span class='ocrx_word' id='word_1_464' title='bbox 2077 774 2116 812; x_wconf 83' lang='grc' dir='ltr'><strong>τὸ</strong></span> <span class='ocrx_word' id='word_1_465' title='bbox 2135 781 2204 812; x_wconf 74' lang='grc' dir='ltr'><strong>πᾶν</strong></span> <span class='ocrx_word' id='word_1_466' title='bbox 2223 778 2285 820; x_wconf 71' lang='grc' dir='ltr'><strong>τῆς</strong></span> <span class='ocrx_word' id='word_1_467' title='bbox 2302 777 2382 812; x_wconf 78' lang='grc' dir='ltr'>ἐπι-</span> 
     </span>
     <span class='ocr_line' id='line_1_63' title="bbox 1360 833 2380 886; baseline 0.002 -15"><span class='ocrx_word' id='word_1_468' title='bbox 1360 833 1499 884; x_wconf 84' lang='grc' dir='ltr'>θυμίας,</span> <span class='ocrx_word' id='word_1_469' title='bbox 1515 837 1575 872; x_wconf 80' lang='grc' dir='ltr'><strong>οὐκ</strong></span> <span class='ocrx_word' id='word_1_470' title='bbox 1593 833 1833 886; x_wconf 81' lang='grc' dir='ltr'>ἀνασχομένης</span> <span class='ocrx_word' id='word_1_471' title='bbox 1852 833 1934 872; x_wconf 84' lang='grc' dir='ltr'>εἴσω</span> <span class='ocrx_word' id='word_1_472' title='bbox 1953 837 2021 872; x_wconf 80' lang='grc' dir='ltr'><strong>τῶν</strong></span> <span class='ocrx_word' id='word_1_473' title='bbox 2043 834 2178 872; x_wconf 81' lang='grc' dir='ltr'>οἰκείων</span> <span class='ocrx_word' id='word_1_474' title='bbox 2209 835 2296 886; x_wconf 81' lang='grc' dir='ltr'>ὅρων</span> <span class='ocrx_word' id='word_1_475' title='bbox 2319 836 2380 885; x_wconf 80' lang='grc' dir='ltr'>με’-</span> 
     </span>
     <span class='ocr_line' id='line_1_64' title="bbox 1361 893 2381 947; baseline 0.001 -16"><span class='ocrx_word' id='word_1_476' title='bbox 1361 910 1446 941; x_wconf 73' lang='grc' dir='ltr'>νειν,</span> <span class='ocrx_word' id='word_1_477' title='bbox 1465 895 1542 931; x_wconf 81' lang='grc' dir='ltr'>Πᾶν</span> <span class='ocrx_word' id='word_1_478' title='bbox 1563 893 1630 947; x_wconf 78' lang='grc' dir='ltr'><strong>γὰρ</strong></span> <span class='ocrx_word' id='word_1_479' title='bbox 1649 895 1687 932; x_wconf 81' lang='grc' dir='ltr'><strong>τὸ</strong></span> <span class='ocrx_word' id='word_1_480' title='bbox 1706 895 1912 945; x_wconf 70' lang='grc' dir='ltr'>ὓπερὸαῐνον</span> <span class='ocrx_word' id='word_1_481' title='bbox 1938 893 2016 937; x_wconf 70' lang='grc' dir='ltr'>τοὺς</span> <span class='ocrx_word' id='word_1_482' title='bbox 2036 895 2133 947; x_wconf 85' lang='grc' dir='ltr'>παρὰ</span> <span class='ocrx_word' id='word_1_483' title='bbox 2153 897 2245 934; x_wconf 90' lang='grc' dir='ltr'>Θεοῦ</span> <span class='ocrx_word' id='word_1_484' title='bbox 2262 897 2381 934; x_wconf 79' lang='grc' dir='ltr'>τεθέν-</span> 
     </span>
     <span class='ocr_line' id='line_1_65' title="bbox 1361 955 2385 1008; baseline 0.002 -16"><span class='ocrx_word' id='word_1_485' title='bbox 1361 971 1423 998; x_wconf 84' lang='grc' dir='ltr'><strong>τας</strong></span> <span class='ocrx_word' id='word_1_486' title='bbox 1451 955 1595 1006; x_wconf 89' lang='grc' dir='ltr'>νόμους,</span> <span class='ocrx_word' id='word_1_487' title='bbox 1615 958 1683 993; x_wconf 83' lang='grc' dir='ltr'><strong>τῶν</strong></span> <span class='ocrx_word' id='word_1_488' title='bbox 1703 955 1899 994; x_wconf 83' lang='grc' dir='ltr'>ἀλλοκότων</span> <span class='ocrx_word' id='word_1_489' title='bbox 1921 958 2105 1006; x_wconf 81' lang='grc' dir='ltr'>ἐπιθυμεῖ,</span> <span class='ocrx_word' id='word_1_490' title='bbox 2135 956 2194 994; x_wconf 83' lang='grc' dir='ltr'><strong>καὶ</strong></span> <span class='ocrx_word' id='word_1_491' title='bbox 2212 957 2288 1008; x_wconf 73' lang='grc' dir='ltr'>οὐχὶ</span> <span class='ocrx_word' id='word_1_492' title='bbox 2317 960 2385 994; x_wconf 78' lang='grc' dir='ltr'><strong>τῶν</strong></span> 
     </span>
     <span class='ocr_line' id='line_1_66' title="bbox 1361 1015 2385 1068; baseline 0 -15"><span class='ocrx_word' id='word_1_493' title='bbox 1361 1016 1630 1066; x_wconf 75' lang='grc' dir='ltr'>νενομισμένων.</span> <span class='ocrx_word' id='word_1_494' title='bbox 1650 1015 1787 1067; x_wconf 61' lang='grc' dir='ltr'><strong>εὨσπερ</strong></span> <span class='ocrx_word' id='word_1_495' title='bbox 1812 1016 1880 1068; x_wconf 81' lang='grc' dir='ltr'><strong>γὰρ</strong></span> <span class='ocrx_word' id='word_1_496' title='bbox 1899 1016 2021 1054; x_wconf 80' lang='grc' dir='ltr'>πολλοὶ</span> <span class='ocrx_word' id='word_1_497' title='bbox 2044 1016 2212 1059; x_wconf 77' lang='grc' dir='ltr'>πολλάκις</span> <span class='ocrx_word' id='word_1_498' title='bbox 2233 1016 2295 1063; x_wconf 79' lang='grc' dir='ltr'><strong>τὴν</strong></span> <span class='ocrx_word' id='word_1_499' title='bbox 2317 1019 2385 1054; x_wconf 81' lang='grc' dir='ltr'><strong>τῶν</strong></span> 
     </span>
     <span class='ocr_line' id='line_1_67' title="bbox 1362 1076 2385 1128; baseline -0.001 -13"><span class='ocrx_word' id='word_1_500' title='bbox 1362 1076 1480 1115; x_wconf 84' lang='grc' dir='ltr'>σιτίων</span> <span class='ocrx_word' id='word_1_501' title='bbox 1498 1077 1685 1127; x_wconf 79' lang='grc' dir='ltr'>ἐπιθυμίαν</span> <span class='ocrx_word' id='word_1_502' title='bbox 1705 1077 1859 1128; x_wconf 77' lang='grc' dir='ltr'>ἀφέντες,</span> <span class='ocrx_word' id='word_1_503' title='bbox 1882 1080 1946 1128; x_wconf 80' lang='grc' dir='ltr'>γῆν</span> <span class='ocrx_word' id='word_1_504' title='bbox 1968 1080 2143 1115; x_wconf 76' lang='grc' dir='ltr'>σιτοῦνται</span> <span class='ocrx_word' id='word_1_505' title='bbox 2169 1077 2228 1114; x_wconf 85' lang='grc' dir='ltr'><strong>καὶ</strong></span> <span class='ocrx_word' id='word_1_506' title='bbox 2250 1076 2385 1119; x_wconf 65' lang='grc' dir='ltr'><strong>ξιλίθους</strong></span> 
     </span>
     <span class='ocr_line' id='line_1_68' title="bbox 1363 1136 2384 1189; baseline 0 -15"><span class='ocrx_word' id='word_1_507' title='bbox 1363 1136 1525 1189; x_wconf 75' lang='grc' dir='ltr'>μικροὺς,</span> <span class='ocrx_word' id='word_1_508' title='bbox 1552 1137 1610 1175; x_wconf 88' lang='grc' dir='ltr'><strong>καὶ</strong></span> <span class='ocrx_word' id='word_1_509' title='bbox 1630 1137 1741 1189; x_wconf 78' lang='grc' dir='ltr'>ἕτεροι</span> <span class='ocrx_word' id='word_1_510' title='bbox 1758 1136 1793 1175; x_wconf 76' lang='grc' dir='ltr'><strong>δὲ</strong></span> <span class='ocrx_word' id='word_1_511' title='bbox 1820 1136 1887 1175; x_wconf 79' lang='grc' dir='ltr'><strong>ὑπὸ</strong></span> <span class='ocrx_word' id='word_1_512' title='bbox 1907 1137 2026 1189; x_wconf 77' lang='grc' dir='ltr'>δίψους</span> <span class='ocrx_word' id='word_1_513' title='bbox 2053 1136 2282 1188; x_wconf 78' lang='grc' dir='ltr'>κατεχόμενοι</span> <span class='ocrx_word' id='word_1_514' title='bbox 2299 1153 2384 1188; x_wconf 70' lang='grc' dir='ltr'>σφο-</span> 
     </span>
     <span class='ocr_line' id='line_1_69' title="bbox 1362 1197 2386 1249; baseline 0 -15"><span class='ocrx_word' id='word_1_515' title='bbox 1362 1198 1462 1248; x_wconf 77' lang='grc' dir='ltr'>δροῦ,</span> <span class='ocrx_word' id='word_1_516' title='bbox 1483 1198 1542 1235; x_wconf 81' lang='grc' dir='ltr'><strong>καὶ</strong></span> <span class='ocrx_word' id='word_1_517' title='bbox 1561 1197 1730 1249; x_wconf 65' lang='grc' dir='ltr'>βορὸόρου</span> <span class='ocrx_word' id='word_1_518' title='bbox 1757 1197 1926 1241; x_wconf 80' lang='grc' dir='ltr'>πολλάκις</span> <span class='ocrx_word' id='word_1_519' title='bbox 1942 1199 2166 1247; x_wconf 74' lang='grc' dir='ltr'>ἐπιθυμοῦσιν</span> <span class='ocrx_word' id='word_1_520' title='bbox 2187 1213 2194 1220; x_wconf 92' lang='grc'>·</span> <span class='ocrx_word' id='word_1_521' title='bbox 2218 1197 2308 1235; x_wconf 81' lang='grc' dir='ltr'>οὕτω</span> <span class='ocrx_word' id='word_1_522' title='bbox 2328 1198 2386 1234; x_wconf 85' lang='grc' dir='ltr'><strong>καὶ</strong></span> 
     </span>
     <span class='ocr_line' id='line_1_70' title="bbox 1363 1258 2386 1312; baseline -0.001 -16"><span class='ocrx_word' id='word_1_523' title='bbox 1363 1261 1484 1296; x_wconf 84' lang='grc' dir='ltr'>ἐκεῖνοι</span> <span class='ocrx_word' id='word_1_524' title='bbox 1515 1258 1600 1312; x_wconf 75' lang='grc' dir='ltr'>πρὸς</span> <span class='ocrx_word' id='word_1_525' title='bbox 1631 1259 1687 1296; x_wconf 83' lang='grc' dir='ltr'><strong>τὸν</strong></span> <span class='ocrx_word' id='word_1_526' title='bbox 1716 1259 1918 1310; x_wconf 82' lang='grc' dir='ltr'>παράνομον</span> <span class='ocrx_word' id='word_1_527' title='bbox 1950 1264 2068 1298; x_wconf 76' lang='grc' dir='ltr'>τοῦτον</span> <span class='ocrx_word' id='word_1_528' title='bbox 2102 1259 2117 1278; x_wconf 80' lang='lat'><strong>¹³</strong></span> <span class='ocrx_word' id='word_1_529' title='bbox 2130 1259 2386 1309; x_wconf 68' lang='grc' dir='ltr'>ἐξεὸράσθησαν</span> 
     </span>
     <span class='ocr_line' id='line_1_71' title="bbox 1363 1319 2388 1371; baseline 0 -15"><span class='ocrx_word' id='word_1_530' title='bbox 1363 1319 1486 1370; x_wconf 81' lang='grc' dir='ltr'>ἔρωτα.</span> <span class='ocrx_word' id='word_1_531' title='bbox 1503 1320 1547 1357; x_wconf 80' lang='grc' dir='ltr'><strong>Εἰ</strong></span> <span class='ocrx_word' id='word_1_532' title='bbox 1568 1319 1602 1357; x_wconf 79' lang='grc' dir='ltr'><strong>δὲ</strong></span> <span class='ocrx_word' id='word_1_533' title='bbox 1631 1319 1763 1371; x_wconf 81' lang='grc' dir='ltr'>λέγεις,</span> <span class='ocrx_word' id='word_1_534' title='bbox 1785 1320 1844 1357; x_wconf 81' lang='grc' dir='ltr'><strong>καὶ</strong></span> <span class='ocrx_word' id='word_1_535' title='bbox 1863 1320 1965 1357; x_wconf 87' lang='grc' dir='ltr'>πόθεν</span> <span class='ocrx_word' id='word_1_536' title='bbox 1986 1323 2008 1365; x_wconf 85' lang='grc' dir='ltr'>ἡ</span> <span class='ocrx_word' id='word_1_537' title='bbox 2030 1319 2189 1361; x_wconf 81' lang='grc' dir='ltr'>ἐπίτασις</span> <span class='ocrx_word' id='word_1_538' title='bbox 2217 1323 2278 1365; x_wconf 76' lang='grc' dir='ltr'>τ’ἧς</span> <span class='ocrx_word' id='word_1_539' title='bbox 2310 1322 2388 1357; x_wconf 78' lang='grc' dir='ltr'>ἐπι-</span> 
     </span>
     <span class='ocr_line' id='line_1_72' title="bbox 1363 1379 2386 1431; baseline 0.001 -15"><span class='ocrx_word' id='word_1_540' title='bbox 1363 1379 1486 1429; x_wconf 83' lang='grc' dir='ltr'>θυμίας</span> <span class='ocrx_word' id='word_1_541' title='bbox 1514 1379 1622 1426; x_wconf 74' lang='grc' dir='ltr'>αὕτη,</span> <span class='ocrx_word' id='word_1_542' title='bbox 1642 1379 1725 1418; x_wconf 78' lang='grc' dir='ltr'><strong>Ἀπὸ</strong></span> <span class='ocrx_word' id='word_1_543' title='bbox 1753 1383 1816 1427; x_wconf 80' lang='grc' dir='ltr'><strong>τῆς</strong></span> <span class='ocrx_word' id='word_1_544' title='bbox 1832 1385 1890 1418; x_wconf 81' lang='grc' dir='ltr'><strong>τοῦ</strong></span> <span class='ocrx_word' id='word_1_545' title='bbox 1909 1382 2002 1419; x_wconf 87' lang='grc' dir='ltr'>Θεοῦ</span> <span class='ocrx_word' id='word_1_546' title='bbox 2023 1379 2311 1431; x_wconf 71' lang='grc' dir='ltr'>ἐγκαταλείψεως.</span> <span class='ocrx_word' id='word_1_547' title='bbox 2341 1379 2386 1417; x_wconf 84' lang='grc' dir='ltr'><strong>Ἥ</strong></span> 
     </span>
     <span class='ocr_line' id='line_1_73' title="bbox 1363 1440 2387 1492; baseline 0.001 -15"><span class='ocrx_word' id='word_1_548' title='bbox 1363 1440 1397 1477; x_wconf 80' lang='grc' dir='ltr'><strong>δὲ</strong></span> <span class='ocrx_word' id='word_1_549' title='bbox 1418 1440 1661 1491; x_wconf 76' lang='grc' dir='ltr'>ἐγκατάλειψις</span> <span class='ocrx_word' id='word_1_550' title='bbox 1676 1444 1734 1478; x_wconf 87' lang='grc' dir='ltr'><strong>τοῦ</strong></span> <span class='ocrx_word' id='word_1_551' title='bbox 1754 1442 1845 1478; x_wconf 84' lang='grc' dir='ltr'>Θεοῦ</span> <span class='ocrx_word' id='word_1_552' title='bbox 1866 1440 1992 1487; x_wconf 85' lang='grc' dir='ltr'>πόθεν;</span> <span class='ocrx_word' id='word_1_553' title='bbox 2012 1441 2094 1479; x_wconf 74' lang='grc' dir='ltr'><strong>Ἀπὸ</strong></span> <span class='ocrx_word' id='word_1_554' title='bbox 2111 1443 2173 1486; x_wconf 68' lang='grc' dir='ltr'><strong>τῆς</strong></span> <span class='ocrx_word' id='word_1_555' title='bbox 2193 1443 2261 1478; x_wconf 81' lang='grc' dir='ltr'><strong>τῶν</strong></span> <span class='ocrx_word' id='word_1_556' title='bbox 2283 1441 2387 1492; x_wconf 71' lang='grc' dir='ltr'>ἀφέν-</span> 
     </span>
     <span class='ocr_line' id='line_1_74' title="bbox 1362 1499 2387 1553; baseline 0.001 -17"><span class='ocrx_word' id='word_1_557' title='bbox 1362 1515 1431 1536; x_wconf 81' lang='grc' dir='ltr'><strong>των</strong></span> <span class='ocrx_word' id='word_1_558' title='bbox 1458 1500 1558 1537; x_wconf 76' lang='grc' dir='ltr'>αὐτὸν</span> <span class='ocrx_word' id='word_1_559' title='bbox 1580 1499 1724 1550; x_wconf 84' lang='grc' dir='ltr'>ἀνομίας</span> <span class='ocrx_word' id='word_1_560' title='bbox 1741 1516 1748 1523; x_wconf 90' lang='grc'><strong><em>·</em></strong></span> <span class='ocrx_word' id='word_1_561' title='bbox 1769 1499 1927 1552; x_wconf 77' lang='grc' dir='ltr'>Ἅῤῥενες</span> <span class='ocrx_word' id='word_1_562' title='bbox 1947 1503 1980 1539; x_wconf 82' lang='grc' dir='ltr'>ἐν</span> <span class='ocrx_word' id='word_1_563' title='bbox 1999 1502 2121 1552; x_wconf 77' lang='grc' dir='ltr'>ἄρσεσι</span> <span class='ocrx_word' id='word_1_564' title='bbox 2143 1501 2206 1548; x_wconf 75' lang='grc' dir='ltr'><strong>τὴν</strong></span> <span class='ocrx_word' id='word_1_565' title='bbox 2225 1504 2387 1553; x_wconf 74' lang='grc' dir='ltr'>ἀσχημο-</span> 
     </span>
     <span class='ocr_line' id='line_1_75' title="bbox 1362 1560 1791 1613; baseline 0 -16"><span class='ocrx_word' id='word_1_566' title='bbox 1362 1560 1467 1606; x_wconf 80' lang='grc' dir='ltr'>σύνην</span> <span class='ocrx_word' id='word_1_567' title='bbox 1487 1560 1791 1613; x_wconf 79' lang='grc' dir='ltr'>κατεργαζόμενοι.</span> 
     </span>
    </p>
   </div>
   <div class='ocr_carea' id='block_1_8' title="bbox 1362 1681 2392 3008">
    <p class='ocr_par' dir='ltr' id='par_1_10' title="bbox 1362 1681 2388 1918">
     <span class='ocr_line' id='line_1_76' title="bbox 1414 1681 2387 1734; baseline 0.002 -14"><span class='ocrx_word' id='word_1_568' title='bbox 1414 1681 1476 1728; x_wconf 86' lang='grc' dir='ltr'><strong>Μὴ</strong></span> <span class='ocrx_word' id='word_1_569' title='bbox 1504 1681 1570 1734; x_wconf 84' lang='grc' dir='ltr'><strong>γαρ</strong></span> <span class='ocrx_word' id='word_1_570' title='bbox 1591 1681 1751 1728; x_wconf 78' lang='grc' dir='ltr'>ἐπειδὴ</span> <span class='ocrx_word' id='word_1_571' title='bbox 1729 1697 1898 1730; x_wconf 86' lang='grc' dir='ltr'>ηκουσας,</span> <span class='ocrx_word' id='word_1_572' title='bbox 1915 1698 2041 1734; x_wconf 77' lang='grc' dir='ltr'>φησιν,</span> <span class='ocrx_word' id='word_1_573' title='bbox 2061 1684 2113 1721; x_wconf 81' lang='grc' dir='ltr'>δ’τι</span> <span class='ocrx_word' id='word_1_574' title='bbox 2135 1682 2387 1730; x_wconf 80' lang='grc' dir='ltr'>ἐξεκαυθησαν,</span> 
     </span>
     <span class='ocr_line' id='line_1_77' title="bbox 1362 1742 2387 1795; baseline 0.001 -14"><span class='ocrx_word' id='word_1_575' title='bbox 1362 1760 1424 1790; x_wconf 87' lang='grc' dir='ltr'><strong>της</strong></span> <span class='ocrx_word' id='word_1_576' title='bbox 1452 1743 1636 1793; x_wconf 80' lang='grc' dir='ltr'>ἐπιθυμίας</span> <span class='ocrx_word' id='word_1_577' title='bbox 1669 1742 1777 1793; x_wconf 85' lang='grc' dir='ltr'>μόνης</span> <span class='ocrx_word' id='word_1_578' title='bbox 1810 1747 1897 1780; x_wconf 81' lang='grc' dir='ltr'>εἶναι</span> <span class='ocrx_word' id='word_1_579' title='bbox 1921 1743 2066 1795; x_wconf 85' lang='grc' dir='ltr'>νομίστς</span> <span class='ocrx_word' id='word_1_580' title='bbox 2085 1745 2124 1782; x_wconf 77' lang='grc' dir='ltr'><strong>τὸ</strong></span> <span class='ocrx_word' id='word_1_581' title='bbox 2150 1744 2308 1794; x_wconf 86' lang='grc' dir='ltr'>νόσημα·</span> <span class='ocrx_word' id='word_1_582' title='bbox 2328 1761 2387 1783; x_wconf 87' lang='grc' dir='ltr'><strong>και</strong></span> 
     </span>
     <span class='ocr_line' id='line_1_78' title="bbox 1362 1804 2386 1857; baseline 0 -14"><span class='ocrx_word' id='word_1_583' title='bbox 1362 1805 1428 1857; x_wconf 85' lang='grc' dir='ltr'><strong>γὰρ</strong></span> <span class='ocrx_word' id='word_1_584' title='bbox 1455 1805 1495 1842; x_wconf 79' lang='grc' dir='ltr'><strong>τὸ</strong></span> <span class='ocrx_word' id='word_1_585' title='bbox 1513 1804 1617 1842; x_wconf 82' lang='grc' dir='ltr'>πλεον</span> <span class='ocrx_word' id='word_1_586' title='bbox 1644 1807 1706 1850; x_wconf 86' lang='grc' dir='ltr'>τ’ῆς</span> <span class='ocrx_word' id='word_1_587' title='bbox 1728 1806 1841 1841; x_wconf 80' lang='grc' dir='ltr'>αὐτων</span> <span class='ocrx_word' id='word_1_588' title='bbox 1864 1804 2065 1856; x_wconf 80' lang='grc' dir='ltr'>ῥαθυμίας’</span> <span class='ocrx_word' id='word_1_589' title='bbox 2051 1821 2160 1852; x_wconf 88' lang='grc' dir='ltr'>εστιν,</span> <span class='ocrx_word' id='word_1_590' title='bbox 2190 1805 2212 1851; x_wconf 83' lang='grc' dir='ltr'>ἣ</span> <span class='ocrx_word' id='word_1_591' title='bbox 2247 1822 2306 1843; x_wconf 90' lang='grc' dir='ltr'><strong>και</strong></span> <span class='ocrx_word' id='word_1_592' title='bbox 2323 1806 2386 1852; x_wconf 85' lang='grc' dir='ltr'><strong>τὴν</strong></span> 
     </span>
     <span class='ocr_line' id='line_1_79' title="bbox 1363 1864 2388 1939; baseline 0 -35"><span class='ocrx_word' id='word_1_593' title='bbox 1363 1865 1548 1917; x_wconf 82' lang='grc' dir='ltr'>ἐπιθυμίαν</span> <span class='ocrx_word' id='word_1_594' title='bbox 1571 1867 1705 1917; x_wconf 54' lang='grc' dir='ltr'>ἀνῆρε.</span> <span class='ocrx_word' id='word_1_595' title='bbox 1714 1864 1782 1902; x_wconf 78' lang='grc' dir='ltr'><strong>Διὰ</strong></span> <span class='ocrx_word' id='word_1_596' title='bbox 1800 1868 1902 1903; x_wconf 87' lang='grc' dir='ltr'>τοῦτο</span> <span class='ocrx_word' id='word_1_597' title='bbox 1921 1881 1982 1903; x_wconf 91' lang='grc' dir='ltr'><strong>ουκ</strong></span> <span class='ocrx_word' id='word_1_598' title='bbox 2005 1869 2079 1903; x_wconf 83' lang='grc' dir='ltr'>εἶπε</span> <span class='ocrx_word' id='word_1_599' title='bbox 2090 1866 2388 1939; x_wconf 81' lang='grc' dir='ltr'>,παρασυρέντες,</span> 
     </span>
    </p>

    <p class='ocr_par' dir='ltr' id='par_1_11' title="bbox 1363 1924 2392 3008">
     <span class='ocr_line' id='line_1_80' title="bbox 1363 1924 2390 1980; baseline -0.001 -14.972"><span class='ocrx_word' id='word_1_600' title='bbox 1363 1926 1408 1972; x_wconf 62' lang='lat'><strong>⁰¹71</strong></span> <span class='ocrx_word' id='word_1_601' title='bbox 1425 1924 1731 1980; x_wconf 67' lang='grc' dir='ltr'>προληφθέντες,“</span> <span class='ocrx_word' id='word_1_602' title='bbox 1711 1941 1797 1979; x_wconf 90' lang='grc' dir='ltr'>οπερ</span> <span class='ocrx_word' id='word_1_603' title='bbox 1817 1927 1971 1978; x_wconf 73' lang='grc' dir='ltr'>ἀλλαχοῦ</span> <span class='ocrx_word' id='word_1_604' title='bbox 1995 1942 2112 1978; x_wconf 69' lang='grc' dir='ltr'>φησιν,</span> <span class='ocrx_word' id='word_1_605' title='bbox 2130 1926 2221 1964; x_wconf 85' lang='grc' dir='ltr'>ἀλλα</span> <span class='ocrx_word' id='word_1_606' title='bbox 2238 1927 2296 1975; x_wconf 73' lang='grc' dir='ltr'><strong>τί,</strong></span> <span class='ocrx_word' id='word_1_607' title='bbox 2313 1929 2390 1965; x_wconf 84' lang='grc' dir='ltr'><strong>Κα-</strong></span> 
     </span>
     <span class='ocr_line' id='line_1_81' title="bbox 1363 1986 2391 2039; baseline 0 -15"><span class='ocrx_word' id='word_1_608' title='bbox 1363 1987 1621 2039; x_wconf 81' lang='grc' dir='ltr'>τεργαζόμενοι.</span> <span class='ocrx_word' id='word_1_609' title='bbox 1644 1986 1772 2039; x_wconf 64' lang='grc' dir='ltr'>’Έρίον</span> <span class='ocrx_word' id='word_1_610' title='bbox 1793 1986 1906 2026; x_wconf 83' lang='grc' dir='ltr'>ἔθεντο</span> <span class='ocrx_word' id='word_1_611' title='bbox 1932 1987 1995 2034; x_wconf 85' lang='grc' dir='ltr'><strong>τὴν</strong></span> <span class='ocrx_word' id='word_1_612' title='bbox 2019 1988 2215 2039; x_wconf 87' lang='grc' dir='ltr'>ἁμαρτίαν,</span> <span class='ocrx_word' id='word_1_613' title='bbox 2236 2004 2296 2026; x_wconf 88' lang='grc' dir='ltr'><strong>και</strong></span> <span class='ocrx_word' id='word_1_614' title='bbox 2325 1990 2391 2039; x_wconf 67' lang='grc' dir='ltr'><strong>οὐχ</strong></span> 
     </span>
     <span class='ocr_line' id='line_1_82' title="bbox 1365 2047 2392 2100; baseline 0 -14"><span class='ocrx_word' id='word_1_615' title='bbox 1365 2047 1520 2091; x_wconf 62' lang='grc' dir='ltr'>ἁπλῶς”</span> <span class='ocrx_word' id='word_1_616' title='bbox 1502 2064 1539 2100; x_wconf 88' lang='grc' dir='ltr'><strong>ερ</strong></span> <span class='ocrx_word' id='word_1_617' title='bbox 1541 2063 1623 2098; x_wconf 86' lang='grc' dir='ltr'>γον,</span> <span class='ocrx_word' id='word_1_618' title='bbox 1643 2048 1732 2086; x_wconf 83' lang='grc' dir='ltr'>ἀλλα</span> <span class='ocrx_word' id='word_1_619' title='bbox 1752 2049 1812 2086; x_wconf 79' lang='grc' dir='ltr'><strong>καὶ</strong></span> <span class='ocrx_word' id='word_1_620' title='bbox 1841 2048 2135 2098; x_wconf 81' lang='grc' dir='ltr'>ἐσπουδασμένον.</span> <span class='ocrx_word' id='word_1_621' title='bbox 2167 2049 2237 2086; x_wconf 88' lang='grc' dir='ltr'><strong>Καὶ</strong></span> <span class='ocrx_word' id='word_1_622' title='bbox 2258 2049 2321 2086; x_wconf 79' lang='grc' dir='ltr'><strong>οὐκ</strong></span> <span class='ocrx_word' id='word_1_623' title='bbox 2340 2052 2369 2086; x_wconf 88' lang='grc' dir='ltr'><strong>εἰ</strong></span> <span class='ocrx_word' id='word_1_624' title='bbox 2383 2070 2392 2076; x_wconf 45' lang='grc' dir='ltr'><strong><em>Δ</em></strong></span> 
     </span>
     <span class='ocr_line' id='line_1_83' title="bbox 1364 2108 2391 2161; baseline 0.001 -15"><span class='ocrx_word' id='word_1_625' title='bbox 1364 2125 1480 2156; x_wconf 87' lang='grc' dir='ltr'>πεν,</span> <span class='ocrx_word' id='word_1_626' title='bbox 1466 2108 1665 2159; x_wconf 79' lang='grc' dir='ltr'>ἐπιθυμίαν,</span> <span class='ocrx_word' id='word_1_627' title='bbox 1685 2111 1762 2147; x_wconf 83' lang='grc' dir='ltr'>ἀλλ’</span> <span class='ocrx_word' id='word_1_628' title='bbox 1778 2110 1865 2161; x_wconf 76' lang='lat' dir='ltr'>&#39;A07</span> <span class='ocrx_word' id='word_1_629' title='bbox 1865 2125 2056 2159; x_wconf 83' lang='grc' dir='ltr'>ημοσυνην,</span> <span class='ocrx_word' id='word_1_630' title='bbox 2077 2109 2228 2161; x_wconf 82' lang='grc' dir='ltr'>κυρίως</span> <span class='ocrx_word' id='word_1_631' title='bbox 2248 2125 2308 2147; x_wconf 88' lang='grc' dir='ltr'><strong>και</strong></span> <span class='ocrx_word' id='word_1_632' title='bbox 2323 2108 2391 2160; x_wconf 82' lang='grc' dir='ltr'><strong>γὰρ</strong></span> 
     </span>
     <span class='ocr_line' id='line_1_84' title="bbox 1365 2169 2389 2222; baseline -0.001 -15"><span class='ocrx_word' id='word_1_633' title='bbox 1365 2186 1424 2208; x_wconf 90' lang='grc' dir='ltr'><strong>και</strong></span> <span class='ocrx_word' id='word_1_634' title='bbox 1443 2169 1505 2216; x_wconf 84' lang='grc' dir='ltr'><strong>τὴν</strong></span> <span class='ocrx_word' id='word_1_635' title='bbox 1527 2170 1625 2222; x_wconf 65' lang='grc' dir='ltr'>φύσιν</span> <span class='ocrx_word' id='word_1_636' title='bbox 1650 2186 1805 2222; x_wconf 70' lang='grc' dir='ltr'>ῃσχυναν</span> <span class='ocrx_word' id='word_1_637' title='bbox 1820 2198 1829 2215; x_wconf 90' lang='grc'>,</span> <span class='ocrx_word' id='word_1_638' title='bbox 1851 2186 1911 2208; x_wconf 88' lang='grc' dir='ltr'><strong>και</strong></span> <span class='ocrx_word' id='word_1_639' title='bbox 1941 2170 2019 2214; x_wconf 86' lang='grc' dir='ltr'>τους</span> <span class='ocrx_word' id='word_1_640' title='bbox 2038 2171 2162 2221; x_wconf 73' lang='grc' dir='ltr'>νόμους</span> <span class='ocrx_word' id='word_1_641' title='bbox 2195 2186 2389 2216; x_wconf 88' lang='grc' dir='ltr'>επατησαν.</span> 
     </span>
     <span class='ocr_line' id='line_1_85' title="bbox 1366 2230 2389 2284; baseline 0.001 -16"><span class='ocrx_word' id='word_1_642' title='bbox 1366 2231 1435 2268; x_wconf 77' lang='grc' dir='ltr'><strong>Καὶ</strong></span> <span class='ocrx_word' id='word_1_643' title='bbox 1456 2231 1519 2283; x_wconf 81' lang='grc' dir='ltr'><strong>ὅρα</strong></span> <span class='ocrx_word' id='word_1_644' title='bbox 1539 2230 1671 2276; x_wconf 84' lang='grc' dir='ltr'>πολλὴν</span> <span class='ocrx_word' id='word_1_645' title='bbox 1697 2230 1761 2277; x_wconf 86' lang='grc' dir='ltr'><strong>τὴν</strong></span> <span class='ocrx_word' id='word_1_646' title='bbox 1781 2230 1944 2282; x_wconf 73' lang='grc' dir='ltr'>σύγχυσιν</span> <span class='ocrx_word' id='word_1_647' title='bbox 1966 2230 2000 2274; x_wconf 79' lang='grc' dir='ltr'><strong>ἐξ</strong></span> <span class='ocrx_word' id='word_1_648' title='bbox 2027 2231 2223 2284; x_wconf 74' lang='grc' dir='ltr'>ἀμφοτέρου</span> <span class='ocrx_word' id='word_1_649' title='bbox 2243 2234 2303 2269; x_wconf 86' lang='grc' dir='ltr'><strong>τοῦ</strong></span> <span class='ocrx_word' id='word_1_650' title='bbox 2324 2230 2389 2281; x_wconf 84' lang='grc' dir='ltr'>με’-</span> 
     </span>
     <span class='ocr_line' id='line_1_86' title="bbox 1368 2291 2389 2343; baseline 0 -16"><span class='ocrx_word' id='word_1_651' title='bbox 1368 2305 1443 2341; x_wconf 90' lang='grc' dir='ltr'>ρους</span> <span class='ocrx_word' id='word_1_652' title='bbox 1457 2291 1654 2341; x_wconf 82' lang='grc' dir='ltr'>γινομένην.</span> <span class='ocrx_word' id='word_1_653' title='bbox 1671 2293 1724 2329; x_wconf 79' lang='grc' dir='ltr'><strong>Οὐ</strong></span> <span class='ocrx_word' id='word_1_654' title='bbox 1740 2291 1808 2341; x_wconf 78' lang='grc' dir='ltr'><strong>γὰρ</strong></span> <span class='ocrx_word' id='word_1_655' title='bbox 1824 2294 1845 2336; x_wconf 81' lang='grc' dir='ltr'>ἦ</span> <span class='ocrx_word' id='word_1_656' title='bbox 1866 2291 2000 2343; x_wconf 66' lang='grc' dir='ltr'>κεφαλὴ</span> <span class='ocrx_word' id='word_1_657' title='bbox 2024 2291 2111 2340; x_wconf 87' lang='grc' dir='ltr'>μόνη</span> <span class='ocrx_word' id='word_1_658' title='bbox 2129 2291 2225 2328; x_wconf 84' lang='grc' dir='ltr'>κάτω</span> <span class='ocrx_word' id='word_1_659' title='bbox 2240 2291 2389 2341; x_wconf 83' lang='grc' dir='ltr'>γέγονεν,</span> 
     </span>
     <span class='ocr_line' id='line_1_87' title="bbox 1367 2349 2389 2400; baseline 0 -12"><span class='ocrx_word' id='word_1_660' title='bbox 1367 2351 1457 2388; x_wconf 78' lang='grc' dir='ltr'>ἀλλὰ</span> <span class='ocrx_word' id='word_1_661' title='bbox 1472 2349 1530 2388; x_wconf 71' lang='grc' dir='ltr'><strong>καὶ</strong></span> <span class='ocrx_word' id='word_1_662' title='bbox 1550 2354 1580 2389; x_wconf 78' lang='grc' dir='ltr'><strong>οἱ</strong></span> <span class='ocrx_word' id='word_1_663' title='bbox 1600 2351 1702 2393; x_wconf 74' lang='grc' dir='ltr'>πόδες</span> <span class='ocrx_word' id='word_1_664' title='bbox 1719 2351 1810 2397; x_wconf 81' lang='grc' dir='ltr'>ἅνω,</span> <span class='ocrx_word' id='word_1_665' title='bbox 1830 2351 1890 2388; x_wconf 86' lang='grc' dir='ltr'><strong>καὶ</strong></span> <span class='ocrx_word' id='word_1_666' title='bbox 1905 2351 2067 2400; x_wconf 81' lang='grc' dir='ltr'>πολέμιοι</span> <span class='ocrx_word' id='word_1_667' title='bbox 2096 2353 2228 2389; x_wconf 81' lang='grc' dir='ltr'>ἑαυτῶν</span> <span class='ocrx_word' id='word_1_668' title='bbox 2250 2351 2308 2388; x_wconf 83' lang='grc' dir='ltr'><strong>καὶ</strong></span> <span class='ocrx_word' id='word_1_669' title='bbox 2329 2354 2389 2388; x_wconf 86' lang='grc' dir='ltr'><strong>ἀλ-</strong></span> 
     </span>
     <span class='ocr_line' id='line_1_88' title="bbox 1365 2410 2388 2463; baseline -0.003 -12"><span class='ocrx_word' id='word_1_670' title='bbox 1365 2411 1481 2457; x_wconf 82' lang='grc' dir='ltr'>λήλων</span> <span class='ocrx_word' id='word_1_671' title='bbox 1505 2412 1674 2462; x_wconf 80' lang='grc' dir='ltr'>ἐγένοντο,</span> <span class='ocrx_word' id='word_1_672' title='bbox 1697 2410 1856 2461; x_wconf 76' lang='grc' dir='ltr'>χαλεπήν</span> <span class='ocrx_word' id='word_1_673' title='bbox 1878 2427 1955 2449; x_wconf 87' lang='grc' dir='ltr'>τινα</span> <span class='ocrx_word' id='word_1_674' title='bbox 1977 2411 2036 2448; x_wconf 82' lang='grc' dir='ltr'><strong>καὶ</strong></span> <span class='ocrx_word' id='word_1_675' title='bbox 2065 2411 2191 2454; x_wconf 82' lang='grc' dir='ltr'>παντὸς</span> <span class='ocrx_word' id='word_1_676' title='bbox 2221 2410 2388 2463; x_wconf 73' lang='grc' dir='ltr'>ἐμφυλίου</span> 
     </span>
     <span class='ocr_line' id='line_1_89' title="bbox 1366 2471 2389 2524; baseline 0 -14"><span class='ocrx_word' id='word_1_677' title='bbox 1366 2471 1520 2523; x_wconf 77' lang='grc' dir='ltr'>πολέμου</span> <span class='ocrx_word' id='word_1_678' title='bbox 1547 2471 1845 2524; x_wconf 81' lang='grc' dir='ltr'>παρανομωτέραν</span> <span class='ocrx_word' id='word_1_679' title='bbox 1868 2471 2063 2523; x_wconf 74' lang='grc' dir='ltr'>εἰσάγοντες</span> <span class='ocrx_word' id='word_1_680' title='bbox 2085 2472 2203 2523; x_wconf 72' lang='grc' dir='ltr'>μάχην</span> <span class='ocrx_word' id='word_1_681' title='bbox 2235 2472 2294 2510; x_wconf 77' lang='grc' dir='ltr'><strong>καὶ</strong></span> <span class='ocrx_word' id='word_1_682' title='bbox 2323 2488 2389 2510; x_wconf 86' lang='grc' dir='ltr'><strong>πο-</strong></span> 
     </span>
     <span class='ocr_line' id='line_1_90' title="bbox 1366 2531 2389 2586; baseline -0.003 -14"><span class='ocrx_word' id='word_1_683' title='bbox 1366 2535 1516 2586; x_wconf 72' lang='grc' dir='ltr'>λυσχιδῆ</span> <span class='ocrx_word' id='word_1_684' title='bbox 1535 2533 1595 2571; x_wconf 71' lang='grc' dir='ltr'><strong>καὶ</strong></span> <span class='ocrx_word' id='word_1_685' title='bbox 1615 2531 1789 2578; x_wconf 81' lang='grc' dir='ltr'>ποικίλην.</span> <span class='ocrx_word' id='word_1_686' title='bbox 1811 2532 1881 2570; x_wconf 82' lang='grc' dir='ltr'><strong>Καὶ</strong></span> <span class='ocrx_word' id='word_1_687' title='bbox 1905 2532 1970 2584; x_wconf 83' lang='grc' dir='ltr'><strong>γὰρ</strong></span> <span class='ocrx_word' id='word_1_688' title='bbox 1991 2535 2038 2576; x_wconf 89' lang='grc' dir='ltr'><strong>εἷς</strong></span> <span class='ocrx_word' id='word_1_689' title='bbox 2057 2533 2209 2583; x_wconf 82' lang='grc' dir='ltr'>τέσσαρα</span> <span class='ocrx_word' id='word_1_690' title='bbox 2230 2531 2245 2551; x_wconf 84' lang='lat'><strong>‘¹</strong></span> <span class='ocrx_word' id='word_1_691' title='bbox 2258 2532 2389 2579; x_wconf 84' lang='grc' dir='ltr'>ταύτην</span> 
     </span>
     <span class='ocr_line' id='line_1_91' title="bbox 1368 2592 2390 2645; baseline -0.003 -11"><span class='ocrx_word' id='word_1_692' title='bbox 1368 2597 1492 2634; x_wconf 82' lang='grc' dir='ltr'>διεῖλον</span> <span class='ocrx_word' id='word_1_693' title='bbox 1515 2594 1588 2640; x_wconf 75' lang='grc' dir='ltr'>ειδη</span> <span class='ocrx_word' id='word_1_694' title='bbox 1609 2593 1690 2631; x_wconf 88' lang='grc' dir='ltr'>κενα</span> <span class='ocrx_word' id='word_1_695' title='bbox 1710 2593 1768 2631; x_wconf 85' lang='grc' dir='ltr'><strong>καὶ</strong></span> <span class='ocrx_word' id='word_1_696' title='bbox 1790 2594 2059 2644; x_wconf 83' lang='grc' dir='ltr'>παράνομα·οὐ</span> <span class='ocrx_word' id='word_1_697' title='bbox 2079 2592 2147 2645; x_wconf 79' lang='grc' dir='ltr'><strong>γὰρ</strong></span> <span class='ocrx_word' id='word_1_698' title='bbox 2172 2594 2312 2636; x_wconf 82' lang='grc' dir='ltr'>διπλοῦς</span> <span class='ocrx_word' id='word_1_699' title='bbox 2331 2592 2390 2631; x_wconf 87' lang='grc' dir='ltr'><strong>καὶ</strong></span> 
     </span>
     <span class='ocr_line' id='line_1_92' title="bbox 1368 2648 2388 2708; baseline -0.002 -15"><span class='ocrx_word' id='word_1_700' title='bbox 1368 2658 1550 2708; x_wconf 86' lang='grc' dir='ltr'>τριπλοῦς,</span> <span class='ocrx_word' id='word_1_701' title='bbox 1572 2653 1662 2693; x_wconf 80' lang='grc' dir='ltr'>ἄλλα</span> <span class='ocrx_word' id='word_1_702' title='bbox 1689 2669 1748 2691; x_wconf 88' lang='grc' dir='ltr'><strong>και</strong></span> <span class='ocrx_word' id='word_1_703' title='bbox 1767 2655 1982 2705; x_wconf 81' lang='grc' dir='ltr'>τετραπλοῦς</span> <span class='ocrx_word' id='word_1_704' title='bbox 2001 2648 2098 2697; x_wconf 82' lang='grc' dir='ltr'>οῦτος</span> <span class='ocrx_word' id='word_1_705' title='bbox 2116 2657 2133 2691; x_wconf 86' lang='grc' dir='ltr'><strong><em>ὃ</em></strong></span> <span class='ocrx_word' id='word_1_706' title='bbox 2153 2654 2304 2703; x_wconf 86' lang='grc' dir='ltr'>πόλεμος</span> <span class='ocrx_word' id='word_1_707' title='bbox 2331 2658 2388 2700; x_wconf 84' lang='grc' dir='ltr'>ἠν.</span> 
     </span>
     <span class='ocr_line' id='line_1_93' title="bbox 1369 2714 2391 2766; baseline -0.001 -12.999"><span class='ocrx_word' id='word_1_708' title='bbox 1369 2717 1542 2755; x_wconf 82' lang='grc' dir='ltr'>Σκόπει</span> <span class='ocrx_word' id='word_1_709' title='bbox 1524 2716 1583 2754; x_wconf 76' lang='grc' dir='ltr'><strong>ὁέ·</strong></span> <span class='ocrx_word' id='word_1_710' title='bbox 1605 2716 1674 2753; x_wconf 77' lang='grc' dir='ltr'>ἔδει</span> <span class='ocrx_word' id='word_1_711' title='bbox 1692 2731 1770 2758; x_wconf 87' lang='grc' dir='ltr'>τους</span> <span class='ocrx_word' id='word_1_712' title='bbox 1790 2715 1849 2754; x_wconf 81' lang='grc' dir='ltr'><strong>ούο</strong></span> <span class='ocrx_word' id='word_1_713' title='bbox 1867 2714 1928 2753; x_wconf 78' lang='grc' dir='ltr'><strong>ἕνα</strong></span> <span class='ocrx_word' id='word_1_714' title='bbox 1957 2719 2064 2762; x_wconf 84' lang='grc' dir='ltr'>εἶναι,</span> <span class='ocrx_word' id='word_1_715' title='bbox 2085 2721 2230 2766; x_wconf 89' lang='grc' dir='ltr'>γυναῖκα</span> <span class='ocrx_word' id='word_1_716' title='bbox 2250 2731 2308 2752; x_wconf 89' lang='grc' dir='ltr'><strong>και</strong></span> <span class='ocrx_word' id='word_1_717' title='bbox 2328 2715 2391 2753; x_wconf 81' lang='grc' dir='ltr'>ἅν-</span> 
     </span>
     <span class='ocr_line' id='line_1_94' title="bbox 1369 2775 2391 2831; baseline -0.002 -15"><span class='ocrx_word' id='word_1_718' title='bbox 1369 2779 1433 2831; x_wconf 84' lang='grc' dir='ltr'><strong>δρα</strong></span> <span class='ocrx_word' id='word_1_719' title='bbox 1465 2776 1576 2826; x_wconf 57' lang='grc' dir='ltr'>λέγων</span> <span class='ocrx_word' id='word_1_720' title='bbox 1595 2775 1763 2814; x_wconf 83' lang='grc' dir='ltr'>Ἔσονται</span> <span class='ocrx_word' id='word_1_721' title='bbox 1790 2791 1879 2827; x_wconf 89' lang='grc' dir='ltr'>γαρ,</span> <span class='ocrx_word' id='word_1_722' title='bbox 1900 2775 2025 2827; x_wconf 72' lang='grc' dir='ltr'>φησὶν,</span> <span class='ocrx_word' id='word_1_723' title='bbox 2056 2779 2087 2814; x_wconf 82' lang='grc' dir='ltr'><strong>οἱ</strong></span> <span class='ocrx_word' id='word_1_724' title='bbox 2119 2775 2178 2813; x_wconf 82' lang='grc' dir='ltr'><strong>δύο</strong></span> <span class='ocrx_word' id='word_1_725' title='bbox 2199 2777 2248 2818; x_wconf 89' lang='grc' dir='ltr'><strong>εἷς</strong></span> <span class='ocrx_word' id='word_1_726' title='bbox 2277 2775 2391 2828; x_wconf 87' lang='grc' dir='ltr'>σάρκα</span> 
     </span>
     <span class='ocr_line' id='line_1_95' title="bbox 1370 2836 1681 2889; baseline -0.003 -14"><span class='ocrx_word' id='word_1_727' title='bbox 1370 2838 1464 2889; x_wconf 85' lang='grc' dir='ltr'>μίαν.</span> <span class='ocrx_word' id='word_1_728' title='bbox 1484 2836 1620 2875; x_wconf 85' lang='grc' dir='ltr'>Ἐποίει</span> <span class='ocrx_word' id='word_1_729' title='bbox 1645 2836 1681 2874; x_wconf 77' lang='grc' dir='ltr'><strong>δὲ</strong></span> 
     </span>
     <span class='ocr_line' id='line_1_96' title="bbox 1369 2895 2391 2947; baseline -0.003 -10"><span class='ocrx_word' id='word_1_730' title='bbox 1369 2901 1520 2944; x_wconf 70' lang='grc' dir='ltr'>συνῆπτε</span> <span class='ocrx_word' id='word_1_731' title='bbox 1549 2896 1592 2934; x_wconf 79' lang='grc' dir='ltr'><strong>τὰ</strong></span> <span class='ocrx_word' id='word_1_732' title='bbox 1621 2898 1702 2947; x_wconf 79' lang='grc' dir='ltr'>γένη</span> <span class='ocrx_word' id='word_1_733' title='bbox 1736 2897 1821 2947; x_wconf 77' lang='grc' dir='ltr'>πρὸς</span> <span class='ocrx_word' id='word_1_734' title='bbox 1853 2896 2000 2942; x_wconf 87' lang='grc' dir='ltr'>ἄλληλα.</span> <span class='ocrx_word' id='word_1_735' title='bbox 2029 2895 2172 2942; x_wconf 81' lang='grc' dir='ltr'>Ταύτην</span> <span class='ocrx_word' id='word_1_736' title='bbox 2209 2895 2340 2934; x_wconf 79' lang='grc' dir='ltr'>ἀνελὼν</span> <span class='ocrx_word' id='word_1_737' title='bbox 2373 2900 2391 2934; x_wconf 85' lang='grc' dir='ltr'><strong><em>ὃ</em></strong></span> 
     </span>
     <span class='ocr_line' id='line_1_97' title="bbox 1370 2956 2391 3008; baseline -0.003 -11"><span class='ocrx_word' id='word_1_738' title='bbox 1370 2959 1526 3001; x_wconf 74' lang='grc' dir='ltr'>διάὸολος</span> <span class='ocrx_word' id='word_1_739' title='bbox 1547 2957 1609 3004; x_wconf 81' lang='grc' dir='ltr'><strong>τὴν</strong></span> <span class='ocrx_word' id='word_1_740' title='bbox 1630 2957 1828 3006; x_wconf 82' lang='grc' dir='ltr'>ἐπιθυμίαν,</span> <span class='ocrx_word' id='word_1_741' title='bbox 1848 2956 1908 2994; x_wconf 83' lang='grc' dir='ltr'><strong>καὶ</strong></span> <span class='ocrx_word' id='word_1_742' title='bbox 1931 2959 1982 3007; x_wconf 71' lang='grc' dir='ltr'><strong>ἐφ’</strong></span> <span class='ocrx_word' id='word_1_743' title='bbox 2005 2956 2118 3008; x_wconf 81' lang='grc' dir='ltr'>ἕτερον</span> <span class='ocrx_word' id='word_1_744' title='bbox 2140 2956 2391 3008; x_wconf 65' lang='grc' dir='ltr'>μετοχετεύει-ας</span> 
     </span>
    </p>
   </div>
   <div class='ocr_carea' id='block_1_9' title="bbox 1700 2834 2391 2886">
    <p class='ocr_par' dir='ltr' id='par_1_12' title="bbox 1700 2834 2391 2886">
     <span class='ocr_line' id='line_1_98' title="bbox 1700 2834 2391 2886; baseline 0.001 -13"><span class='ocrx_word' id='word_1_745' title='bbox 1700 2840 1800 2874; x_wconf 84' lang='grc' dir='ltr'>τοῦτο</span> <span class='ocrx_word' id='word_1_746' title='bbox 1821 2839 1842 2882; x_wconf 83' lang='grc' dir='ltr'>ἡ</span> <span class='ocrx_word' id='word_1_747' title='bbox 1871 2840 1933 2882; x_wconf 68' lang='grc' dir='ltr'><strong>τῆς</strong></span> <span class='ocrx_word' id='word_1_748' title='bbox 1963 2836 2100 2886; x_wconf 83' lang='grc' dir='ltr'>ὁμιλίας</span> <span class='ocrx_word' id='word_1_749' title='bbox 2127 2834 2313 2885; x_wconf 80' lang='grc' dir='ltr'>ἐπιθυμία,</span> <span class='ocrx_word' id='word_1_750' title='bbox 2332 2837 2391 2874; x_wconf 85' lang='grc' dir='ltr'><strong>καὶ</strong></span> 
     </span>
    </p>
   </div>
   <div class='ocr_carea' id='block_1_10' title="bbox 1369 3016 2392 3191">
    <p class='ocr_par' dir='ltr' id='par_1_13' title="bbox 1369 3016 2392 3191">
     <span class='ocr_line' id='line_1_99' title="bbox 1369 3016 2392 3073; baseline -0.002 -16"><span class='ocrx_word' id='word_1_751' title='bbox 1369 3019 1508 3073; x_wconf 88' lang='grc' dir='ltr'>τρόπον,</span> <span class='ocrx_word' id='word_1_752' title='bbox 1529 3018 1718 3070; x_wconf 31' lang='grc' dir='ltr'>ἀπέσχιισεν</span> <span class='ocrx_word' id='word_1_753' title='bbox 1745 3016 1852 3060; x_wconf 74' lang='grc' dir='ltr'>οὕτως</span> <span class='ocrx_word' id='word_1_754' title='bbox 1871 3019 1931 3055; x_wconf 86' lang='grc' dir='ltr'><strong>ἀπ’</strong></span> <span class='ocrx_word' id='word_1_755' title='bbox 1953 3016 2112 3063; x_wconf 80' lang='grc' dir='ltr'>ἀλλήλων</span> <span class='ocrx_word' id='word_1_756' title='bbox 2138 3017 2182 3055; x_wconf 84' lang='grc' dir='ltr'><strong>τὰ</strong></span> <span class='ocrx_word' id='word_1_757' title='bbox 2201 3017 2281 3068; x_wconf 83' lang='grc' dir='ltr'>γένη</span> <span class='ocrx_word' id='word_1_758' title='bbox 2294 3048 2304 3065; x_wconf 93' lang='grc'>,</span> <span class='ocrx_word' id='word_1_759' title='bbox 2332 3018 2392 3055; x_wconf 81' lang='grc' dir='ltr'><strong>καὶ</strong></span> 
     </span>
     <span class='ocr_line' id='line_1_100' title="bbox 1370 3077 2390 3129; baseline -0.004 -10"><span class='ocrx_word' id='word_1_760' title='bbox 1370 3080 1512 3127; x_wconf 77' lang='grc' dir='ltr'>ἐποίησε</span> <span class='ocrx_word' id='word_1_761' title='bbox 1532 3078 1570 3116; x_wconf 76' lang='grc' dir='ltr'><strong>τὸ</strong></span> <span class='ocrx_word' id='word_1_762' title='bbox 1591 3078 1625 3116; x_wconf 84' lang='grc' dir='ltr'>ἓν</span> <span class='ocrx_word' id='word_1_763' title='bbox 1646 3077 1704 3116; x_wconf 82' lang='grc' dir='ltr'>δύο</span> <span class='ocrx_word' id='word_1_764' title='bbox 1732 3077 1890 3128; x_wconf 81' lang='grc' dir='ltr'>γενέσθαι</span> <span class='ocrx_word' id='word_1_765' title='bbox 1914 3078 2014 3129; x_wconf 80' lang='grc' dir='ltr'>μέρη,</span> <span class='ocrx_word' id='word_1_766' title='bbox 2036 3077 2244 3120; x_wconf 77' lang='grc' dir='ltr'>ἀπεναντίας</span> <span class='ocrx_word' id='word_1_767' title='bbox 2263 3081 2312 3129; x_wconf 81' lang='grc' dir='ltr'><strong>τῷ</strong></span> <span class='ocrx_word' id='word_1_768' title='bbox 2332 3082 2390 3115; x_wconf 88' lang='grc' dir='ltr'><strong>τοῦ</strong></span> 
     </span>
     <span class='ocr_line' id='line_1_101' title="bbox 1370 3137 2391 3191; baseline -0.005 -10"><span class='ocrx_word' id='word_1_769' title='bbox 1370 3145 1462 3181; x_wconf 82' lang='grc' dir='ltr'>Θεοῦ</span> <span class='ocrx_word' id='word_1_770' title='bbox 1491 3139 1586 3191; x_wconf 82' lang='grc' dir='ltr'>νόμῳ</span> <span class='ocrx_word' id='word_1_771' title='bbox 1606 3155 1612 3161; x_wconf 91' lang='grc'><em>·</em></span> <span class='ocrx_word' id='word_1_772' title='bbox 1633 3142 1650 3176; x_wconf 80' lang='grc' dir='ltr'><em>ὃ</em></span> <span class='ocrx_word' id='word_1_773' title='bbox 1683 3138 1743 3189; x_wconf 74' lang='grc' dir='ltr'><strong>μὲν</strong></span> <span class='ocrx_word' id='word_1_774' title='bbox 1774 3137 1841 3189; x_wconf 76' lang='grc' dir='ltr'><strong>γάρ</strong></span> <span class='ocrx_word' id='word_1_775' title='bbox 1861 3153 1985 3189; x_wconf 71' lang='grc' dir='ltr'>φησιν,</span> <span class='ocrx_word' id='word_1_776' title='bbox 2007 3138 2174 3177; x_wconf 78' lang='grc' dir='ltr'>ἼΞσονται</span> <span class='ocrx_word' id='word_1_777' title='bbox 2205 3140 2235 3176; x_wconf 84' lang='grc' dir='ltr'><strong>οἱ</strong></span> <span class='ocrx_word' id='word_1_778' title='bbox 2255 3137 2314 3176; x_wconf 79' lang='grc' dir='ltr'><strong>δύο</strong></span> <span class='ocrx_word' id='word_1_779' title='bbox 2345 3140 2391 3181; x_wconf 86' lang='grc' dir='ltr'><strong>εἷς</strong></span> 
     </span>
    </p>
   </div>
   <div class='ocr_carea' id='block_1_11' title="bbox 1389 3269 2390 3365">
    <p class='ocr_par' dir='ltr' id='par_1_14' title="bbox 1389 3269 2390 3365">
     <span class='ocr_line' id='line_1_102' title="bbox 1431 3269 2390 3316; baseline -0.001 -14"><span class='ocrx_word' id='word_1_780' title='bbox 1431 3285 1441 3298; x_wconf 85' lang='lat' dir='ltr'><strong>c</strong></span> <span class='ocrx_word' id='word_1_781' title='bbox 1468 3274 1559 3305; x_wconf 81' lang='lat' dir='ltr'><strong>Unus</strong></span> <span class='ocrx_word' id='word_1_782' title='bbox 1586 3277 1602 3309; x_wconf 69' lang='lat' dir='ltr'><strong>r)</strong></span> <span class='ocrx_word' id='word_1_783' title='bbox 1628 3274 1881 3316; x_wconf 49' lang='grc' dir='ltr'>παραληφθέντες.</span> <span class='ocrx_word' id='word_1_784' title='bbox 1902 3270 1982 3310; x_wconf 77' lang='lat' dir='ltr'><strong>[Sic</strong></span> <span class='ocrx_word' id='word_1_785' title='bbox 2013 3272 2048 3302; x_wconf 79' lang='lat' dir='ltr'><strong>A.</strong></span> <span class='ocrx_word' id='word_1_786' title='bbox 2080 3279 2111 3302; x_wconf 75' lang='lat' dir='ltr'><strong>et</strong></span> <span class='ocrx_word' id='word_1_787' title='bbox 2143 3282 2246 3314; x_wconf 77' lang='lat' dir='ltr'><strong>marg.</strong></span> <span class='ocrx_word' id='word_1_788' title='bbox 2275 3269 2390 3311; x_wconf 57' lang='lat' dir='ltr'><strong>Savil„</strong></span> 
     </span>
     <span class='ocr_line' id='line_1_103' title="bbox 1389 3326 1512 3365; baseline -0.008 -9"><span class='ocrx_word' id='word_1_789' title='bbox 1389 3333 1486 3356; x_wconf 79' lang='lat' dir='ltr'><strong>recte.</strong></span> <span class='ocrx_word' id='word_1_790' title='bbox 1502 3326 1512 3365; x_wconf 85' lang='lat'>]</span> 
     </span>
    </p>
   </div>
   <div class='ocr_carea' id='block_1_12' title="bbox 1430 3373 2104 3417">
    <p class='ocr_par' dir='ltr' id='par_1_15' title="bbox 1430 3373 2104 3417">
     <span class='ocr_line' id='line_1_104' title="bbox 1430 3373 2104 3417; baseline -0.003 -11"><span class='ocrx_word' id='word_1_791' title='bbox 1430 3378 1441 3396; x_wconf 64' lang='lat'><strong>‘¹</strong></span> <span class='ocrx_word' id='word_1_792' title='bbox 1468 3373 1887 3417; x_wconf 58' lang='lat' dir='ltr'><strong>[A.2374-2‚0¹.p:111102111tc</strong></span> <span class='ocrx_word' id='word_1_793' title='bbox 1905 3375 2104 3417; x_wconf 48' lang='lat' dir='ltr'><strong>misqurss]</strong></span> 
     </span>
    </p>
   </div>
  </div>
 </body>
</html>
