2466 3805
102 706 174 733 Gal.
192 705 277 743 6.l7.

97 1616 145 1644 Ira
161 1625 282 1653 quomo·

97 1658 134 1685 do
147 1658 283 1686 sedanda.

296 300 382 356 144
744 309 782 339 s.

287 392 573 441 tribulationem,
594 404 634 428 eo
650 389 818 440 majorem
835 385 934 422 dicas
951 383 1185 434 voluptatem.
1202 381 1272 433 Dic

289 455 383 493 enim
401 453 510 502 mihi,
533 451 632 489 miles
651 449 711 499 qui
731 447 829 484 mille
846 445 994 483 vulnera
1013 442 1163 494 accepit,
1184 455 1272 480 non-

291 529 334 552 ne
349 513 478 551 redibit
506 525 584 548 cum
613 521 739 558 magna
758 505 960 557 voluptate,
978 503 1056 555 ipsa
1075 502 1222 541 vulnera
1236 502 1273 539 in

291 581 538 625 argumentum
564 569 698 606 babens
726 565 906 615 audaciae,
927 562 1132 616 splendoris*
1153 571 1187 600 et
1205 562 1273 599 cla·

292 633 432 671 ritatis?
450 632 497 669 Et
515 640 554 668 tu
574 630 602 667 si
620 642 739 681 posses
755 639 939 678 erumpere
955 625 991 662 in
1010 624 1110 662 illam
1125 637 1273 674 vocem,

293 708 397 745 quam
430 691 579 745 protulit
612 689 744 727 Paulus
759 719 768 737 ,
799 689 989 740 Stigmata
1021 687 1116 723 Jeszt
1145 694 1276 737 port0,

290 768 408 808 posses
428 763 519 791 certe
537 765 687 803 magnus
702 781 714 801 ,
735 751 853 788 clarus
872 758 906 786 et
922 747 1072 785 illustris
1096 761 1183 784 esse.
1207 745 1279 785 Sed

291 831 360 854 non
391 825 443 853 est
468 812 722 868 persequutio?
745 813 809 851 Sta
838 819 958 848 contra
989 808 1162 861 gloriam3
1185 816 1220 845 et
1249 806 1278 845 si

293 878 373 929 quis
400 875 619 915 contrarium
647 872 830 925 quidpiam
863 869 1019 920 dixerit,
1044 883 1087 907 ne
1120 867 1279 906 timueris

294 940 386 978 male
404 939 528 977 audire
558 944 705 989 propter
727 933 908 972 Christum
926 947 933 968 ε
955 940 1007 969 sta
1033 940 1151 969 contra
1170 930 1280 967 fastus

294 999 542 1054 tyrannidem,
567 1007 620 1035 sta
645 1005 766 1034 contra
794 994 854 1031 irae
882 1006 1060 1045 pugnam,
1082 1000 1137 1029 sta
1160 999 1280 1028 contra

294 1058 586 1113 concupiscentiae
600 1065 827 1095 tormentum.
848 1053 896 1091 Et
911 1053 986 1090 haec
1005 1052 1185 1103 stigmata,
1205 1050 1282 1087 haec

293 1130 468 1160 tormenta
489 1128 583 1157 sunt.
610 1118 680 1155 Dic
709 1116 804 1155 enim
824 1113 936 1163 mihi,
961 1112 1048 1164 quid
1083 1111 1226 1163 gravius
1245 1110 1281 1147 in

294 1183 480 1222 tormentis
504 1180 585 1219 est?
607 1192 723 1217 annon
749 1175 845 1227 quod
867 1174 984 1212 anima
1006 1173 1124 1211 doleat
1149 1180 1183 1209 et
1200 1185 1282 1208 ura-

818 305 1000 338 JOANMS
1034 302 1275 333 CHRYSOST.
1314 300 1524 330 ARCIIIEP.
1563 300 1909 330 CONSTANTINOP.

1339 383 1361 443 (Ξ
1377 379 1485 432 μυρία
1512 379 1695 431 τραύματα
1725 379 1842 418 λαέὼν
1862 380 2078 432 στρατιώτης
2095 380 2178 417 ὃκαὶ
2198 380 2360 424 ἐπανιὼν,

1340 441 1395 491 ἀρ’
1412 439 1488 491 οὐχὶ
1506 438 1593 489 μετὰ
1610 441 1741 485 πολλῆς
1756 440 1917 486 ἐπανήξει
1930 442 1991 485 τῆς
2004 441 2129 486 ἡδονῆς
2140 469 2150 486 ,
2167 439 2363 491 παρρησίας

1341 501 1502 539 ὑπόθεσιν
1534 500 1623 552 ἔχων
1653 500 1698 539 τὰ
1721 499 1929 551 τραύματα,
1958 500 2202 553 λαμπρότητός
2229 517 2265 539 τε
2305 501 2365 538 καὶ

1343 561 1616 612 εὐδοκιμήσεως;
1645 560 1714 598 Καὶ
1744 559 1784 598 σὺ
1818 559 1856 598 ἂν
1890 562 2034 612 δυνηθῇς
2059 561 2234 612 ῥῆξαιτὴν
2250 561 2364 613 φωνὴν

1297 630 1321 660 Β
1343 621 1490 667 ἐκείνην,
1509 622 1551 668 ἣν
1578 622 1742 667 Παῦλος,
1778 620 1832 659 ὅτι
1863 620 1920 658 Τὰ
1953 619 2129 671 στίγματα
2162 627 2222 660 τοῦ
2247 623 2365 669 Ἰησοῦ

1346 681 1528 732 βαστάζω,
1549 680 1678 732 δυνήσῃ
1715 680 1822 732 μέγας
1850 680 2008 732 γενέσθαι
2035 680 2094 718 καὶ
2120 683 2278 734 λαμπρὸς
2307 683 2365 720 καὶ

1345 742 1537 792 εὐδόκιμος.
1558 741 1648 780 Ἀλλ’
1662 742 1724 779 οὐκ
1740 741 1813 779 ἔστι
1833 741 1999 792 διωγμός,
2020 742 2131 786 Στῆθι
2147 742 2232 792 πρὸς
2247 736 2364 787 δόξαν·

1345 803 1408 842 κᾶν
1426 804 1506 856 εἴπῃ
1522 820 1574 847 τις
1591 802 1742 842 ἐναντίον
1768 819 1824 850 τι,
1846 803 1893 854 μὴ
1916 803 2070 855 φοὸηθῇς
2091 805 2236 841 ἀκοῦσαι
2251 807 2367 848 κακῶς

1345 864 1403 903 διὰ
1416 864 1566 917 Χριστόν
1580 880 1587 888 ·
1605 867 1706 911 στῆθι
1722 864 1806 916 πρὸς
1819 863 1922 916 τύφου
1938 862 2122 915 τυραννίδα
2134 894 2143 911 ,
2163 868 2263 911 στῆθι
2281 866 2366 917 πρὸς

1346 929 1454 976 θυμοῦ
1487 925 1630 978 μάχην,
1655 927 1755 971 στῆθι
1782 925 1868 977 πρὸς
1891 923 2075 975 ἐπιθυμίας
2104 925 2265 976 βάσανον.
2297 929 2368 965 Καὶ

1347 992 1457 1026 ταῦτα
1476 986 1654 1038 στίγματά
1668 988 1741 1025 ἔστι
1754 1016 1763 1033 ,
1783 986 1843 1024 καὶ
1866 980 1968 1023 αῧται
1987 986 2146 1036 βάσανοι.
2168 985 2283 1025 ιἘἰπὲ
2301 989 2367 1040 γάρ

1348 1064 1427 1098 μοι,
1453 1048 1488 1086 τί
1510 1048 1549 1086 τὸ
1577 1047 1768 1085 δεινότατον
1797 1049 1865 1084 τῶν
1894 1047 2074 1097 βασάνων;
2102 1042 2157 1097 ἆρ’
2179 1049 2241 1099 οὐχ
2273 1048 2326 1086 ὅτι
2345 1053 2366 1095 ἠ

1348 1108 1443 1161 ψυχὴ
1461 1111 1558 1160 ἀλγεῖ
1577 1108 1636 1146 καὶ
1652 1108 1809 1154 καίεται,
1827 1106 1925 1145 Ἐκεῖ
1945 1107 2008 1158 μὲν
2027 1107 2094 1160 γὰρ
2115 1108 2180 1146 κᾶν
2207 1093 2247 1147 το
2267 1111 2370 1159 σῶμα

1350 1170 1544 1222 μερίζεται·
1567 1171 1714 1207 ἐνταῦθα
1737 1169 1773 1206 δὲ
1791 1169 1830 1207 τὸ
1845 1176 1912 1207 πᾶν
1931 1171 2036 1214 αὐτῆς
2051 1170 2137 1207 ἐστι.
2155 1169 2244 1222 Περὶ
2265 1169 2369 1216 αὐτὴν

299 1243 476 1283 tur?Illic
491 1242 586 1280 enim
601 1253 728 1291 corpus
742 1235 940 1284 dividitur3
956 1234 1016 1272 hic
1030 1242 1148 1271 autem
1166 1241 1282 1270 totum
1303 1238 1327 1268 C
1349 1234 1370 1278 ἡ
1394 1231 1497 1276 ὀδύνη
1511 1261 1520 1278 ,
1549 1230 1630 1269 ὅταν
1660 1230 1858 1281 ὄργίζηται,
1887 1229 1968 1267 ὅταν
1993 1230 2183 1280 βασκαίνη,
2223 1230 2303 1269 ὅταν
2337 1247 2371 1269 τι

296 1306 394 1343 illius
412 1313 477 1342 est.
500 1303 602 1340 Circa
620 1301 720 1339 illam
741 1298 843 1336 dolor
862 1305 914 1334 est
929 1295 1069 1346 quando
1087 1293 1253 1331 irascitur
1267 1322 1279 1339 ‚

297 1365 442 1417 quando
471 1362 624 1410 invidet,
647 1359 790 1411 quando
818 1357 906 1408 quid
939 1355 1054 1394 simile
1076 1353 1180 1402 facit,
1210 1352 1282 1389 imo

295 1441 380 1466 vero
407 1425 548 1477 quando
575 1422 723 1475 patitur.
754 1420 830 1458 Hoc
853 1417 947 1456 enim
979 1429 1048 1454 non
1077 1423 1127 1452 est
1143 1414 1256 1450 facere
1272 1442 1282 1460 ,

298 1488 359 1526 sed
376 1488 469 1540 pati,
489 1499 614 1537 nempe
638 1481 742 1521 irasci
767 1490 801 1519 et
824 1480 984 1518 invidere
1002 1494 1009 1514 ι
1041 1477 1189 1527 ideoque
1206 1475 1284 1512 haec

296 1558 471 1588 vocantur
502 1549 627 1585 animae
658 1543 796 1591 morbi,
827 1541 999 1587 vulnera,
1031 1539 1159 1591 plagae.
1189 1539 1283 1576 Vere

297 1623 449 1661 namque
475 1609 620 1646 morbus
648 1614 700 1643 est
729 1613 763 1642 et
791 1603 914 1641 morbo
945 1601 1100 1652 gravius.
1123 1598 1284 1649 Cogitate

298 1670 483 1717 iracundi,
503 1668 601 1720 quod
627 1681 708 1705 cum
726 1664 850 1704 morbo
870 1663 907 1700 id
933 1661 1081 1700 faciatis.
1104 1660 1200 1710 Ergo
1223 1658 1283 1709 qui

299 1747 369 1771 non
384 1732 566 1780 irascitur,
590 1743 653 1767 nec
677 1727 826 1780 patitur.
847 1723 978 1764 Viden'
998 1736 1096 1769 eum,
1117 1721 1175 1758 cui
1201 1734 1283 1758 con-

299 1793 446 1831 tumelia
467 1792 634 1837 infertur,
656 1802 724 1825 non
740 1786 833 1838 pati,
850 1783 911 1822 sed
929 1797 1011 1821 eum
1025 1782 1087 1833 qui
1106 1790 1284 1819 contume-

300 1854 387 1892 liam
400 1854 504 1891 infert
515 1883 526 1902 ,
550 1860 589 1888 ut
604 1851 680 1902 jam
695 1840 772 1886 'dixi
791 1844 980 1898 superius?
994 1845 1088 1881 Nam
1103 1841 1199 1892 quod
1214 1855 1283 1893 pa-

301 1916 430 1963 tiatur,
450 1915 509 1952 x-el
527 1914 610 1950 hinc
628 1911 747 1964 palam
762 1917 828 1956 est,
847 1905 944 1957 quod
961 1905 1028 1942 hoc
1051 1903 1167 1956 passio
1181 1916 1286 1940 voce-

300 1986 360 2015 tur
371 1992 382 2025 3
400 1977 516 2029 palam
532 1975 618 2012 item
638 1982 689 2010 est
707 1985 751 2009 ex
772 1982 940 2021 corpore:
965 1967 1020 2004 hae
1040 1979 1193 2015 namque
1208 1979 1287 2017 pas-

300 2038 414 2075 siones
434 2037 480 2074 ab
504 2036 554 2073 ira
580 2041 796 2081 nascuntur,
815 2029 939 2067 obtusa
966 2027 1150 2065 oculorum
1175 2026 1287 2074 acies,

302 2107 450 2150 stupor,
478 2106 511 2135 et
529 2096 713 2134 innumera
740 2092 822 2129 alia.
842 2089 913 2128 Sed
934 2089 1052 2126 filium
1077 2087 1288 2125 contumelia

302 2159 441 2206 affecit,
460 2158 619 2208 inquies;
648 2154 710 2192 sed
733 2151 919 2190 famulum.
939 2150 993 2187 Ne
1014 2157 1114 2201 putes
1132 2147 1288 2185 infirmi-

303 2228 412 2257 tatem
439 2234 530 2267 esse,
562 2217 660 2268 quod
688 2215 723 2252 id
745 2214 820 2265 ipse
848 2225 918 2249 non
944 2210 1064 2248 facias.
1095 2209 1164 2246 Dic
1194 2208 1289 2246 enim

304 2280 393 2317 mihi
409 2310 420 2330 ,
442 2294 487 2317 an
505 2278 728 2316 benefactum
752 2273 830 2311 est?
850 2273 929 2310 Non
948 2279 1034 2322 puto
1060 2268 1099 2306 id
1117 2278 1150 2305 te
1171 2268 1289 2305 dictu-

305 2356 410 2380 rum:
430 2355 513 2392 ergo
538 2354 582 2378 ne
610 2338 717 2376 facias
747 2333 842 2386 quod
865 2347 934 2371 non
961 2340 1011 2369 est
1028 2331 1117 2368 bene
1142 2331 1287 2368 factum.

305 2403 388 2442 Scio
409 2402 531 2452 quales
559 2400 596 2438 in
617 2398 748 2436 talibus
778 2395 839 2432 irae
860 2401 1062 2431 nascantur.
1088 2390 1186 2437 Quid
1206 2404 1289 2441 ergo

305 2464 336 2502 si
355 2471 574 2510 contemnat,
595 2459 732 2510 inquies
744 2457 762 2494 Ρ
782 2456 811 2494 si
835 2467 979 2492 rursum
997 2452 1122 2489 dicat?
1142 2454 1261 2501 Argue
1278 2466 1286 2487 ε

307 2524 469 2576 increpa,
500 2523 643 2560 obsecra
673 2535 681 2556 :
713 2514 986 2555 mansuetudine
1022 2513 1076 2550 ira
1109 2512 1262 2551 solvitur
1280 2527 1288 2547 ι

305 2585 473 2622 accedens
494 2597 613 2634 argue.
633 2581 674 2618 In
694 2580 737 2616 iis
760 2586 867 2626 certe,
887 2590 965 2626 quae
987 2588 1050 2612 nos
1072 2572 1267 2625 respiciunt
1283 2601 1293 2620 ,

307 2646 375 2683 hoc
409 2643 611 2682 faciendum
638 2654 707 2678 non
740 2647 815 2688 est,
837 2637 875 2674 in
908 2636 951 2673 iis
981 2648 1082 2685 vero,
1103 2647 1180 2684 quae
1201 2633 1290 2670 alios

306 2716 485 2759 spectant,
507 2705 547 2743 id
565 2716 703 2742 necesse
719 2710 769 2739 est
787 2712 902 2751 agere.
925 2698 980 2735 Ne
1001 2695 1184 2749 propriam
1207 2708 1291 2732 con-

307 2768 489 2807 tumeliam
505 2775 607 2819 putes
618 2795 630 2814 ,
650 2762 746 2814 quod
758 2762 855 2800 filius
868 2757 1082 2798 contumelia
1097 2757 1290 2795 afficiatm':

306 2839 346 2868 ut
365 2830 394 2867 si
427 2829 547 2867 doleas
565 2827 610 2864 de
628 2826 690 2863 isso
702 2855 712 2874 ,
735 2833 771 2861 at
789 2836 858 2860 non
882 2830 1065 2870 tamquam
1079 2817 1293 2857 contumelia

307 2892 454 2928 affectus
469 2905 477 2926 z
495 2902 564 2926 non
583 2887 678 2925 enim
693 2885 777 2935 quia
794 2896 883 2936 puer
899 2881 990 2919 male
1005 2881 1113 2917 habet
1128 2910 1136 2927 ,
1150 2889 1189 2916 tu
1209 2893 1292 2917 con-

308 2952 453 2990 tumelia
471 2950 617 2988 affectus
633 2961 686 2995 es;
707 2945 768 2984 sed
786 2945 816 2982 is
838 2943 900 2994 qui
923 2943 1014 2980 male
1042 2941 1134 2979 fecit.
1153 2941 1293 2979 Restin-

310 3029 376 3066 gue
391 3013 551 3065 gladium
569 3019 729 3056 acutum,
758 3007 794 3045 in
812 3006 942 3056 vagina
961 3003 1142 3042 condatur.
1161 3004 1198 3042 Si
1219 3018 1291 3041 nu-

309 3075 378 3113 dus
397 3083 557 3123 maneat,
581 3085 673 3124 saepe
701 3070 764 3107 illo
785 3068 1022 3119 inopportuno
1042 3074 1198 3116 tempore
1218 3074 1291 3103 ute-

1306 3108 1353 3132 Λ125

1348 1296 1501 1331 τοιοῦτον
1515 1295 1597 1343 ποιῇ
1610 1322 1619 1339 ,
1641 1293 1770 1342 μᾶλλον
1793 1290 1828 1330 δὲ
1844 1290 1925 1330 ὅταν
1944 1290 2080 1342 πάσχῃ.
2100 1293 2153 1329 Οὐ
2173 1291 2240 1343 γὰρ
2260 1299 2371 1331 ποιεῖν

1349 1356 1449 1395 τοῦτό
1469 1358 1574 1403 ἐστιν,
1597 1356 1685 1394 ἀλλὰ
1703 1355 1865 1406 πάσχειν,
1889 1355 1928 1393 τὸ
1946 1355 2161 1406 ὀργίζεσθαι,
2181 1355 2221 1392 τὸ
2250 1355 2371 1407 φθόνον

1350 1416 1458 1468 ἔχειν·
1480 1416 1536 1454 διὰ
1551 1421 1652 1454 τοῦτο
1670 1416 1729 1454 καὶ
1748 1417 1844 1463 πάθη
1865 1417 2024 1453 καλεῖται
2039 1418 2172 1467 ψυχῆς,
2187 1416 2246 1453 καὶ
2263 1416 2372 1468 τραύ-

1352 1493 1467 1528 ματα,
1485 1476 1542 1515 καὶ
1562 1476 1716 1515 ὠτειλαί.
1734 1476 1871 1519 Ὄντως
1891 1476 1958 1528 γὰρ
1978 1477 2086 1520 πάθος
2106 1476 2180 1515 ἐστὶ
2192 1508 2202 1525 ,
2221 1476 2280 1515 καὶ
2296 1478 2370 1516 πά-

1351 1543 1426 1582 θους
1455 1537 1713 1591 χαλεπώτερον.
1741 1538 1954 1584 Ἔννοήσατε
1985 1541 2016 1577 οἳ
2047 1538 2285 1589 ὀργιζόμενοι,
2317 1538 2372 1577 ὅτι

1348 1600 1451 1639 πάθει
1465 1603 1575 1638 ταῦτα
1589 1606 1730 1637 ποιεῖτε.
1748 1601 1884 1637 Οὐκοῦν
1903 1602 1920 1637 ὃ
1941 1598 1989 1650 μὴ
2012 1598 2229 1651 ὀργιζόμενος
2244 1603 2282 1639 οὗ
2298 1599 2372 1638 πά-

1352 1678 1441 1714 σχει.
1471 1661 1597 1713 Ὁρᾷς,
1623 1660 1675 1698 ὅτι
1701 1663 1718 1698 ὃ
1742 1659 1963 1712 ὑδριζόμενος
1995 1662 2032 1698 οὐ
2060 1659 2213 1712 πάσχει,
2242 1663 2318 1699 ἀλλ’
2354 1664 2371 1699 ὃ

1777 1721 1785 1734 Χ

1352 1722 1512 1775 ὑὸρίζων,
1530 1722 1615 1775 ὅπερ
1630 1721 1714 1774 ἔφην
1732 1737 1790 1759 και
1809 1721 1874 1768 ἤδη
1888 1738 1897 1769 3
1912 1721 1998 1760 “Ort
2017 1720 2085 1774 γὰρ
2098 1722 2248 1774 πάσχει,
2271 1723 2372 1769 δῆλον

1355 1783 1416 1834 μὲν
1436 1783 1495 1821 καὶ
1513 1782 1580 1820 ἀπὸ
1605 1787 1664 1820 τοῦ
1684 1782 1792 1825 πάθος
1823 1784 2004 1820 καλεῖσθαι
2024 1783 2063 1819 τὸ
2091 1787 2255 1830 τοιοῦτον,
2271 1783 2374 1829 δῆλον

1306 1856 1331 1885 D
1355 1844 1390 1883 δὲ
1407 1845 1464 1882 καὶ
1479 1847 1517 1883 ἐκ
1531 1847 1590 1882 τοῦ
1610 1844 1772 1894 σώματος
1783 1860 1790 1867 ·
1810 1848 1922 1882 ταῦτα
1936 1843 2003 1895 γὰρ
2021 1843 2088 1881 ἀπὸ
2103 1846 2206 1896 ὀργῆς
2220 1844 2374 1882 τίκτεται

1354 1905 1399 1944 τὰ
1417 1905 1511 1951 πάθη
1525 1935 1534 1952 ,
1550 1903 1782 1955 ἀμὸλυωπία,
1797 1904 2024 1956 παραπληξία
2036 1933 2045 1950 ,
2060 1903 2120 1941 καὶ
2135 1904 2241 1957 μυρία
2259 1904 2372 1955 ἕτερα.

1355 1965 1460 2004 Ἀλλὰ
1485 1966 1542 2004 τὸν
1572 1966 1681 2003 παῖδα
1700 1964 1841 2016 geme,
1863 1965 1986 2017 φησίν·
2014 1964 2104 2002 ἀλλὰ
2134 1964 2190 2001 τὸν
2220 1963 2372 2011 οἰκέτην.

1357 2028 1418 2075 Μὴ
1438 2026 1583 2078 νομίσῃς
1611 2019 1697 2064 εἶναι
1720 2025 1898 2063 ἀσθένειαν
1923 2026 1964 2063 τὸ
1986 2025 2034 2075 μὴ
2058 2024 2117 2063 καὶ
2146 2025 2247 2068 αὐτὸς
2275 2029 2376 2063 τοῦτο

1356 2092 1513 2135 ποιῆσαι.
1542 2087 1632 2126 Εἰπὲ
1653 2086 1720 2138 γάρ
1743 2101 1823 2136 μοι,
1844 2087 1960 2129 καλῶς
1988 2085 2142 2136 γέγονεν,
2172 2087 2250 2124 Οὐκ
2278 2080 2376 2136 οἶμαι

1357 2152 1465 2187 εἰπεῖν
1480 2164 1487 2172 ·
1508 2151 1627 2186 οὐκοῦν
1650 2147 1697 2198 μὴ
1718 2147 1868 2198 ποιήσῃς
1895 2147 1934 2184 τὸ
1959 2146 2007 2197 μὴ
2039 2148 2153 2190 καλῶς
2183 2145 2374 2197 γινόμενον.

1357 2204 1447 2248 Οἶδα
1463 2204 1531 2246 οἷαι
1548 2212 1582 2247 ἐν
1598 2215 1668 2250 τοῖς
1678 2208 1843 2251 τοιούτοις
1859 2210 1894 2245 αἱ
1910 2208 2010 2259 ὀργαὶ
2029 2207 2215 2245 τίκτονται.
2236 2207 2283 2245 Τί
2302 2201 2375 2252 οἶν,

1358 2270 1398 2307 ἂν
1420 2272 1619 2320 καταφρονῇ
1632 2299 1641 2313 ,
1659 2268 1775 2320 φησὶν,
1793 2266 1832 2304 ἂν
1851 2268 1956 2304 πάλιν
1981 2267 2083 2319 εἴπῃ,
2101 2267 2280 2318 Ἔλεγξον,
2301 2269 2378 2305 ἐπι-

1357 2330 1519 2380 τίμησον,
1540 2328 1804 2380 παρακάλεσον·
1825 2327 1998 2378 πραότητι
2011 2328 2096 2379 ὀργὴ
2115 2328 2251 2366 λύεται·
2271 2344 2378 2380 προσ-

1359 2390 1464 2429 ελθὼν
1488 2389 1686 2441 ἐγκάλεσον.
1707 2387 1818 2440 (Υπὲρ
1840 2387 1900 2438 μὲν
1920 2386 1987 2438 γὰρ
2013 2390 2080 2424 τῶν
2113 2390 2160 2430 εἷς
2181 2392 2275 2438 ἡμᾶς
2302 2389 2377 2426 οὐῗὲ

1328 2479 1335 2489 ,
1358 2455 1457 2490 τοῦτο
1486 2455 1597 2488 ποιεῖν
1628 2448 1721 2502 χρὴ,
1748 2446 1833 2499 ὑπὲρ
1864 2446 1899 2485 δὲ
1928 2450 1995 2485 τῶν
2016 2448 2143 2495 ἄλλων,
2163 2448 2223 2485 καὶ
2243 2448 2377 2499 ἀνάγκη

1359 2516 1458 2550 τοῦτο
1473 2511 1513 2557 δὴ
1531 2517 1654 2549 ποιεῖν.
1673 2509 1733 2556 Μὴ
1750 2509 1838 2546 ἰδίαν
1858 2508 1956 2560 ῧίῗριν
1972 2509 2117 2560 νομίσῃς
2135 2509 2174 2547 τὸ
2193 2510 2249 2547 τὸν
2269 2510 2378 2547 παῖδα

1359 2574 1583 2625 ὑδρισθῆναι·
1619 2571 1682 2609 κᾶν
1704 2572 1813 2621 ἀλγῇς
1831 2569 1919 2621 ὑπὲρ
1943 2568 2094 2616 ἐκείνου,
2116 2569 2163 2620 μὴ
2201 2572 2247 2612 ὡς
2279 2570 2380 2613 αὐτὸς

1359 2633 1531 2688 ὓὲρισθείς
1547 2649 1553 2655 ·
1573 2635 1610 2671 οὐ
1630 2632 1698 2685 γὰρ
1717 2631 1837 2678 ἐπειδὴ
1853 2635 1870 2669 ὁ
1889 2636 1971 2674 παῖς
1989 2633 2106 2674 κακῶς
2126 2629 2266 2678 ἔπαθεν,
2283 2632 2380 2683 ὑδρί-

1360 2700 1443 2743 σθης
1458 2694 1497 2734 σὺ
1510 2726 1518 2742 ,
1540 2696 1616 2732 ἀλλ’
1634 2696 1652 2731 ὃ
1670 2693 1819 2739 ποιήσας
1832 2694 1959 2735 κακῶς.
1973 2690 2103 2729 Σὸέσον
2119 2690 2181 2737 τὴν
2201 2691 2379 2744 μάχαιραν

1360 2757 1422 2805 τὴν
1442 2756 1565 2803 ὀξεῖαν,
1597 2757 1631 2792 ἐν
1665 2757 1708 2806 τῇ
1739 2753 1827 2804 θήκῃ
1851 2752 1988 2790 κείσθω.
2018 2750 2078 2789 Ἂν
2106 2751 2242 2803 ἔχωμεν
2273 2752 2380 2799 αὐτὴν

1361 2818 1508 2871 γυμνὴν,
1529 2816 1698 2858 πολλάκις
1724 2815 1783 2853 καὶ
1803 2815 1863 2852 οὒκ
1889 2814 1982 2856 ὄντος
2007 2816 2127 2864 καιροῦ
2152 2812 2354 2865 χρησόμεθα
2371 2842 2380 2859 ,

1362 2878 1586 2932 ἐφελκόμενοι
1612 2879 1672 2915 ὑπ’
1701 2877 1823 2922 αὐτῆς·
1857 2874 1896 2912 ἂν
1929 2873 1964 2912 δὲ
1992 2868 2014 2925 ἦ
2044 2872 2289 2924 κεκρυμμένη,
2318 2873 2382 2911 κᾶν

1363 2940 1464 2993 χρεία
1484 2940 1646 2990 γένηται,
1668 2936 1896 2983 σὸεσθήσεται
1914 2937 1935 2980 ἡ
1953 2933 2051 2986 ὀργή.
2069 2932 2203 2985 ctYffip
2225 2936 2329 2971 αὑτοῦ
2344 2936 2382 2971 οὔ

1367 3001 1527 3054 βούλεται
1546 3003 1640 3049 ἡμᾶς
1659 2998 1853 3051 ὀργίζεσθαι
1871 3000 1888 3035 ὅ
1910 2994 2060 3046 Χριστός
2079 2994 2247 3045 (ἄκουσον
2265 2995 2334 3048 γὰρ
2351 2995 2385 3032 τί

1366 3079 1451 3116 φησι
1483 3061 1568 3114 πρὸς
1598 3060 1655 3098 τὸν
1687 3059 1821 3110 Πέτρον
1835 3073 1842 3081 ·
1875 3056 2104 3107 Ἀπόστρεψον
2123 3055 2184 3102 τὴν
2208 3056 2386 3108 μάχαιράν

311 3151 411 3187 mur,
433 3136 478 3173 ab
504 3135 558 3172 ira
577 3130 764 3179 eoncitati3
792 3129 822 3167 si
841 3142 925 3168 vero
950 3126 1113 3165 conditus
1134 3135 1291 3175 maneat,
1319 3145 1345 3174 Α
1367 3141 1426 3164 σου
1445 3126 1492 3168 εἷς
1510 3123 1572 3170 τὴν
1591 3121 1735 3168 θήκην)·
1765 3119 1824 3157 καὶ
1850 3118 1890 3157 σὺ
1910 3117 1998 3170 ὑπὲρ
2020 3118 2141 3161 παιδὸς
2158 3117 2298 3170 ὂργίζῃ;
2319 3118 2385 3155 Δί-

311 3197 446 3236 etiamsi
480 3209 568 3248 opus
591 3193 701 3231 fuerit
708 3222 720 3240 ,
753 3189 999 3241 exstinguetur
1025 3187 1088 3225 ira.
1106 3188 1185 3225 Non
1215 3187 1295 3225 vult

356 3353 369 3367 ³
386 3341 481 3372 Idem
498 3345 547 3373 καὶ
562 3343 728 3373 ἐπανελθὼν
745 3341 807 3380 οᾷχὶ
823 3341 915 3380 μετά.

357 3395 374 3419 b
389 3394 452 3435 [D.
473 3398 501 3427 τί
525 3398 560 3427 τὸ
582 3396 672 3425 πλέον
697 3396 809 3424 ἐκείνων
834 3397 891 3422 τῶν
913 3392 1066 3431 βασάνων,
1087 3384 1134 3428 ἂρ’
1159 3389 1222 3427 οὐχ.
1239 3384 1315 3416 Mox

315 3445 402 3478 idem
418 3450 471 3478 κᾶν
487 3449 534 3477 καὶ
552 3448 585 3477 τὸ
603 3441 718 3485 σῶμα.]

1367 3185 1464 3230 δαξον
1485 3184 1544 3222 καὶ
1572 3183 1630 3220 τὸν
1652 3181 1760 3219 παῖδα
1787 3182 2000 3231 φιλοσοφεῖν·
2033 3178 2105 3217 εἰπὲ
2126 3181 2220 3231 αὐτῷ
2250 3179 2295 3217 τὰ
2326 3183 2385 3216 τοῦ

1425 3341 1436 3355 c
1453 3330 1550 3373 [ὑπὲρ
1567 3331 1656 3361 αὐτοῦ
1671 3323 1812 3358 Suvilius
1828 3330 1860 3355 et
1875 3324 1911 3354 A.
1930 3323 1967 3353 B.
1984 3323 2022 3354 C.
2040 3323 2096 3364 D.‚
2115 3320 2168 3354 hic
2183 3333 2199 3353 e
2214 3321 2387 3363 corr.,sed

1384 3386 1478 3416 αὐτῶν
1494 3392 1525 3414 a.
1543 3392 1575 3422 p.
1596 3390 1641 3410 m.
1659 3374 1857 3418 Scripsimus
1874 3373 1991 3418 aomo]
