2502 3810
683 272 727 302 JN
766 272 880 302 ACTA
918 272 1254 303 APOSTOLORUM.
1295 273 1451 304 11011111.
1490 274 1597 304 xm.
2079 260 2168 306 555

103 352 270 427 ἀργυρους
295 350 469 401 γενέσθαι,
498 352 636 396 Ισο)ς(
619 370 663 396 ως
681 353 831 405 κιῧώρια
850 353 982 405 μικροί·
1002 352 1114 400 πολλὴ

99 410 167 461 γὰρ
188 411 315 457 ταύτης
334 416 375 458 ἠν
395 416 416 459 ἡ
445 413 530 464 τιμη
562 417 596 452 ἐν
616 415 809 467 Ἐφέσου),
791 431 875 453 οπου
891 415 950 453 καὶ
969 416 1008 453 τὸ
1027 415 1115 468 ἱερὸν

101 472 213 508 αὐτων
247 472 446 524 ἐμπρησθὲν
476 473 581 517 ούτως
615 475 786 522 ἐλύπησεν
815 474 958 522 αὐτους,
986 478 1031 519 ὣς
1058 475 1115 512 τὸν

101 531 329 583 ἐμπρησαντα
354 533 502 571 κελεύειν
531 536 619 586 μηδὲ
648 535 791 585 ὀνόματι
830 535 1011 615 λέγεσθαιἐξ
1023 535 1118 588 “Opoe

99 606 278 643 πανταχυυ
303 593 367 639 τὴν
350 594 488 631 νεῖδω)
491 595 630 648 ολατρε’
620 611 671 633 ιαν
694 596 762 634 ἀπὸ
780 595 973 648 χρημάτων
997 600 1115 647 ξιγινο-

102 651 222 703 μένην.
243 655 440 692 Κάκεῖνοι
422 656 477 693 οιὰ
492 657 673 708 γρήματα,
690 657 854 700 καὶοὺτος
870 657 925 695 διὰ
937 656 1116 708 χρήματα·

101 715 165 765 οὐχ
182 716 229 757 ὡς
256 731 318 761 της
343 716 516 761 εὐσεὸείας
544 717 802 763 κινουνευούσης
821 720 958 764 αὐτοῖς,
979 719 1118 760 ἀλλ’ὡς

101 778 160 811 τοῦ
180 781 352 826 πορισμοῦ
371 777 433 824 τὴν
460 779 620 817 ὑπόθεσιν
642 781 702 817 οὐκ
727 779 876 829 ἔχοντος.
908 777 978 815 Καὶ
994 777 1118 815 σκόπει

102 835 227 872 κακίαν
259 835 390 888 ἀνδρός.
428 837 586 889 Εὕπορος
612 832 653 883 ἦν
674 837 785 882 αὐτὸς,
805 836 864 873 καὶ
884 837 978 885 αὐτῷ
998 833 1060 883 μὲν
1079 837 1117 872 οὐ

102 895 252 942 τοσαύτη
281 896 403 945 ἔμελλε
432 898 497 948 βλ
466 897 544 942 αξη
566 895 723 948 γενέσθαι
749 898 787 933 ἐκ
805 894 947 932 τούτου·
977 894 1118 937 ἐκείνοις

104 954 139 992 05
159 959 199 1002 ἦν
220 956 375 1003 πολλὴ,
362 957 422 994 ἅτε
441 958 582 1004 πένησιν
596 960 671 993 οὖσι
686 956 745 993 καὶ
767 955 836 992 ἀπὸ
857 958 918 1000 τ’ἦς
937 955 1013 992 καθ’
1027 956 1095 1027 ἦ,
1082 977 1115 992 5-

105 1031 165 1066 ραν
196 1016 358 1067 ἐργασίας
381 1016 611 1068 τρεφομένοις.
631 1016 734 1054 Καὶ(
721 1015 814 1064 ὅμως
832 1017 926 1052 οὗτοι
943 1029 1006 1063 μεν
1022 1013 1117 1052 οὐδὲν

102 1077 270 1127 λέγουσιν,
295 1078 394 1121 αὐτὸς
425 1077 481 1114 δέ·
512 1075 694 1119 κοινωνούς
723 1075 759 1112 δὲ
790 1075 889 1118 ὄντας
910 1073 1032 1118 αὐτους
1054 1091 1117 1138 1Ξης

102 1136 236 1187 τέχνης,
258 1136 438 1179 κοινωνοὺς
463 1136 636 1186 λαμὸάνει
665 1135 724 1174 καὶ
753 1139 812 1173 τοῦ
841 1135 994 1187 θορύδου.
1027 1137 1117 1174 Εἶτα

101 1197 159 1234 καὶ
179 1197 236 1234 τὸν
259 1197 412 1235 κίνδυνον
432 1197 577 1243 ηὔξησεν
591 1227 601 1245 ,
623 1195 808 1248 ἐπαγαγὼν
821 1227 830 1244 ,
852 1195 903 1234 ὅτι
920 1196 1117 1235 Κινδυνεύει

101 1260 185 1308 ἡμῖν
201 1262 299 1295 τοῦτο
314 1258 353 1296 τὸ
370 1258 472 1311 μέρος
491 1260 538 1302 εἷς
553 1258 748 1308 ἀπελεγμὸν
771 1260 894 1296 ἐλθεῖν.
918 1261 1032 1297 Τοῦτο
1050 1258 1117 1311 γὰρ

101 1318 223 1370 σχεδὸν
245 1319 301 1356 διὰ
319 1318 438 1357 τούτου
460 1320 579 1367 δηλοῖ,
609 1318 661 1356 ὅτι
686 1318 755 1356 ἀπὸ
773 1321 834 1365 τῆς
850 1318 974 1371 τέχνης
990 1319 1119 1366 ταύτης

100 1379 340 1430 κινδυνεύομεν
360 1381 406 1423 εἷς
424 1381 525 1430 λιμὸν
543 1382 719 1430 ἐμπεσεῖν.
749 1379 874 1418 Καίτοι
889 1380 934 1418 τὰ
952 1380 1118 1434 εἰρημένα

101 1440 203 1479 ἱκανὰ
220 1443 267 1484 εἷς
283 1441 457 1479 seo-{Cama
475 1441 598 1484 αὐτοὺς
613 1443 756 1493 ἀγαγεῖν
771 1456 778 1463 ·
798 1440 888 1479 ἀλλὰ
902 1441 1120 1493 ταλαίπωροί

102 1517 191 1545 τινες
218 1502 311 1545 ὄντες
337 1502 396 1539 καὶ
417 1502 556 1555 ψυχροὶ,
579 1501 863 1540 ἐπισυνίστανται
880 1503 1012 1552 μᾶλλον
1030 1531 1040 1549 ,
1060 1502 1119 1540 καὶ

101 1564 164 1601 οὐκ
179 1565 363 1609 ἐννοοῦσιν,
377 1562 430 1601 ὅτι
452 1565 481 1600 εἶ
497 1566 514 1601 ὃ
533 1563 711 1616 ἄνθρωπος
727 1558 823 1605 οὗτος
837 1567 992 1601 τοσαῦτα
1008 1563 1119 1616 ἰσχύει

103 1626 150 1667 ὡς
168 1628 387 1675 μεταστῆσαι
407 1624 553 1672 πάντας,
575 1625 634 1662 καὶ
653 1623 841 1662 κινδυνεύει
860 1624 903 1662 τὰ
925 1626 994 1662 τῶν
1021 1627 1119 1674 θεῶν,

103 1684 222 1730 ἡλίκος
249 1688 266 1722 ὃ
296 1684 418 1723 τούτου
437 1685 543 1729 Θεός·
564 1685 623 1723 καὶ
647 1684 699 1723 ὅτι
718 1686 838 1736 πολλῷ
857 1686 988 1736 μᾶλλον
1006 1687 1120 1725 ἐκεῖνα

104 1747 189 1795 ἡμῖν
207 1744 322 1790 δώσει,
342 1745 428 1797 ὑπὲρ
451 1740 497 1783 ιῖν
519 1745 727 1798 φοὸούμεθα.
749 1745 844 1792 ‘Han
860 1746 1119 1798 προκατέλαὸεν

103 1807 217 1842 αὐτῶν
239 1805 301 1848 τὰς
329 1806 460 1857 ψυχὰς,
487 1806 623 1858 λέγων,
651 1806 703 1844 ὅτι
729 1808 806 1845 Οὐκ
834 1807 899 1845 εἶσὶ
920 1807 988 1844 θεοὶ
1009 1811 1039 1846 οἱ
1055 1808 1121 1847 ὑπὸ

102 1868 230 1918 χειρῶν
257 1866 448 1917 ἀνθρώπων
467 1866 663 1918 Ιγινόμενοι.
693 1866 790 1920 εὈρα
814 1867 901 1919 ὑπὲρ
922 1867 1012 1912 τίνος
1032 1870 1119 1920 ἀγα-

102 1929 282 1965 νακτοῦσιν
302 1926 476 1974 ἽΞλληνες
490 1945 495 1951 ·
517 1928 635 1975 ἐπειδὴ
652 1921 758 1976 εἶπεν,
775 1928 827 1966 ὅτι
843 1930 889 1966 Οἱ
906 1929 972 1967 ὑπὸ
988 1929 1118 1981 ἀνθρώ-

98 2002 173 2024 πων
221 1987 421 2038 γινόμενοι,
454 1990 516 2027 οὐκ
546 1990 611 2027 εἶσὶ
645 1990 725 2027 θεοί.
759 1991 947 2041 Πανταχοῧ
977 1991 1024 2032 εἷς
1055 1990 1118 2037 τὴν

97 2047 223 2099 τέχνην
244 2049 326 2085 ὠθεῖ
345 2049 403 2086 τὸν
427 2049 540 2100 λόγον.
570 2044 659 2086 Εἶτα
680 2049 719 2086 τὸ
735 2050 889 2099 μάλιστα
909 2048 1032 2094 αὐτοὺς
1054 2052 1117 2088 λυ*

97 2110 213 2153 πῆσαν
240 2108 383 2162 ὕστερον
408 2109 536 2157 τίθησι,
563 2109 673 2161 λέγων
687 2126 694 2133 ·
717 2111 769 2148 Οὔ
796 2110 897 2160 μόνον
914 2110 949 2148 δὲ
965 2116 1063 2149 τοῦτο
1078 2111 1116 2149 τὸ

98 2169 200 2221 μέρος
218 2169 425 2207 κινδυνεύει·
441 2170 612 2218 τουτέστι,
631 2174 698 2208 τῶν
720 2170 782 2220 μὲν
803 2172 917 2209 ἄλλων
932 2171 1039 2214 οὐδεὶς
1057 2171 1113 2209 λό-

95 2243 165 2278 γος,
196 2227 273 2265 ἀλλ’
294 2228 348 2266 ὅτι
362 2229 422 2266 καὶ
441 2229 480 2267 τὸ
500 2233 562 2275 τῆς
585 2230 739 2280 μεγάλης
757 2233 835 2272 θεᾶς
850 2229 938 2280 ἱερὸν
957 2229 1115 2282 Ἀρτέμι-

95 2289 151 2332 δος
162 2289 351 2326 κινδυνεύει
365 2293 615 2341 καθαιρεῖσθαι.
637 2284 725 2327 Εἶτα
740 2288 796 2327 ἵνα
812 2289 860 2339 μὴ
879 2289 957 2340 δόξῃ
973 2306 1116 2342 χρημα-

95 2353 220 2399 τισμοῦ
239 2348 352 2387 ἕνεκεν
372 2349 484 2401 λέγειν
500 2355 622 2397 ταῦτα,
643 2349 707 2402 ἔρα
722 2350 755 2388 τί
769 2349 999 2402 προστίθησιν
1017 2367 1025 2375 ·
1045 2351 1115 2389 Ἣν

94 2413 114 2456 ἡ
142 2410 324 2461 οἰκουμένη
357 2411 506 2449 offlam.
547 2411 656 2463 Ὁρᾷς
689 2414 763 2455 πῶς
794 2412 897 2456 ἔδειξε
924 2413 1031 2463 μείζω
1050 2413 1112 2460 τὴν

93 2476 152 2510 τοῦ
180 2471 322 2510 Παύλου
355 2472 513 2524 δύναμιν,
544 2473 677 2516 πάντας
699 2473 835 2517 ἀθλίους
855 2474 914 2512 καὶ
929 2475 1109 2513 ταλαιπώ-

95 2547 171 2582 ρους
195 2532 317 2576 αὖτοὺς
336 2532 549 2584 ἀποφαίνων,
569 2533 600 2571 εἴ
616 2549 655 2584 γε
680 2534 860 2586 ἅνθρωπος
887 2535 1112 2586 ἐλαυνόμενος

92 2593 152 2630 καὶ
177 2594 381 2639 σκηνοποιὸς
401 2598 555 2632 τοσαῦτα
580 2594 746 2642 δύναται,
765 2593 862 2647 ”Ορα
877 2596 962 2649 παρ’
978 2599 1110 2649 ἐχθρῶν

91 2654 153 2698 τὰς
182 2654 374 2706 μαρτυρίας
401 2660 472 2698 τοῖς
491 2655 694 2698 ἀποστόλοις
713 2656 905 2706 γινομένας.
936 2659 1032 2695 Ἐκεῖ
1049 2657 1110 2708 μὲν

92 2715 222 2767 ἔλεγον,
239 2715 328 2753 Ἰδοὺ
345 2715 601 2768 πεπληρώκατε
615 2715 678 2763 τὴν
695 2715 926 2768 Ἰερουσαλὴμ
939 2721 1000 2765 τῆς
1017 2719 1111 2756 διδα-

92 2778 158 2828 χῆς
188 2778 285 2826 ὑμῶν
302 2792 309 2799 ·
333 2778 503 2822 ἐνταῦθα,
526 2776 580 2814 ὅτι
607 2776 740 2814 Μέλλει
773 2781 1011 2830 καθαιρεῖσθαι
1049 2783 1111 2826 τῆς

93 2837 289 2887 Ἀρτέμιδος
308 2841 329 2884 ἦ
359 2836 523 2887 μεγαλεῧ
496 2852 606 2884 Ηοτης
632 2836 729 2884 τότε,
763 2840 809 2876 Οἱ
827 2855 889 2884 την
905 2841 1044 2891 οἷκουμε
1048 2856 1109 2886 νην
1122 2873 1169 2898 319

93 2897 412 2946 ἀναστατωσαντες,
429 2898 567 2946 ἤκουον,
577 2915 628 2936 οτι
641 2914 736 2936 ουτοι
751 2914 810 2936 ναι
824 2899 943 2937 ενθαοε
954 2901 1107 2954 *recipere-’t
1133 2912 1159 2940 Α

92 2961 148 2995 νῦν
165 2989 174 3006 ,
208 2957 261 2996 ὅτι
281 2958 480 2997 Κινδυνεύει
510 2963 594 3010 ἧυῖν
616 2964 716 2997 τουτο
732 2959 771 2997 τὸ
793 2958 894 3011 μέρος
914 2962 962 3004 εἷς
982 2963 1110 3000 ἀπελε-

90 3019 178 3069 γμὸν
207 3021 328 3058 ἐλθεῖν.
363 3019 466 3058 Οὕτω
499 3020 558 3058 καὶ
590 3020 752 3058 Ἰουδαῖοι
780 3021 837 3059 ἐπὶ
866 3025 925 3059 τοῦ
956 3023 1110 3074 Χριστοῦ

90 3080 209 3129 ἔλεγον
225 3096 232 3103 ·
260 3079 411 3132 (Ορᾶτε,
441 3081 494 3119 ὅτι
518 3084 535 3118 ὃ
556 3081 685 3131 κόσμος
707 3080 818 3120 ὀπίσω
848 3083 951 3120 αὐτοῦ
970 3083 1108 3135 ὑπάγει,

91 3139 150 3177 καὶ
176 3139 372 3178 ἐλεύσονται
399 3142 430 3179 οἱ
457 3140 632 3192 Ῥωμαῖοι
663 3142 722 3180 καὶ
751 3145 892 3193 ἀροῦσιν
919 3146 1021 3193 ἡμῶν
1045 3146 1107 3190 τὴν

90 3200 204 3238 πόλιν.
227 3200 448 3245 Ἀκούσαντες
463 3201 497 3240 δὲ
512 3206 623 3240 ταῦτα
640 3202 862 3249 ἐπλήσθησαν
878 3206 998 3252 θυμοῦ.
1015 3203 1110 3241 Πότε

92 3265 109 3298 ὁ
128 3261 233 3311 θυμὸς
258 3262 415 3313 γέγονεν,
437 3262 527 3301 (Ὀτε
555 3263 636 3315 περὶ
654 3266 717 3309 τῆς
734 3263 931 3317 Ἀρτέμιδος
946 3263 1111 3313 ἥκουσαν,

1189 355 1342 391 Dianoe.
1361 353 1407 392 Et
1417 354 1594 405 quomodo
1609 365 1756 407 possunt
1771 356 1862 394 aedes
1879 364 2049 424 argenteae
2067 356 2169 394 fieri?

1189 414 1217 450 F
1220 428 1259 451 01
1261 422 1294 451 te
1308 414 1407 464 quasi
1422 415 1552 452 ciboria
1564 430 1692 467 parva.
1704 430 1852 468 magnus
1866 417 1961 455 enim
1974 417 2043 470 ipsi
2059 417 2171 455 honor
2280 434 2369 461 Dia„

1189 484 1263 512 erat
1283 474 1432 526 Ephesi,
1452 475 1514 513 ubi
1543 476 1718 514 1110111111
1708 491 1848 515 incenso
1877 478 2008 546 templo
2035 479 2083 516 ita
2105 478 2172 516 do-
2184 477 2374 544 3fJ³¹¹¹1⁰¹²L¹L¹

1190 534 1297 583 luere,
1316 544 1354 572 ut
1373 549 1416 573 ne
1435 550 1560 574 nomen
1580 537 1725 586 quidem
1745 539 1833 589 ejus,
1846 539 1908 589 qui
1927 539 2169 589 succenderat,
2187 557 2249 582 5133

1191 596 1310 646 profel
1312 610 1340 632 r1
1355 596 1532 647 juberent.
1555 597 1652 636 Vide
1671 598 1805 648 ubique
1822 599 2062 637 idolol-aniam
2080 615 2099 638 a
2119 615 2174 653 pe-

1192 655 1306 693 cuniis
1333 665 1501 694 constare.
1519 657 1567 695 Et
1598 657 1652 695 illi
1679 667 1825 710 propter
1852 660 2031 711 pecunias,
2057 669 2090 698 et
2117 661 2174 698 1116

1192 725 1335 767 propter
1348 717 1538 768 pecunias.
1552 732 1621 756 non
1637 719 1737 768 quasi
1758 720 1927 771 religione
1942 722 2174 773 peiielitante,

1192 775 1253 812 sed
1273 776 1374 824 quasi
1392 790 1453 842 qu·
1443 785 1528 813 estu
1548 777 1732 815 mateiiam
1750 792 1819 816 non
1838 780 2002 819 habente.
2025 782 2071 819 Et
2094 797 2174 835 pet-

1192 834 1305 884 pende
1331 835 1402 873 viri
1423 835 1694 886 malignitatem.
1714 839 1913 889 Opulentus
1942 841 2002 878 illc
2033 852 2119 892 ciat,
2142 852 2175 880 et

1191 892 1275 930 hinc
1296 893 1350 930 illi
1373 908 1442 931 non
1459 903 1598 932 tantum
1617 895 1789 934 damnum
1808 899 1970 937 futmum
1991 911 2087 951 cr3at
2105 903 2175 939 illis

1192 966 1296 1002 vero,
1324 962 1446 1004 utpote
1487 955 1705 1006 pauperibus
1742 958 1916 1008 111111111111,
1947 961 2009 1010 qui
2047 932 2176 1000 diurno

1191 1021 1328 1062 quaestu
1347 1013 1483 1053 victum
1499 1025 1674 1066 pararent.
1691 1019 1854 1055 Attamen
1874 1019 1913 1056 hi
1930 1020 2021 1057 nihil
2040 1021 2176 1071 dicunt,

1192 1072 1253 1109 sed
1281 1073 1342 1110 ille
1361 1083 1499 1112 tantum
1515 1075 1623 1114 :artis
1640 1090 1724 1116 vero
1751 1078 1838 1115 socii
1867 1093 1949 1117 cum
1972 1090 2099 1132 essent,
2120 1092 2176 1120 tu-

1190 1133 1325 1171 multus
1344 1144 1520 1173 consortes
1530 1137 1690 1175 assumit.
1708 1138 1845 1176 Deinde
1860 1139 1966 1178 etiam
1978 1142 2178 1193 periculum

1190 1195 1432 1246 exaggeravit,
1440 1195 1576 1235 dicens:
1588 1199 1683 1235 Hoec
1692 1201 1937 1250 periclztalur
1949 1205 2058 1240 nobis
2068 1218 2174 1254 pars,

1193 1270 1238 1293 116
1269 1259 1311 1293 in
1341 1259 1648 1310 confutationem
1680 1262 1840 1298 inczdat.
1875 1262 1951 1300 Hoc
1984 1263 2078 1300 enim
2107 1265 2179 1302 fele

1191 1315 1394 1367 significat:
1411 1319 1466 1356 Ab
1479 1319 1546 1357 hac
1565 1329 1640 1357 arte
1656 1320 1692 1358 in
1712 1321 1841 1359 famem
1860 1322 1979 1361 delabi
1999 1324 2177 1376 [1611611ῐᾶ-

1191 1390 1284 1415 111111.
1308 1379 1416 1429 Atqui
1435 1389 1597 1431 poterant
1615 1381 1712 1418 dicta
1728 1382 1815 1419 illa
1806 1397 1900 1435 ipsos
1918 1384 1965 1422 ad
1982 1385 2080 1436 piam
2099 1386 2182 1424 reli-

1192 1435 1332 1487 gionem
1347 1438 1548 1492 adducere·
1565 1440 1626 1478 sed
1646 1441 1766 1479 11115611
1785 1456 1826 1480 ac
1845 1443 1934 1482 tiles
1951 1458 2031 1482 cum
2048 1456 2176 1496 essent,

1192 1497 1383 1551 insurgunt
1401 1501 1529 1553 magis,
1549 1516 1613 1541 nec
1638 1503 1807 1555 cogitant,
1822 1503 1851 1542 si
1876 1505 1935 1543 1116
1963 1506 2070 1544 1101110
2094 1508 2178 1546 talia

1194 1561 1322 1612 possit,
1348 1572 1388 1600 ut
1418 1577 1538 1602 omnes
1566 1574 1750 1604 convertat
1784 1574 1818 1603 et
1841 1565 1892 1604 dii
1916 1567 2178 1619 periclitentur,

1195 1633 1348 1673 quantus
1369 1625 1415 1663 sit
1433 1625 1531 1664 illius
1543 1628 1640 1665 Deus
1659 1643 1667 1664 ε
1684 1636 1718 1665 et
1730 1627 1827 1678 quod
1842 1628 1955 1667 multo
1976 1630 2089 1681 magis
2104 1631 2180 1683 ipse

1194 1683 1296 1721 nobis
1324 1685 1387 1723 illa
1410 1684 1607 1738 dabit,p10
1627 1687 1759 1738 quibus
1783 1688 1962 1726 timemus
1988 1692 2066 1729 Jam
2086 1705 2181 1742 piae—

1194 1754 1431 1796 occupaxetat
1460 1746 1607 1784 illorum
1638 1747 1793 1798 animos,
1811 1748 1955 1787 dicens·
1973 1752 2064 1788 Non
2091 1761 2181 1789 sunt

1195 1805 1264 1855 dii,
1283 1809 1351 1857 qui
1369 1810 1548 1845 manibus
1568 1810 1750 1846 humarus
1757 1810 1798 1861 s
1786 1818 1880 1847 unt
1906 1809 2001 1850 Vide
2028 1827 2091 1864 pto
2109 1828 2180 1864 qua

1194 1879 1231 1903 re
1264 1866 1494 1919 indignentur
1522 1870 1669 1920 gentiles
1697 1885 1705 1906 ε
1728 1870 1812 1920 quia
1838 1870 2002 1909 dixerat:
2025 1874 2099 1923 Qui
2129 1877 2179 1912 ab

1194 1927 1533 1981 lzominibusfacti
1552 1938 1655 1976 sunt,
1680 1944 1758 1967 non
1783 1940 1873 1969 sunt
1890 1933 1956 1969 dii.
1982 1933 2125 1984 Ubique
2143 1935 2179 1972 in

1193 1995 1305 2025 artem
1324 2002 1519 2027 sermonem
1540 1991 1724 2029 convertit.
1748 1991 1886 2029 Deinde
1905 1993 2000 2043 quod
2021 1994 2180 2033 maxime

1193 2047 1229 2085 111
1251 2063 1421 2101 angorem
1442 2050 1613 2102 conjicere
1641 2060 1790 2102 poterat,
1813 2052 1915 2103 dicit,
1943 2055 2033 2091 Non
2054 2056 2180 2094 solum

1193 2110 1273 2147 lzoec
1284 2125 1376 2162 pars
1390 2112 1656 2163 periclitatur,-
1668 2111 1705 2149 id
1719 2122 1783 2162 est,
1796 2113 1949 2151 aliorum
1964 2115 2066 2152 nobis
2082 2117 2179 2154 nulla

1192 2185 1276 2210 cura
1298 2182 1368 2222 est,
1391 2173 1453 2210 sed
1480 2174 1577 2224 quod
1598 2188 1734 2225 magnae
1757 2174 1830 2212 deae
1858 2176 1982 2213 Dianae
2005 2179 2179 2230 templum

1192 2232 1326 2270 destrui
1341 2234 1571 2286 periclitetur.
1586 2234 1725 2272 Deinde
1738 2249 1780 2272 ne
1795 2235 1958 2274 videatur
1971 2237 2061 2275 111611
2076 2253 2179 2276 causa

1191 2292 1267 2331 liaec
1285 2293 1414 2343 dicere,
1429 2294 1511 2333 vide
1529 2294 1619 2345 quid
1642 2294 1774 2332 addat:
1799 2297 1924 2346 Quam
1945 2300 2047 2336 orbis
2069 2300 2175 2337 colit.

1191 2354 1324 2393 Viden’
1342 2355 1522 2405 quomodo
1547 2356 1717 2407 majorem
1742 2357 1903 2395 ostendat
1928 2358 2032 2396 Pauli
2059 2360 2176 2399 virtu-

1189 2425 1274 2466 tem,
1294 2430 1414 2454 omnes
1430 2430 1645 2454 aerumnosos
1660 2426 1694 2454 et
1713 2418 1860 2456 miseros
1880 2419 1960 2457 illos
1979 2422 2177 2471 ostendens,

1187 2477 1215 2514 si
1228 2477 1334 2514 homo
1346 2477 1471 2528 pulsus
1486 2486 1520 2514 et
1538 2477 1770 2515 tentoriorum
1785 2480 1918 2518 artifex
1934 2481 2017 2518 talia
2034 2485 2176 2534 potest?

1187 2538 1282 2577 Vide
1297 2538 1495 2576 testimonia
1516 2538 1561 2575 de
1577 2540 1745 2590 apostolis
1757 2541 1802 2577 ab
1816 2541 1903 2592 ipsis
1922 2541 2077 2581 inimicis
2095 2545 2175 2583 red-

1185 2598 1271 2637 dita.
1289 2599 1369 2636 Illic
1387 2598 1529 2649 quidem
1550 2598 1714 2637 dicebant
1729 2616 1737 2636 :
1752 2602 1854 2638 Ecce
1873 2604 2039 2653 impletis
2054 2606 2172 2644 Jeru—
2188 2607 2259 2635 Ace.
2273 2608 2290 2637 5
2323 2610 2373 2640 28-

1185 2661 1308 2698 salem
1337 2661 1517 2697 doctrina
1541 2669 1700 2706 vestra5
1716 2661 1794 2711 1116,
1818 2665 2010 2701 Futurum
2029 2675 2103 2713 est,
2131 2677 2173 2707 uc

1184 2723 1406 2760 destruatur
1433 2723 1575 2759 Dianoe
1600 2724 1784 2774 majestas
1806 2740 1816 2760 .-
1842 2733 1927 2762 tunc
1959 2726 2169 2780 audiebant,

1189 2783 1264 2832 Qui
1278 2784 1546 2819 subverterunt
1561 2784 1689 2819 orbem
1704 2791 1908 2831 terrarum,
1925 2787 1988 2823 laic
2004 2789 2146 2828 adsunt
2152 2807 2169 2835 ;
2186 2793 2264 2820 lbicl·
2283 2801 2328 2829 ¹7-
2339 2794 2370 2823 G·

1184 2856 1291 2892 nunc,
1313 2843 1568 2880 Periclitatur·
1588 2845 1696 2880 nobis
1713 2844 1794 2881 lzoee
1810 2859 1903 2896 pars
1926 2849 1967 2882 in
1986 2851 2169 2901 consuta-

1185 2907 1327 2941 tionem
1351 2905 1499 2940 venire.
1528 2903 1588 2941 Sic
1606 2902 1721 2941 Judaei
1744 2904 1788 2941 de
1811 2905 1952 2944 Christo
1981 2907 2165 2948 dicebant·

1185 2967 1317 3003 1111616
1340 2966 1445 3016 quod
1472 2966 1637 3003 mundus
1663 2975 1750 3016 post
1782 2969 1905 3017 ipsum
1933 2971 2082 3016 vadat;
2110 2983 2162 3024 61,
2179 2974 2267 3000 -70‘1'1-
2299 2981 2345 3002 ¹2·

1185 3029 1347 3064 lenient
1362 3027 1530 3062 Romani
1545 3034 1580 3062 et
1603 3026 1742 3063 tollent
1762 3036 1933 3065 nostram
1953 3032 2161 3072 εἰνιίαί61η.
2179 3022 2231 3093 ’ἓ
2260 3019 2288 3041 ⁰¹
2319 3024 2365 3042 Μ’

1182 3089 1256 3124 Ηί5
1276 3095 1404 3124 autem
1433 3086 1590 3131 auditis,
1610 3086 1747 3136 repleti
1767 3096 1857 3125 sunt
1869 3090 2027 3140 surore.
2060 3094 2165 3132 Unde

1180 3150 1281 3186 furor
1301 3147 1389 3185 ille?
1407 3145 1560 3193 Quando
1580 3145 1624 3183 de
1646 3146 1760 3184 Diana
1791 3148 2001 3198 audierunt,
2024 3155 2166 3203 quando

1182 3209 1227 3247 de
1251 3208 1342 3246 lucri
1358 3209 1508 3260 jactura.
1536 3207 1637 3245 Talis
1666 3207 1760 3245 enim
1786 3209 1978 3249 forensium
2000 3228 2076 3252 mos
2097 3227 2165 3266 est,

1184 3271 1255 3311 levi
1270 3270 1315 3308 de
1334 3284 1439 3308 causa
1459 3269 1577 3321 abripi
1597 3278 1629 3307 ct
1647 3269 1804 3308 accendi.
1827 3271 1963 3312 Idcirco
1985 3288 2066 3315 cum
2083 3292 2164 3317 exa,

136 3401 148 3415 ³
175 3396 326 3432 γινομένην
342 3390 433 3424 deest
450 3394 481 3425 in
500 3405 575 3426 11110.
592 3392 659 3427 Sub
677 3394 745 3427 liaee
764 3395 941 3429 innumerae
959 3404 1140 3439 sequuntur
1156 3397 1332 3429 varietates
1349 3395 1528 3428 lectionum
1548 3395 1614 3427 sine
1631 3406 1742 3427 sensus
1760 3394 1962 3430 discrimine.

226 3458 315 3482 TOM.
339 3458 391 3483 tx.

1906 3452 1955 3488 523
