<?xml version="1.0" encoding="UTF-8"?>
<!DOCTYPE html PUBLIC "-//W3C//DTD XHTML 1.0 Transitional//EN"
    "http://www.w3.org/TR/xhtml1/DTD/xhtml1-transitional.dtd">
<html xmlns="http://www.w3.org/1999/xhtml" xml:lang="en" lang="en">
 <head>
  <title>
</title>
<meta http-equiv="Content-Type" content="text/html;charset=utf-8" />
  <meta name='ocr-system' content='tesseract 3.04.00' />
  <meta name='ocr-capabilities' content='ocr_page ocr_carea ocr_par ocr_line ocrx_word'/>
</head>
<body>
  <div class='ocr_page' id='page_1' title='image "./operaomniaquaeex09johnuoft/operaomniaquaeex09johnuoft_0199.png"; bbox 0 0 2466 3805; ppageno 0'>
   <div class='ocr_carea' id='block_1_1' title="bbox 648 268 1223 301">
    <p class='ocr_par' dir='ltr' id='par_1_1' title="bbox 648 268 1223 301">
     <span class='ocr_line' id='line_1_1' title="bbox 648 268 1223 301; baseline -0.009 0"><span class='ocrx_word' id='word_1_1' title='bbox 648 272 693 301; x_wconf 70' lang='lat' dir='ltr'><strong>[N</strong></span> <span class='ocrx_word' id='word_1_2' title='bbox 729 271 843 301; x_wconf 69' lang='lat' dir='ltr'><strong>ACTA</strong></span> <span class='ocrx_word' id='word_1_3' title='bbox 879 268 1205 301; x_wconf 73' lang='lat' dir='ltr'>APOSTOLORUM</span> <span class='ocrx_word' id='word_1_4' title='bbox 1215 288 1223 297; x_wconf 88' lang='lat'><strong>.</strong></span> 
     </span>
    </p>
   </div>
   <div class='ocr_carea' id='block_1_2' title="bbox 71 350 1089 645">
    <p class='ocr_par' dir='ltr' id='par_1_2' title="bbox 71 350 1089 645">
     <span class='ocr_line' id='line_1_2' title="bbox 75 350 1086 404; baseline -0.006 -12"><span class='ocrx_word' id='word_1_5' title='bbox 75 355 151 397; x_wconf 85' lang='grc' dir='ltr'>σίας</span> <span class='ocrx_word' id='word_1_6' title='bbox 167 355 312 391; x_wconf 78' lang='grc' dir='ltr'>ἐνταῦθα</span> <span class='ocrx_word' id='word_1_7' title='bbox 333 352 378 390; x_wconf 75' lang='grc' dir='ltr'>τὰ</span> <span class='ocrx_word' id='word_1_8' title='bbox 396 354 457 397; x_wconf 82' lang='grc' dir='ltr'><strong>τῆς</strong></span> <span class='ocrx_word' id='word_1_9' title='bbox 473 351 645 402; x_wconf 81' lang='grc' dir='ltr'>τιμωρίας</span> <span class='ocrx_word' id='word_1_10' title='bbox 670 351 906 397; x_wconf 77' lang='grc' dir='ltr'>ποιῆσαι.Καὶ</span> <span class='ocrx_word' id='word_1_11' title='bbox 925 352 1006 404; x_wconf 81' lang='grc' dir='ltr'>ὅρα,</span> <span class='ocrx_word' id='word_1_12' title='bbox 1027 350 1086 401; x_wconf 77' lang='grc' dir='ltr'><strong>οἵῳ</strong></span> 
     </span>
     <span class='ocr_line' id='line_1_3' title="bbox 74 412 1088 466; baseline -0.004 -14"><span class='ocrx_word' id='word_1_13' title='bbox 74 413 220 466; x_wconf 77' lang='grc' dir='ltr'>κινδύνῳ</span> <span class='ocrx_word' id='word_1_14' title='bbox 235 412 446 466; x_wconf 72' lang='grc' dir='ltr'>ἐπιῤῥίπτων</span> <span class='ocrx_word' id='word_1_15' title='bbox 463 413 594 458; x_wconf 78' lang='grc' dir='ltr'>ἑαυτὸν,</span> <span class='ocrx_word' id='word_1_16' title='bbox 613 412 707 463; x_wconf 81' lang='grc' dir='ltr'>ὅμως</span> <span class='ocrx_word' id='word_1_17' title='bbox 722 413 781 450; x_wconf 79' lang='grc' dir='ltr'><strong>καὶ</strong></span> <span class='ocrx_word' id='word_1_18' title='bbox 797 412 885 450; x_wconf 79' lang='grc' dir='ltr'>οὕτω</span> <span class='ocrx_word' id='word_1_19' title='bbox 906 413 1063 465; x_wconf 68' lang='grc' dir='ltr'>φοὸεἷται</span> <span class='ocrx_word' id='word_1_20' title='bbox 1078 441 1088 459; x_wconf 82' lang='grc'>,</span> 
     </span>
     <span class='ocr_line' id='line_1_4' title="bbox 75 472 1087 525; baseline -0.003 -13"><span class='ocrx_word' id='word_1_21' title='bbox 75 474 124 525; x_wconf 82' lang='grc' dir='ltr'>μή</span> <span class='ocrx_word' id='word_1_22' title='bbox 144 490 177 511; x_wconf 90' lang='grc' dir='ltr'>τι</span> <span class='ocrx_word' id='word_1_23' title='bbox 197 474 291 525; x_wconf 84' lang='grc' dir='ltr'>πάθῃ</span> <span class='ocrx_word' id='word_1_24' title='bbox 321 472 439 512; x_wconf 83' lang='grc' dir='ltr'>κακόν.</span> <span class='ocrx_word' id='word_1_25' title='bbox 468 472 537 511; x_wconf 84' lang='grc' dir='ltr'><strong>Διὰ</strong></span> <span class='ocrx_word' id='word_1_26' title='bbox 555 477 655 511; x_wconf 77' lang='grc' dir='ltr'>τοῦτο</span> <span class='ocrx_word' id='word_1_27' title='bbox 673 477 751 524; x_wconf 74' lang='grc' dir='ltr'>γοῦν</span> <span class='ocrx_word' id='word_1_28' title='bbox 771 473 830 511; x_wconf 80' lang='grc' dir='ltr'><strong>καὶ</strong></span> <span class='ocrx_word' id='word_1_29' title='bbox 852 473 974 516; x_wconf 78' lang='grc' dir='ltr'>ἄλλους</span> <span class='ocrx_word' id='word_1_30' title='bbox 991 473 1087 523; x_wconf 88' lang='grc' dir='ltr'>λαμ-</span> 
     </span>
     <span class='ocr_line' id='line_1_5' title="bbox 72 531 1086 585; baseline -0.003 -13"><span class='ocrx_word' id='word_1_31' title='bbox 72 534 168 572; x_wconf 61' lang='lat' dir='ltr'><strong>&amp;olvat</strong></span> <span class='ocrx_word' id='word_1_32' title='bbox 189 535 262 584; x_wconf 79' lang='grc' dir='ltr'>μεθ’</span> <span class='ocrx_word' id='word_1_33' title='bbox 279 536 400 571; x_wconf 76' lang='grc' dir='ltr'>ἑαυτοῦ</span> <span class='ocrx_word' id='word_1_34' title='bbox 412 561 421 579; x_wconf 91' lang='grc'>,</span> <span class='ocrx_word' id='word_1_35' title='bbox 446 534 503 571; x_wconf 84' lang='grc' dir='ltr'><strong>τὸν</strong></span> <span class='ocrx_word' id='word_1_36' title='bbox 521 533 624 585; x_wconf 65' lang='grc' dir='ltr'>φόῧον</span> <span class='ocrx_word' id='word_1_37' title='bbox 641 533 735 585; x_wconf 69' lang='grc' dir='ltr'>τάχα</span> <span class='ocrx_word' id='word_1_38' title='bbox 751 532 1041 583; x_wconf 75' lang='grc' dir='ltr'>ὑποτεμνόμενος·</span> <span class='ocrx_word' id='word_1_39' title='bbox 1066 531 1086 577; x_wconf 80' lang='grc' dir='ltr'>ἢ</span> 
     </span>
     <span class='ocr_line' id='line_1_6' title="bbox 71 591 1089 645; baseline -0.004 -13"><span class='ocrx_word' id='word_1_40' title='bbox 71 594 131 632; x_wconf 76' lang='grc' dir='ltr'><strong>καὶ</strong></span> <span class='ocrx_word' id='word_1_41' title='bbox 158 594 232 632; x_wconf 79' lang='grc' dir='ltr'>ἐπεὶ</span> <span class='ocrx_word' id='word_1_42' title='bbox 268 593 358 631; x_wconf 83' lang='grc' dir='ltr'>κατὰ</span> <span class='ocrx_word' id='word_1_43' title='bbox 391 596 528 632; x_wconf 80' lang='grc' dir='ltr'>πολλῶν</span> <span class='ocrx_word' id='word_1_44' title='bbox 561 593 668 645; x_wconf 74' lang='grc' dir='ltr'>ἀπῄει</span> <span class='ocrx_word' id='word_1_45' title='bbox 680 623 690 640; x_wconf 93' lang='grc'>,</span> <span class='ocrx_word' id='word_1_46' title='bbox 722 591 870 636; x_wconf 77' lang='grc' dir='ltr'>πολλοὺς</span> <span class='ocrx_word' id='word_1_47' title='bbox 895 592 1067 643; x_wconf 69' lang='grc' dir='ltr'>λαμὸάνει</span> <span class='ocrx_word' id='word_1_48' title='bbox 1080 622 1089 639; x_wconf 90' lang='grc'>,</span> 
     </span>
    </p>
   </div>
   <div class='ocr_carea' id='block_1_3' title="bbox 2058 249 2142 296">
    <p class='ocr_par' dir='ltr' id='par_1_3' title="bbox 2058 249 2142 296">
     <span class='ocr_line' id='line_1_7' title="bbox 2058 249 2142 296; baseline 0.036 -3"><span class='ocrx_word' id='word_1_49' title='bbox 2058 249 2142 296; x_wconf 68' lang='grc'><strong>165</strong></span> 
     </span>
    </p>
   </div>
   <div class='ocr_carea' id='block_1_4' title="bbox 1156 345 2139 643">
    <p class='ocr_par' dir='ltr' id='par_1_4' title="bbox 1156 345 2139 643">
     <span class='ocr_line' id='line_1_8' title="bbox 1160 345 2139 399; baseline -0.004 -13"><span class='ocrx_word' id='word_1_50' title='bbox 1160 348 1232 386; x_wconf 70' lang='lat' dir='ltr'><strong>cit?</strong></span> <span class='ocrx_word' id='word_1_51' title='bbox 1249 348 1297 387; x_wconf 91' lang='lat' dir='ltr'><strong>Ut</strong></span> <span class='ocrx_word' id='word_1_52' title='bbox 1308 347 1395 386; x_wconf 67' lang='lat' dir='ltr'><strong>cum&#39;</strong></span> <span class='ocrx_word' id='word_1_53' title='bbox 1404 347 1530 399; x_wconf 88' lang='lat' dir='ltr'><strong>majori</strong></span> <span class='ocrx_word' id='word_1_54' title='bbox 1543 354 1713 398; x_wconf 76' lang='lat' dir='ltr'><strong>potestate</strong></span> <span class='ocrx_word' id='word_1_55' title='bbox 1727 345 1803 383; x_wconf 89' lang='lat' dir='ltr'><strong>illic</strong></span> <span class='ocrx_word' id='word_1_56' title='bbox 1816 345 2032 397; x_wconf 88' lang='lat' dir='ltr'><strong>supplicium</strong></span> <span class='ocrx_word' id='word_1_57' title='bbox 2045 346 2139 383; x_wconf 87' lang='lat' dir='ltr'><strong>inssi-</strong></span> 
     </span>
     <span class='ocr_line' id='line_1_9' title="bbox 1158 407 2138 461; baseline -0.004 -13"><span class='ocrx_word' id='word_1_58' title='bbox 1158 409 1461 461; x_wconf 78' lang='lat' dir='ltr'><strong>gereturEtvide,</strong></span> <span class='ocrx_word' id='word_1_59' title='bbox 1471 409 1508 447; x_wconf 90' lang='lat' dir='ltr'><strong>in</strong></span> <span class='ocrx_word' id='word_1_60' title='bbox 1520 417 1691 460; x_wconf 87' lang='lat' dir='ltr'><strong>quantum</strong></span> <span class='ocrx_word' id='word_1_61' title='bbox 1706 421 1742 446; x_wconf 90' lang='lat' dir='ltr'><strong>se</strong></span> <span class='ocrx_word' id='word_1_62' title='bbox 1752 407 1953 460; x_wconf 85' lang='lat' dir='ltr'><strong>periculum</strong></span> <span class='ocrx_word' id='word_1_63' title='bbox 1960 407 2138 458; x_wconf 80' lang='lat' dir='ltr'><strong>conjiciat3</strong></span> 
     </span>
     <span class='ocr_line' id='line_1_10' title="bbox 1158 468 2138 520; baseline -0.005 -10"><span class='ocrx_word' id='word_1_64' title='bbox 1158 481 1309 510; x_wconf 79' lang='lat' dir='ltr'><strong>attamen</strong></span> <span class='ocrx_word' id='word_1_65' title='bbox 1326 471 1375 509; x_wconf 87' lang='lat' dir='ltr'><strong>sic</strong></span> <span class='ocrx_word' id='word_1_66' title='bbox 1391 471 1503 519; x_wconf 89' lang='lat' dir='ltr'><strong>timet,</strong></span> <span class='ocrx_word' id='word_1_67' title='bbox 1522 485 1565 508; x_wconf 88' lang='lat' dir='ltr'><strong>ne</strong></span> <span class='ocrx_word' id='word_1_68' title='bbox 1582 469 1670 520; x_wconf 84' lang='lat' dir='ltr'><strong>quid</strong></span> <span class='ocrx_word' id='word_1_69' title='bbox 1691 469 1759 507; x_wconf 86' lang='lat' dir='ltr'><strong>sibi</strong></span> <span class='ocrx_word' id='word_1_70' title='bbox 1777 468 1863 506; x_wconf 89' lang='lat' dir='ltr'><strong>mali</strong></span> <span class='ocrx_word' id='word_1_71' title='bbox 1885 468 2034 505; x_wconf 80' lang='lat' dir='ltr'><strong>accidat.</strong></span> <span class='ocrx_word' id='word_1_72' title='bbox 2053 468 2138 506; x_wconf 87' lang='lat' dir='ltr'><strong>Ideo</strong></span> 
     </span>
     <span class='ocr_line' id='line_1_11' title="bbox 1156 529 2139 584; baseline -0.004 -14"><span class='ocrx_word' id='word_1_73' title='bbox 1156 546 1240 584; x_wconf 86' lang='lat' dir='ltr'><strong>ergo</strong></span> <span class='ocrx_word' id='word_1_74' title='bbox 1254 532 1342 569; x_wconf 87' lang='lat' dir='ltr'><strong>alios</strong></span> <span class='ocrx_word' id='word_1_75' title='bbox 1358 546 1476 570; x_wconf 89' lang='lat' dir='ltr'><strong>secum</strong></span> <span class='ocrx_word' id='word_1_76' title='bbox 1490 531 1650 577; x_wconf 84' lang='lat' dir='ltr'><strong>assumit,</strong></span> <span class='ocrx_word' id='word_1_77' title='bbox 1669 531 1758 568; x_wconf 86' lang='lat' dir='ltr'><strong>sorte</strong></span> <span class='ocrx_word' id='word_1_78' title='bbox 1771 544 1844 581; x_wconf 88' lang='lat' dir='ltr'><strong>prae</strong></span> <span class='ocrx_word' id='word_1_79' title='bbox 1858 538 1953 568; x_wconf 89' lang='lat' dir='ltr'><strong>metu</strong></span> <span class='ocrx_word' id='word_1_80' title='bbox 1967 545 1974 565; x_wconf 92' lang='lat'>:</span> <span class='ocrx_word' id='word_1_81' title='bbox 1986 529 2044 568; x_wconf 77' lang='lat' dir='ltr'><strong>Vel</strong></span> <span class='ocrx_word' id='word_1_82' title='bbox 2057 529 2139 579; x_wconf 76' lang='lat' dir='ltr'><strong>quia</strong></span> 
     </span>
     <span class='ocr_line' id='line_1_12' title="bbox 1159 590 2138 643; baseline -0.001 -13"><span class='ocrx_word' id='word_1_83' title='bbox 1159 603 1280 631; x_wconf 87' lang='lat' dir='ltr'><strong>contra</strong></span> <span class='ocrx_word' id='word_1_84' title='bbox 1299 593 1429 630; x_wconf 81' lang='lat' dir='ltr'><strong>multos</strong></span> <span class='ocrx_word' id='word_1_85' title='bbox 1458 593 1547 640; x_wconf 79' lang='lat' dir='ltr'><strong>ibat,</strong></span> <span class='ocrx_word' id='word_1_86' title='bbox 1574 593 1704 630; x_wconf 87' lang='lat' dir='ltr'><strong>multos</strong></span> <span class='ocrx_word' id='word_1_87' title='bbox 1725 591 1867 643; x_wconf 83' lang='lat' dir='ltr'><strong>accipit,</strong></span> <span class='ocrx_word' id='word_1_88' title='bbox 1890 600 1930 628; x_wconf 88' lang='lat' dir='ltr'><strong>ut</strong></span> <span class='ocrx_word' id='word_1_89' title='bbox 1953 590 2138 641; x_wconf 85' lang='lat' dir='ltr'><strong>audacius,</strong></span> 
     </span>
    </p>
   </div>
   <div class='ocr_carea' id='block_1_5' title="bbox 1262 267 1550 297">
    <p class='ocr_par' dir='ltr' id='par_1_5' title="bbox 1262 267 1550 297">
     <span class='ocr_line' id='line_1_13' title="bbox 1262 267 1550 297; baseline -0.007 0"><span class='ocrx_word' id='word_1_90' title='bbox 1262 268 1417 297; x_wconf 78' lang='lat' dir='ltr'><strong>HOMlL.</strong></span> <span class='ocrx_word' id='word_1_91' title='bbox 1456 267 1550 297; x_wconf 81' lang='lat' dir='ltr'>XIX.</span> 
     </span>
    </p>
   </div>
   <div class='ocr_carea' id='block_1_6' title="bbox 72 652 2142 766">
    <p class='ocr_par' dir='ltr' id='par_1_6' title="bbox 72 652 2142 766">
     <span class='ocr_line' id='line_1_14' title="bbox 72 652 2141 710; baseline -0.005 -9"><span class='ocrx_word' id='word_1_92' title='bbox 72 656 164 700; x_wconf 72' lang='grc' dir='ltr'><strong>ὅπως</strong></span> <span class='ocrx_word' id='word_1_93' title='bbox 182 655 474 709; x_wconf 68' lang='grc' dir='ltr'>θαρσαλεώτερον,</span> <span class='ocrx_word' id='word_1_94' title='bbox 493 653 565 696; x_wconf 67' lang='grc' dir='ltr'><strong>Οὓς</strong></span> <span class='ocrx_word' id='word_1_95' title='bbox 585 653 624 691; x_wconf 76' lang='grc' dir='ltr'><strong>ἂν</strong></span> <span class='ocrx_word' id='word_1_96' title='bbox 658 653 737 704; x_wconf 72' lang='grc' dir='ltr'>εὕρῃ</span> <span class='ocrx_word' id='word_1_97' title='bbox 753 653 878 704; x_wconf 72' lang='grc' dir='ltr'>ἄνδρας</span> <span class='ocrx_word' id='word_1_98' title='bbox 896 669 933 690; x_wconf 86' lang='grc' dir='ltr'><strong>τε</strong></span> <span class='ocrx_word' id='word_1_99' title='bbox 950 652 1009 690; x_wconf 70' lang='grc' dir='ltr'><strong>καὶ</strong></span> <span class='ocrx_word' id='word_1_100' title='bbox 1028 668 1087 703; x_wconf 81' lang='grc' dir='ltr'>γυ-</span> <span class='ocrx_word' id='word_1_101' title='bbox 1101 686 1148 710; x_wconf 80' lang='lat'><strong>156</strong></span> <span class='ocrx_word' id='word_1_102' title='bbox 1160 655 1199 692; x_wconf 86' lang='lat' dir='ltr'><strong>Si</strong></span> <span class='ocrx_word' id='word_1_103' title='bbox 1217 667 1310 706; x_wconf 87' lang='lat' dir='ltr'><strong>quos</strong></span> <span class='ocrx_word' id='word_1_104' title='bbox 1342 656 1530 691; x_wconf 82' lang='lat' dir='ltr'><strong>inveniret</strong></span> <span class='ocrx_word' id='word_1_105' title='bbox 1561 656 1668 691; x_wconf 78' lang='lat' dir='ltr'><strong>viros</strong></span> <span class='ocrx_word' id='word_1_106' title='bbox 1689 667 1735 691; x_wconf 88' lang='lat' dir='ltr'><strong>ac</strong></span> <span class='ocrx_word' id='word_1_107' title='bbox 1764 653 1958 699; x_wconf 71' lang='lat' dir='ltr'><strong>mulieres,</strong></span> <span class='ocrx_word' id='word_1_108' title='bbox 1988 655 2141 690; x_wconf 78' lang='lat' dir='ltr'><strong>vinctos</strong></span> 
     </span>
     <span class='ocr_line' id='line_1_15' title="bbox 72 712 2142 766; baseline -0.002 -11"><span class='ocrx_word' id='word_1_109' title='bbox 72 723 214 764; x_wconf 83' lang='grc' dir='ltr'>ναῖκας,</span> <span class='ocrx_word' id='word_1_110' title='bbox 235 715 433 766; x_wconf 74' lang='grc' dir='ltr'>δεδεμένους</span> <span class='ocrx_word' id='word_1_111' title='bbox 454 714 566 766; x_wconf 64' lang='grc' dir='ltr'>ἀγάγῃ</span> <span class='ocrx_word' id='word_1_112' title='bbox 587 717 621 752; x_wconf 81' lang='grc' dir='ltr'><strong>ἐν</strong></span> <span class='ocrx_word' id='word_1_113' title='bbox 641 712 883 764; x_wconf 73' lang='grc' dir='ltr'>Ἰερουσαλήμ.</span> <span class='ocrx_word' id='word_1_114' title='bbox 905 712 1036 755; x_wconf 83' lang='grc' dir='ltr'>Ἄλλως</span> <span class='ocrx_word' id='word_1_115' title='bbox 1051 729 1089 750; x_wconf 89' lang='grc' dir='ltr'><strong>τε</strong></span> <span class='ocrx_word' id='word_1_116' title='bbox 1112 722 1139 751; x_wconf 87' lang='grc' dir='ltr'><strong>Α</strong></span> <span class='ocrx_word' id='word_1_117' title='bbox 1157 715 1381 764; x_wconf 85' lang='lat' dir='ltr'><strong>perduceret</strong></span> <span class='ocrx_word' id='word_1_118' title='bbox 1415 715 1456 749; x_wconf 85' lang='lat' dir='ltr'><strong>in</strong></span> <span class='ocrx_word' id='word_1_119' title='bbox 1474 713 1703 750; x_wconf 80' lang='lat' dir='ltr'><strong>Jerusalem.</strong></span> <span class='ocrx_word' id='word_1_120' title='bbox 1726 712 1894 763; x_wconf 81' lang='lat' dir='ltr'>Alioquin</span> <span class='ocrx_word' id='word_1_121' title='bbox 1922 722 2041 750; x_wconf 83' lang='lat' dir='ltr'><strong>autem</strong></span> <span class='ocrx_word' id='word_1_122' title='bbox 2067 713 2142 764; x_wconf 85' lang='lat' dir='ltr'><strong>ipsc</strong></span> 
     </span>
    </p>
   </div>
   <div class='ocr_carea' id='block_1_7' title="bbox 73 772 1091 1130">
    <p class='ocr_par' dir='ltr' id='par_1_7' title="bbox 73 772 1091 1130">
     <span class='ocr_line' id='line_1_16' title="bbox 73 772 1089 823; baseline -0.006 -8"><span class='ocrx_word' id='word_1_123' title='bbox 73 779 133 815; x_wconf 78' lang='grc' dir='ltr'><strong>καὶ</strong></span> <span class='ocrx_word' id='word_1_124' title='bbox 150 777 206 814; x_wconf 78' lang='grc' dir='ltr'><strong>διὰ</strong></span> <span class='ocrx_word' id='word_1_125' title='bbox 234 780 296 823; x_wconf 69' lang='grc' dir='ltr'><strong>τῆς</strong></span> <span class='ocrx_word' id='word_1_126' title='bbox 321 778 397 814; x_wconf 78' lang='grc' dir='ltr'>ὁδοῦ</span> <span class='ocrx_word' id='word_1_127' title='bbox 423 782 528 813; x_wconf 82' lang='grc' dir='ltr'>πᾶσιν</span> <span class='ocrx_word' id='word_1_128' title='bbox 548 777 662 817; x_wconf 84' lang='grc' dir='ltr'>αὐτοῖς</span> <span class='ocrx_word' id='word_1_129' title='bbox 681 773 788 817; x_wconf 80' lang='grc' dir='ltr'>δεῖξαι</span> <span class='ocrx_word' id='word_1_130' title='bbox 807 772 966 810; x_wconf 66' lang='grc' dir='ltr'>ἐδούλετο</span> <span class='ocrx_word' id='word_1_131' title='bbox 985 774 1089 810; x_wconf 79' lang='grc' dir='ltr'>αὐτοῦ</span> 
     </span>
     <span class='ocr_line' id='line_1_17' title="bbox 73 833 1089 879; baseline -0.006 -4"><span class='ocrx_word' id='word_1_132' title='bbox 73 838 113 875; x_wconf 84' lang='grc' dir='ltr'>τὸ</span> <span class='ocrx_word' id='word_1_133' title='bbox 133 844 202 874; x_wconf 72' lang='grc' dir='ltr'><strong>πᾶν</strong></span> <span class='ocrx_word' id='word_1_134' title='bbox 221 837 256 874; x_wconf 79' lang='grc' dir='ltr'><strong>ὄν</strong></span> <span class='ocrx_word' id='word_1_135' title='bbox 271 853 279 860; x_wconf 96' lang='grc'>·</span> <span class='ocrx_word' id='word_1_136' title='bbox 299 836 406 879; x_wconf 76' lang='grc' dir='ltr'>οὕτως</span> <span class='ocrx_word' id='word_1_137' title='bbox 428 837 551 873; x_wconf 85' lang='grc' dir='ltr'>ἐκεῖνοι</span> <span class='ocrx_word' id='word_1_138' title='bbox 573 836 636 872; x_wconf 79' lang='grc' dir='ltr'><strong>οὐκ</strong></span> <span class='ocrx_word' id='word_1_139' title='bbox 656 833 863 877; x_wconf 79' lang='grc' dir='ltr'>ἐσπούδαζον</span> <span class='ocrx_word' id='word_1_140' title='bbox 883 838 995 871; x_wconf 77' lang='grc' dir='ltr'>τοῦτο.</span> <span class='ocrx_word' id='word_1_141' title='bbox 1019 833 1089 870; x_wconf 83' lang='grc' dir='ltr'><strong>Καὶ</strong></span> 
     </span>
     <span class='ocr_line' id='line_1_18' title="bbox 74 893 1088 949; baseline -0.005 -14"><span class='ocrx_word' id='word_1_142' title='bbox 74 899 138 949; x_wconf 80' lang='grc' dir='ltr'><strong>ὅρα</strong></span> <span class='ocrx_word' id='word_1_143' title='bbox 168 898 269 935; x_wconf 80' lang='grc' dir='ltr'>αὐτὸν</span> <span class='ocrx_word' id='word_1_144' title='bbox 295 899 342 940; x_wconf 85' lang='grc' dir='ltr'><strong>εἷς</strong></span> <span class='ocrx_word' id='word_1_145' title='bbox 362 895 516 949; x_wconf 81' lang='grc' dir='ltr'>φυλακὴν</span> <span class='ocrx_word' id='word_1_146' title='bbox 542 895 762 946; x_wconf 72' lang='grc' dir='ltr'>ἐμὸάλλοντα</span> <span class='ocrx_word' id='word_1_147' title='bbox 791 894 852 932; x_wconf 84' lang='grc' dir='ltr'><strong>καὶ</strong></span> <span class='ocrx_word' id='word_1_148' title='bbox 871 894 938 946; x_wconf 87' lang='grc' dir='ltr'>πρὸ</span> <span class='ocrx_word' id='word_1_149' title='bbox 955 893 1088 931; x_wconf 78' lang='grc' dir='ltr'>τούτου.</span> 
     </span>
     <span class='ocr_line' id='line_1_19' title="bbox 75 949 1091 1007; baseline -0.006 -11"><span class='ocrx_word' id='word_1_150' title='bbox 75 960 226 996; x_wconf 85' lang='grc' dir='ltr'>Ἐκεῖνοι</span> <span class='ocrx_word' id='word_1_151' title='bbox 244 957 305 1004; x_wconf 82' lang='grc' dir='ltr'><strong>μὲν</strong></span> <span class='ocrx_word' id='word_1_152' title='bbox 327 952 383 994; x_wconf 70' lang='grc' dir='ltr'><strong>οῧν</strong></span> <span class='ocrx_word' id='word_1_153' title='bbox 411 958 471 995; x_wconf 78' lang='grc' dir='ltr'><strong>οὐκ</strong></span> <span class='ocrx_word' id='word_1_154' title='bbox 492 956 649 1007; x_wconf 76' lang='grc' dir='ltr'>ἴσχυσαν,</span> <span class='ocrx_word' id='word_1_155' title='bbox 665 949 762 997; x_wconf 60' lang='grc' dir='ltr'>οὗτος</span> <span class='ocrx_word' id='word_1_156' title='bbox 791 953 827 992; x_wconf 77' lang='grc' dir='ltr'><strong>δὲ</strong></span> <span class='ocrx_word' id='word_1_157' title='bbox 854 954 995 1005; x_wconf 75' lang='grc' dir='ltr'>ἴσχυσεν</span> <span class='ocrx_word' id='word_1_158' title='bbox 1022 953 1091 991; x_wconf 78' lang='grc' dir='ltr'>ἀπὸ</span> 
     </span>
     <span class='ocr_line' id='line_1_20' title="bbox 75 1014 1090 1070; baseline -0.006 -14"><span class='ocrx_word' id='word_1_159' title='bbox 75 1023 136 1066; x_wconf 69' lang='grc' dir='ltr'><strong>τῆς</strong></span> <span class='ocrx_word' id='word_1_160' title='bbox 156 1019 358 1070; x_wconf 76' lang='grc' dir='ltr'>προθυμίας.</span> <span class='ocrx_word' id='word_1_161' title='bbox 382 1017 442 1055; x_wconf 79' lang='grc' dir='ltr'><strong>Ἐν</strong></span> <span class='ocrx_word' id='word_1_162' title='bbox 463 1018 498 1054; x_wconf 79' lang='grc' dir='ltr'><strong>δὲ</strong></span> <span class='ocrx_word' id='word_1_163' title='bbox 521 1019 570 1067; x_wconf 83' lang='grc' dir='ltr'>τῷ</span> <span class='ocrx_word' id='word_1_164' title='bbox 599 1015 804 1066; x_wconf 82' lang='grc' dir='ltr'>πορεύεσθαι</span> <span class='ocrx_word' id='word_1_165' title='bbox 822 1014 958 1064; x_wconf 83' lang='grc' dir='ltr'>ἐγένετο</span> <span class='ocrx_word' id='word_1_166' title='bbox 988 1014 1090 1052; x_wconf 79' lang='grc' dir='ltr'>αὐτὸν</span> 
     </span>
     <span class='ocr_line' id='line_1_21' title="bbox 75 1076 1090 1130; baseline -0.004 -13"><span class='ocrx_word' id='word_1_167' title='bbox 75 1079 220 1130; x_wconf 81' lang='grc' dir='ltr'>ἐγγίζειν</span> <span class='ocrx_word' id='word_1_168' title='bbox 248 1082 291 1129; x_wconf 80' lang='grc' dir='ltr'>τῇ</span> <span class='ocrx_word' id='word_1_169' title='bbox 322 1080 516 1129; x_wconf 83' lang='grc' dir='ltr'>Δαμασκῷ·</span> <span class='ocrx_word' id='word_1_170' title='bbox 551 1077 611 1114; x_wconf 81' lang='grc' dir='ltr'><strong>καὶ</strong></span> <span class='ocrx_word' id='word_1_171' title='bbox 640 1076 800 1128; x_wconf 63' lang='grc' dir='ltr'>ἐξαίφνης</span> <span class='ocrx_word' id='word_1_172' title='bbox 832 1077 1090 1129; x_wconf 71' lang='grc' dir='ltr'>περιήστραψεν</span> 
     </span>
    </p>
   </div>
   <div class='ocr_carea' id='block_1_8' title="bbox 76 1134 1119 1190">
    <p class='ocr_par' dir='ltr' id='par_1_8' title="bbox 76 1134 1119 1190">
     <span class='ocr_line' id='line_1_22' title="bbox 76 1134 1119 1190; baseline -0.004 -13"><span class='ocrx_word' id='word_1_173' title='bbox 76 1140 176 1177; x_wconf 82' lang='grc' dir='ltr'>αὐτὸν</span> <span class='ocrx_word' id='word_1_174' title='bbox 204 1141 274 1190; x_wconf 80' lang='grc' dir='ltr'><strong>φῶς</strong></span> <span class='ocrx_word' id='word_1_175' title='bbox 294 1138 362 1176; x_wconf 85' lang='grc' dir='ltr'>ἀπὸ</span> <span class='ocrx_word' id='word_1_176' title='bbox 386 1141 445 1175; x_wconf 78' lang='grc' dir='ltr'><strong>τοῦ</strong></span> <span class='ocrx_word' id='word_1_177' title='bbox 472 1139 633 1188; x_wconf 69' lang='grc' dir='ltr'>οὐρανοῦ,</span> <span class='ocrx_word' id='word_1_178' title='bbox 650 1136 709 1174; x_wconf 81' lang='grc' dir='ltr'><strong>καὶ</strong></span> <span class='ocrx_word' id='word_1_179' title='bbox 725 1134 841 1173; x_wconf 84' lang='grc' dir='ltr'>πεσὼν</span> <span class='ocrx_word' id='word_1_180' title='bbox 861 1136 917 1174; x_wconf 83' lang='grc' dir='ltr'>ἐπὶ</span> <span class='ocrx_word' id='word_1_181' title='bbox 934 1135 996 1182; x_wconf 86' lang='grc' dir='ltr'><strong>τὴν</strong></span> <span class='ocrx_word' id='word_1_182' title='bbox 1013 1140 1090 1187; x_wconf 79' lang='grc' dir='ltr'><strong>γῆν,</strong></span> <span class='ocrx_word' id='word_1_183' title='bbox 1114 1176 1119 1180; x_wconf 76' lang='lat'>.</span> 
     </span>
    </p>
   </div>
   <div class='ocr_carea' id='block_1_9' title="bbox 74 1195 1092 1370">
    <p class='ocr_par' dir='ltr' id='par_1_9' title="bbox 74 1195 1092 1370">
     <span class='ocr_line' id='line_1_23' title="bbox 74 1195 1092 1250; baseline -0.003 -13"><span class='ocrx_word' id='word_1_184' title='bbox 74 1200 200 1246; x_wconf 79' lang='grc' dir='ltr'>ἤκουσε</span> <span class='ocrx_word' id='word_1_185' title='bbox 229 1202 344 1250; x_wconf 66' lang='grc' dir='ltr'>φωνῆς</span> <span class='ocrx_word' id='word_1_186' title='bbox 364 1197 531 1250; x_wconf 80' lang='grc' dir='ltr'>λεγούσης</span> <span class='ocrx_word' id='word_1_187' title='bbox 551 1199 643 1249; x_wconf 81' lang='grc' dir='ltr'>αὐτῷ</span> <span class='ocrx_word' id='word_1_188' title='bbox 655 1212 662 1219; x_wconf 89' lang='grc'>·</span> <span class='ocrx_word' id='word_1_189' title='bbox 680 1195 797 1234; x_wconf 68' lang='grc' dir='ltr'>Σαοὺλ</span> <span class='ocrx_word' id='word_1_190' title='bbox 809 1225 820 1244; x_wconf 85' lang='grc'>,</span> <span class='ocrx_word' id='word_1_191' title='bbox 841 1196 979 1243; x_wconf 78' lang='grc' dir='ltr'>Σαοὺλ,</span> <span class='ocrx_word' id='word_1_192' title='bbox 996 1196 1031 1234; x_wconf 88' lang='grc' dir='ltr'>τί</span> <span class='ocrx_word' id='word_1_193' title='bbox 1048 1213 1092 1247; x_wconf 90' lang='grc' dir='ltr'><strong>με</strong></span> 
     </span>
     <span class='ocr_line' id='line_1_24' title="bbox 75 1259 239 1306; baseline -0.012 -8"><span class='ocrx_word' id='word_1_194' title='bbox 75 1259 210 1302; x_wconf 78' lang='grc' dir='ltr'>διώκεις</span> <span class='ocrx_word' id='word_1_195' title='bbox 229 1275 239 1306; x_wconf 88' lang='grc'><strong>;</strong></span> 
     </span>
     <span class='ocr_line' id='line_1_25' title="bbox 129 1317 1090 1370; baseline -0.003 -12"><span class='ocrx_word' id='word_1_196' title='bbox 129 1319 196 1358; x_wconf 75' lang='grc' dir='ltr'><strong>Διὰ</strong></span> <span class='ocrx_word' id='word_1_197' title='bbox 209 1319 242 1357; x_wconf 88' lang='grc' dir='ltr'>τί</span> <span class='ocrx_word' id='word_1_198' title='bbox 263 1318 311 1370; x_wconf 87' lang='grc' dir='ltr'>μὴ</span> <span class='ocrx_word' id='word_1_199' title='bbox 340 1320 373 1356; x_wconf 84' lang='grc' dir='ltr'><strong>ἐν</strong></span> <span class='ocrx_word' id='word_1_200' title='bbox 400 1317 672 1370; x_wconf 83' lang='grc' dir='ltr'>Ἱεροσολύμοις;</span> <span class='ocrx_word' id='word_1_201' title='bbox 702 1318 759 1355; x_wconf 83' lang='grc' dir='ltr'><strong>διὰ</strong></span> <span class='ocrx_word' id='word_1_202' title='bbox 777 1317 811 1355; x_wconf 91' lang='grc' dir='ltr'>τί</span> <span class='ocrx_word' id='word_1_203' title='bbox 831 1317 879 1368; x_wconf 87' lang='grc' dir='ltr'>μὴ</span> <span class='ocrx_word' id='word_1_204' title='bbox 899 1318 1035 1369; x_wconf 84' lang='grc' dir='ltr'>γέγονεν</span> <span class='ocrx_word' id='word_1_205' title='bbox 1057 1321 1090 1357; x_wconf 80' lang='grc' dir='ltr'><strong>ἐν</strong></span> 
     </span>
    </p>
   </div>
   <div class='ocr_carea' id='block_1_10' title="bbox 463 1378 532 1393">
    <p class='ocr_par' dir='ltr' id='par_1_10' title="bbox 463 1378 532 1393">
     <span class='ocr_line' id='line_1_26' title="bbox 463 1378 532 1393; baseline -0.029 0"><span class='ocrx_word' id='word_1_206' title='bbox 463 1379 470 1390; x_wconf 67' lang='grc' dir='ltr'><strong>Ἰ</strong></span> <span class='ocrx_word' id='word_1_207' title='bbox 505 1378 532 1393; x_wconf 61' lang='lat' dir='ltr'><strong>a?</strong></span> 
     </span>
    </p>
   </div>
   <div class='ocr_carea' id='block_1_11' title="bbox 1159 770 2150 1366">
    <p class='ocr_par' dir='ltr' id='par_1_11' title="bbox 1159 770 2149 1306">
     <span class='ocr_line' id='line_1_27' title="bbox 1159 770 2142 823; baseline 0.003 -16"><span class='ocrx_word' id='word_1_208' title='bbox 1159 786 1222 823; x_wconf 86' lang='lat' dir='ltr'><strong>per</strong></span> <span class='ocrx_word' id='word_1_209' title='bbox 1239 772 1336 810; x_wconf 85' lang='lat' dir='ltr'><strong>viam</strong></span> <span class='ocrx_word' id='word_1_210' title='bbox 1355 770 1536 809; x_wconf 74' lang='lat' dir='ltr'><strong>ostendere</strong></span> <span class='ocrx_word' id='word_1_211' title='bbox 1551 771 1594 808; x_wconf 91' lang='lat' dir='ltr'><strong>iis</strong></span> <span class='ocrx_word' id='word_1_212' title='bbox 1607 771 1771 809; x_wconf 86' lang='lat' dir='ltr'><strong>omnibus</strong></span> <span class='ocrx_word' id='word_1_213' title='bbox 1790 772 1944 821; x_wconf 75' lang='lat' dir='ltr'><strong>volebat,</strong></span> <span class='ocrx_word' id='word_1_214' title='bbox 1968 781 2081 810; x_wconf 89' lang='lat' dir='ltr'><strong>totum</strong></span> <span class='ocrx_word' id='word_1_215' title='bbox 2097 773 2142 810; x_wconf 87' lang='lat' dir='ltr'><strong>ab</strong></span> 
     </span>
     <span class='ocr_line' id='line_1_28' title="bbox 1162 832 2143 884; baseline 0.001 -14"><span class='ocrx_word' id='word_1_216' title='bbox 1162 847 1197 870; x_wconf 90' lang='lat' dir='ltr'><strong>se</strong></span> <span class='ocrx_word' id='word_1_217' title='bbox 1214 832 1391 884; x_wconf 85' lang='lat' dir='ltr'><strong>proficisci</strong></span> <span class='ocrx_word' id='word_1_218' title='bbox 1408 832 1478 869; x_wconf 88' lang='lat' dir='ltr'><strong>:ita</strong></span> <span class='ocrx_word' id='word_1_219' title='bbox 1501 832 1553 869; x_wconf 86' lang='lat' dir='ltr'><strong>illi</strong></span> <span class='ocrx_word' id='word_1_220' title='bbox 1580 832 1674 869; x_wconf 86' lang='lat' dir='ltr'>nihil</span> <span class='ocrx_word' id='word_1_221' title='bbox 1701 832 1769 869; x_wconf 88' lang='lat' dir='ltr'><strong>hoc</strong></span> <span class='ocrx_word' id='word_1_222' title='bbox 1789 833 1972 870; x_wconf 81' lang='lat' dir='ltr'>curabant.</span> <span class='ocrx_word' id='word_1_223' title='bbox 1996 833 2043 870; x_wconf 84' lang='lat' dir='ltr'><strong>Et</strong></span> <span class='ocrx_word' id='word_1_224' title='bbox 2058 833 2143 871; x_wconf 82' lang='lat' dir='ltr'><strong>vide</strong></span> 
     </span>
     <span class='ocr_line' id='line_1_29' title="bbox 1160 892 2145 944; baseline 0.002 -15"><span class='ocrx_word' id='word_1_225' title='bbox 1160 892 1265 929; x_wconf 81' lang='lat' dir='ltr'><strong>illum</strong></span> <span class='ocrx_word' id='word_1_226' title='bbox 1283 892 1431 929; x_wconf 86' lang='lat' dir='ltr'><strong>antehac</strong></span> <span class='ocrx_word' id='word_1_227' title='bbox 1444 892 1481 929; x_wconf 89' lang='lat' dir='ltr'><strong>in</strong></span> <span class='ocrx_word' id='word_1_228' title='bbox 1498 906 1671 929; x_wconf 81' lang='lat' dir='ltr'><strong>carcerem</strong></span> <span class='ocrx_word' id='word_1_229' title='bbox 1689 892 1943 943; x_wconf 74' lang='lat' dir='ltr'><strong>conjicientem.</strong></span> <span class='ocrx_word' id='word_1_230' title='bbox 1957 893 2015 930; x_wconf 86' lang='lat' dir='ltr'><strong>Illi</strong></span> <span class='ocrx_word' id='word_1_231' title='bbox 2034 894 2145 944; x_wconf 81' lang='lat' dir='ltr'><strong>igitur</strong></span> 
     </span>
     <span class='ocr_line' id='line_1_30' title="bbox 1162 952 2145 1003; baseline 0 -13"><span class='ocrx_word' id='word_1_232' title='bbox 1162 966 1232 990; x_wconf 90' lang='lat' dir='ltr'><strong>non</strong></span> <span class='ocrx_word' id='word_1_233' title='bbox 1254 952 1504 999; x_wconf 82' lang='lat' dir='ltr'><strong>valebant,hic</strong></span> <span class='ocrx_word' id='word_1_234' title='bbox 1516 965 1600 990; x_wconf 82' lang='lat' dir='ltr'><strong>vero</strong></span> <span class='ocrx_word' id='word_1_235' title='bbox 1616 966 1689 1003; x_wconf 83' lang='lat' dir='ltr'><strong>prae</strong></span> <span class='ocrx_word' id='word_1_236' title='bbox 1704 952 1843 990; x_wconf 85' lang='lat' dir='ltr'><strong>fervore</strong></span> <span class='ocrx_word' id='word_1_237' title='bbox 1861 961 2009 1003; x_wconf 84' lang='lat' dir='ltr'><strong>poterat.</strong></span> <span class='ocrx_word' id='word_1_238' title='bbox 2030 954 2068 990; x_wconf 82' lang='lat'><strong>5.</strong></span> <span class='ocrx_word' id='word_1_239' title='bbox 2091 956 2145 990; x_wconf 89' lang='lat' dir='ltr'><strong>Et</strong></span> 
     </span>
     <span class='ocr_line' id='line_1_31' title="bbox 1162 1014 2146 1065; baseline 0.001 -15"><span class='ocrx_word' id='word_1_240' title='bbox 1162 1027 1249 1051; x_wconf 89' lang='lat' dir='ltr'><strong>cum</strong></span> <span class='ocrx_word' id='word_1_241' title='bbox 1283 1016 1357 1050; x_wconf 87' lang='lat' dir='ltr'><strong>iter</strong></span> <span class='ocrx_word' id='word_1_242' title='bbox 1371 1014 1544 1065; x_wconf 84' lang='lat' dir='ltr'><strong>faceret,</strong></span> <span class='ocrx_word' id='word_1_243' title='bbox 1562 1015 1721 1063; x_wconf 81' lang='lat' dir='ltr'><strong>contigit</strong></span> <span class='ocrx_word' id='word_1_244' title='bbox 1751 1020 1792 1049; x_wconf 89' lang='lat' dir='ltr'><strong>ut</strong></span> <span class='ocrx_word' id='word_1_245' title='bbox 1820 1015 2146 1065; x_wconf 74' lang='lat' dir='ltr'><strong><em>appropinquaret</em></strong></span> 
     </span>
     <span class='ocr_line' id='line_1_32' title="bbox 1165 1073 2146 1124; baseline -0.001 -13"><span class='ocrx_word' id='word_1_246' title='bbox 1165 1075 1361 1111; x_wconf 82' lang='lat' dir='ltr'><em>Damasco</em></span> <span class='ocrx_word' id='word_1_247' title='bbox 1386 1089 1397 1109; x_wconf 92' lang='lat'><strong>.·</strong></span> <span class='ocrx_word' id='word_1_248' title='bbox 1423 1081 1460 1110; x_wconf 88' lang='lat' dir='ltr'><strong>et</strong></span> <span class='ocrx_word' id='word_1_249' title='bbox 1501 1075 1626 1111; x_wconf 83' lang='lat' dir='ltr'><strong>subito</strong></span> <span class='ocrx_word' id='word_1_250' title='bbox 1663 1073 1921 1124; x_wconf 78' lang='lat' dir='ltr'><em>circumfulsit</em></span> <span class='ocrx_word' id='word_1_251' title='bbox 1955 1087 2041 1110; x_wconf 86' lang='lat' dir='ltr'><strong>eum</strong></span> <span class='ocrx_word' id='word_1_252' title='bbox 2079 1075 2146 1111; x_wconf 72' lang='lat' dir='ltr'><strong>lucc</strong></span> 
     </span>
     <span class='ocr_line' id='line_1_33' title="bbox 1165 1133 2148 1178; baseline 0 -8"><span class='ocrx_word' id='word_1_253' title='bbox 1165 1135 1212 1170; x_wconf 87' lang='lat' dir='ltr'><strong>de</strong></span> <span class='ocrx_word' id='word_1_254' title='bbox 1238 1134 1354 1178; x_wconf 85' lang='lat' dir='ltr'><strong>coelo,·</strong></span> <span class='ocrx_word' id='word_1_255' title='bbox 1370 1134 1408 1171; x_wconf 71' lang='lat'><strong>4.</strong></span> <span class='ocrx_word' id='word_1_256' title='bbox 1433 1141 1470 1170; x_wconf 89' lang='lat' dir='ltr'><strong>et</strong></span> <span class='ocrx_word' id='word_1_257' title='bbox 1497 1133 1640 1170; x_wconf 86' lang='lat' dir='ltr'><strong>cadens</strong></span> <span class='ocrx_word' id='word_1_258' title='bbox 1665 1134 1706 1169; x_wconf 84' lang='lat' dir='ltr'><strong>in</strong></span> <span class='ocrx_word' id='word_1_259' title='bbox 1736 1141 1877 1169; x_wconf 84' lang='lat' dir='ltr'><strong>terram</strong></span> <span class='ocrx_word' id='word_1_260' title='bbox 1903 1134 2052 1170; x_wconf 77' lang='lat' dir='ltr'><strong>audivit</strong></span> <span class='ocrx_word' id='word_1_261' title='bbox 2077 1147 2148 1171; x_wconf 81' lang='lat' dir='ltr'><strong>vo—</strong></span> 
     </span>
     <span class='ocr_line' id='line_1_34' title="bbox 1164 1193 2149 1245; baseline -0.001 -14"><span class='ocrx_word' id='word_1_262' title='bbox 1164 1208 1246 1232; x_wconf 88' lang='lat' dir='ltr'><strong>cem</strong></span> <span class='ocrx_word' id='word_1_263' title='bbox 1282 1195 1473 1231; x_wconf 79' lang='lat' dir='ltr'><strong>dicentem</strong></span> <span class='ocrx_word' id='word_1_264' title='bbox 1506 1195 1585 1231; x_wconf 89' lang='lat' dir='ltr'><strong>sihi</strong></span> <span class='ocrx_word' id='word_1_265' title='bbox 1606 1208 1616 1228; x_wconf 92' lang='lat'><em>:</em></span> <span class='ocrx_word' id='word_1_266' title='bbox 1637 1193 1765 1238; x_wconf 83' lang='lat' dir='ltr'><em>Saule,</em></span> <span class='ocrx_word' id='word_1_267' title='bbox 1802 1193 1932 1242; x_wconf 81' lang='lat' dir='ltr'><strong>Saule,</strong></span> <span class='ocrx_word' id='word_1_268' title='bbox 1962 1193 2056 1245; x_wconf 86' lang='lat' dir='ltr'><strong>quid</strong></span> <span class='ocrx_word' id='word_1_269' title='bbox 2090 1208 2149 1230; x_wconf 89' lang='lat' dir='ltr'><strong>me</strong></span> 
     </span>
     <span class='ocr_line' id='line_1_35' title="bbox 1161 1257 1426 1306; baseline -0.004 -14"><span class='ocrx_word' id='word_1_270' title='bbox 1161 1257 1398 1306; x_wconf 81' lang='lat' dir='ltr'><strong>persequeris</strong></span> <span class='ocrx_word' id='word_1_271' title='bbox 1409 1258 1426 1291; x_wconf 70' lang='grc' dir='ltr'><em>Ρ</em></span> 
     </span>
    </p>

    <p class='ocr_par' dir='ltr' id='par_1_12' title="bbox 1218 1314 2150 1366">
     <span class='ocr_line' id='line_1_36' title="bbox 1218 1314 2150 1366; baseline -0.001 -12"><span class='ocrx_word' id='word_1_272' title='bbox 1218 1317 1257 1354; x_wconf 81' lang='grc'><strong>5.</strong></span> <span class='ocrx_word' id='word_1_273' title='bbox 1282 1316 1355 1353; x_wconf 89' lang='lat' dir='ltr'><strong>Cur</strong></span> <span class='ocrx_word' id='word_1_274' title='bbox 1381 1329 1451 1352; x_wconf 92' lang='lat' dir='ltr'><strong>non</strong></span> <span class='ocrx_word' id='word_1_275' title='bbox 1469 1314 1730 1366; x_wconf 76' lang='lat' dir='ltr'><strong>Jerosolymis?</strong></span> <span class='ocrx_word' id='word_1_276' title='bbox 1757 1329 1819 1352; x_wconf 86' lang='lat' dir='ltr'><strong>cur</strong></span> <span class='ocrx_word' id='word_1_277' title='bbox 1837 1329 1906 1352; x_wconf 91' lang='lat' dir='ltr'><strong>non</strong></span> <span class='ocrx_word' id='word_1_278' title='bbox 1928 1316 2092 1353; x_wconf 84' lang='lat' dir='ltr'><strong>Damasci</strong></span> <span class='ocrx_word' id='word_1_279' title='bbox 2112 1316 2150 1353; x_wconf 87' lang='lat' dir='ltr'><strong>id</strong></span> 
     </span>
    </p>
   </div>
   <div class='ocr_carea' id='block_1_12' title="bbox 77 1375 2148 1432">
    <p class='ocr_par' dir='ltr' id='par_1_13' title="bbox 77 1375 2148 1432">
     <span class='ocr_line' id='line_1_37' title="bbox 77 1375 2148 1432; baseline -0.001 -15"><span class='ocrx_word' id='word_1_280' title='bbox 77 1383 280 1432; x_wconf 81' lang='grc' dir='ltr'>Δαμασκῷ;</span> <span class='ocrx_word' id='word_1_281' title='bbox 302 1379 414 1417; x_wconf 82' lang='grc' dir='ltr'>Ὥστε</span> <span class='ocrx_word' id='word_1_282' title='bbox 430 1395 478 1430; x_wconf 84' lang='grc' dir='ltr'>μη</span> <span class='ocrx_word' id='word_1_283' title='bbox 499 1385 623 1422; x_wconf 81' lang='grc' dir='ltr'>εςεῖναι</span> <span class='ocrx_word' id='word_1_284' title='bbox 643 1379 767 1422; x_wconf 80' lang='grc' dir='ltr'>ἄλλους</span> <span class='ocrx_word' id='word_1_285' title='bbox 789 1380 902 1422; x_wconf 74' lang='grc' dir='ltr'>ἄλλως</span> <span class='ocrx_word' id='word_1_286' title='bbox 920 1380 1003 1418; x_wconf 82' lang='grc' dir='ltr'>αὐτὸ</span> <span class='ocrx_word' id='word_1_287' title='bbox 1020 1381 1094 1427; x_wconf 81' lang='grc' dir='ltr'><strong>διη-</strong></span> <span class='ocrx_word' id='word_1_288' title='bbox 1118 1387 1141 1416; x_wconf 81' lang='grc' dir='ltr'><strong><em>Β</em></strong></span> <span class='ocrx_word' id='word_1_289' title='bbox 1166 1377 1300 1414; x_wconf 88' lang='lat' dir='ltr'><strong>sactum</strong></span> <span class='ocrx_word' id='word_1_290' title='bbox 1324 1375 1402 1413; x_wconf 74' lang='lat' dir='ltr'><strong>est?</strong></span> <span class='ocrx_word' id='word_1_291' title='bbox 1422 1376 1472 1413; x_wconf 90' lang='lat' dir='ltr'><strong>Ut</strong></span> <span class='ocrx_word' id='word_1_292' title='bbox 1492 1389 1560 1412; x_wconf 89' lang='lat' dir='ltr'><strong>non</strong></span> <span class='ocrx_word' id='word_1_293' title='bbox 1589 1385 1731 1427; x_wconf 83' lang='lat' dir='ltr'><strong>possent</strong></span> <span class='ocrx_word' id='word_1_294' title='bbox 1751 1376 1812 1413; x_wconf 86' lang='lat' dir='ltr'><strong>alii</strong></span> <span class='ocrx_word' id='word_1_295' title='bbox 1831 1375 1923 1413; x_wconf 88' lang='lat' dir='ltr'><strong>illud</strong></span> <span class='ocrx_word' id='word_1_296' title='bbox 1941 1376 2044 1413; x_wconf 89' lang='lat' dir='ltr'><strong>aliter</strong></span> <span class='ocrx_word' id='word_1_297' title='bbox 2062 1390 2148 1414; x_wconf 86' lang='lat' dir='ltr'><strong>nar·</strong></span> 
     </span>
    </p>
   </div>
   <div class='ocr_carea' id='block_1_13' title="bbox 77 1435 1100 2038">
    <p class='ocr_par' dir='ltr' id='par_1_14' title="bbox 77 1435 1100 2038">
     <span class='ocr_line' id='line_1_38' title="bbox 77 1435 1094 1493; baseline -0.001 -13"><span class='ocrx_word' id='word_1_298' title='bbox 77 1442 263 1493; x_wconf 73' lang='grc' dir='ltr'>γῆσασθαι,</span> <span class='ocrx_word' id='word_1_299' title='bbox 289 1442 364 1479; x_wconf 88' lang='grc' dir='ltr'>ἀλλ’</span> <span class='ocrx_word' id='word_1_300' title='bbox 388 1440 488 1484; x_wconf 81' lang='grc' dir='ltr'>αὐτὸς</span> <span class='ocrx_word' id='word_1_301' title='bbox 506 1439 702 1484; x_wconf 86' lang='grc' dir='ltr'>ἀξιόπιστος</span> <span class='ocrx_word' id='word_1_302' title='bbox 721 1435 743 1492; x_wconf 69' lang='grc' dir='ltr'>ᾗ</span> <span class='ocrx_word' id='word_1_303' title='bbox 765 1439 988 1491; x_wconf 79' lang='grc' dir='ltr'>διηγούμενος</span> <span class='ocrx_word' id='word_1_304' title='bbox 1004 1443 1021 1478; x_wconf 85' lang='grc' dir='ltr'>ὁ</span> <span class='ocrx_word' id='word_1_305' title='bbox 1038 1439 1094 1479; x_wconf 81' lang='grc' dir='ltr'><strong>διὰ</strong></span> 
     </span>
     <span class='ocr_line' id='line_1_39' title="bbox 77 1501 1093 1554; baseline -0.001 -14"><span class='ocrx_word' id='word_1_306' title='bbox 77 1507 178 1540; x_wconf 74' lang='grc' dir='ltr'>τοῦτο</span> <span class='ocrx_word' id='word_1_307' title='bbox 195 1501 319 1540; x_wconf 84' lang='grc' dir='ltr'>ἀπιών.</span> <span class='ocrx_word' id='word_1_308' title='bbox 355 1503 468 1539; x_wconf 70' lang='grc' dir='ltr'>Τοῦτο</span> <span class='ocrx_word' id='word_1_309' title='bbox 485 1501 678 1553; x_wconf 40' lang='grc' dir='ltr'>γοῦναλέγει</span> <span class='ocrx_word' id='word_1_310' title='bbox 690 1529 699 1546; x_wconf 94' lang='grc'>,</span> <span class='ocrx_word' id='word_1_311' title='bbox 719 1501 778 1538; x_wconf 82' lang='grc' dir='ltr'><strong>καὶ</strong></span> <span class='ocrx_word' id='word_1_312' title='bbox 796 1501 881 1553; x_wconf 80' lang='grc' dir='ltr'>πρὸς</span> <span class='ocrx_word' id='word_1_313' title='bbox 901 1501 1093 1554; x_wconf 84' lang='grc' dir='ltr'>Ἀγρίππαν</span> 
     </span>
     <span class='ocr_line' id='line_1_40' title="bbox 77 1561 1092 1614; baseline -0.002 -13"><span class='ocrx_word' id='word_1_314' title='bbox 77 1562 388 1614; x_wconf 55' lang='grc' dir='ltr'>ὃάπολογούμενος.</span> <span class='ocrx_word' id='word_1_315' title='bbox 421 1561 562 1613; x_wconf 73' lang='grc' dir='ltr'>Πάσχει</span> <span class='ocrx_word' id='word_1_316' title='bbox 587 1561 624 1599; x_wconf 77' lang='grc' dir='ltr'><strong>δὲ</strong></span> <span class='ocrx_word' id='word_1_317' title='bbox 648 1561 707 1599; x_wconf 84' lang='grc' dir='ltr'><strong>καὶ</strong></span> <span class='ocrx_word' id='word_1_318' title='bbox 731 1561 793 1606; x_wconf 82' lang='grc' dir='ltr'><strong>τὰς</strong></span> <span class='ocrx_word' id='word_1_319' title='bbox 819 1562 929 1614; x_wconf 68' lang='grc' dir='ltr'>ὄψεις,</span> <span class='ocrx_word' id='word_1_320' title='bbox 960 1561 1046 1600; x_wconf 76' lang='grc' dir='ltr'>διότι</span> <span class='ocrx_word' id='word_1_321' title='bbox 1071 1566 1092 1610; x_wconf 79' lang='grc' dir='ltr'>ἧ</span> 
     </span>
     <span class='ocr_line' id='line_1_41' title="bbox 78 1621 1095 1676; baseline -0.002 -14"><span class='ocrx_word' id='word_1_322' title='bbox 78 1623 252 1675; x_wconf 71' lang='grc' dir='ltr'>ὑπερὸολὴ</span> <span class='ocrx_word' id='word_1_323' title='bbox 293 1626 352 1660; x_wconf 73' lang='grc' dir='ltr'><strong>τοῦ</strong></span> <span class='ocrx_word' id='word_1_324' title='bbox 384 1622 494 1674; x_wconf 73' lang='grc' dir='ltr'>φωτὸς</span> <span class='ocrx_word' id='word_1_325' title='bbox 527 1621 694 1668; x_wconf 79' lang='grc' dir='ltr'>πλήττειν</span> <span class='ocrx_word' id='word_1_326' title='bbox 723 1622 843 1661; x_wconf 84' lang='grc' dir='ltr'>εἴωθε·</span> <span class='ocrx_word' id='word_1_327' title='bbox 877 1622 992 1674; x_wconf 81' lang='grc' dir='ltr'>μέτρα</span> <span class='ocrx_word' id='word_1_328' title='bbox 1027 1623 1095 1676; x_wconf 81' lang='grc' dir='ltr'>γὰρ</span> 
     </span>
     <span class='ocr_line' id='line_1_42' title="bbox 80 1681 1098 1736; baseline 0 -14"><span class='ocrx_word' id='word_1_329' title='bbox 80 1685 214 1736; x_wconf 78' lang='grc' dir='ltr'>ἔχουσιν</span> <span class='ocrx_word' id='word_1_330' title='bbox 236 1685 267 1721; x_wconf 82' lang='grc' dir='ltr'><strong>οἱ</strong></span> <span class='ocrx_word' id='word_1_331' title='bbox 289 1681 472 1735; x_wconf 67' lang='grc' dir='ltr'>ὀφθαλμοί.</span> <span class='ocrx_word' id='word_1_332' title='bbox 510 1681 662 1733; x_wconf 81' lang='grc' dir='ltr'>Λέγεται</span> <span class='ocrx_word' id='word_1_333' title='bbox 683 1682 718 1721; x_wconf 84' lang='grc' dir='ltr'><strong>δὲ</strong></span> <span class='ocrx_word' id='word_1_334' title='bbox 738 1683 798 1721; x_wconf 83' lang='grc' dir='ltr'><strong>καὶ</strong></span> <span class='ocrx_word' id='word_1_335' title='bbox 817 1686 932 1734; x_wconf 66' lang='grc' dir='ltr'>φωνῆς</span> <span class='ocrx_word' id='word_1_336' title='bbox 951 1684 1098 1736; x_wconf 65' lang='grc' dir='ltr'>ὑπερδο-</span> 
     </span>
     <span class='ocr_line' id='line_1_43' title="bbox 80 1742 1097 1795; baseline 0.001 -14"><span class='ocrx_word' id='word_1_337' title='bbox 80 1744 124 1789; x_wconf 82' lang='grc' dir='ltr'><strong>λὴ</strong></span> <span class='ocrx_word' id='word_1_338' title='bbox 146 1742 279 1795; x_wconf 69' lang='grc' dir='ltr'>κωφοὺς</span> <span class='ocrx_word' id='word_1_339' title='bbox 297 1749 405 1780; x_wconf 84' lang='grc' dir='ltr'>ποιεῖν</span> <span class='ocrx_word' id='word_1_340' title='bbox 424 1742 483 1780; x_wconf 77' lang='grc' dir='ltr'><strong>καὶ</strong></span> <span class='ocrx_word' id='word_1_341' title='bbox 495 1744 716 1794; x_wconf 78' lang='grc' dir='ltr'>ἀποπλῆγας.</span> <span class='ocrx_word' id='word_1_342' title='bbox 740 1743 844 1781; x_wconf 81' lang='grc' dir='ltr'>Ἀλλὰ</span> <span class='ocrx_word' id='word_1_343' title='bbox 859 1748 977 1782; x_wconf 77' lang='grc' dir='ltr'>τοῦτον</span> <span class='ocrx_word' id='word_1_344' title='bbox 995 1743 1097 1795; x_wconf 85' lang='grc' dir='ltr'>μόνον</span> 
     </span>
     <span class='ocr_line' id='line_1_44' title="bbox 81 1803 1097 1858; baseline -0.001 -15"><span class='ocrx_word' id='word_1_345' title='bbox 81 1806 267 1856; x_wconf 65' lang='grc' dir='ltr'>ἐπήρωσε,</span> <span class='ocrx_word' id='word_1_346' title='bbox 294 1804 353 1842; x_wconf 81' lang='grc' dir='ltr'><strong>καὶ</strong></span> <span class='ocrx_word' id='word_1_347' title='bbox 377 1803 514 1842; x_wconf 67' lang='grc' dir='ltr'>ἔσὸεσεν</span> <span class='ocrx_word' id='word_1_348' title='bbox 550 1806 653 1843; x_wconf 77' lang='grc' dir='ltr'>αὐτοῦ</span> <span class='ocrx_word' id='word_1_349' title='bbox 681 1804 738 1842; x_wconf 85' lang='grc' dir='ltr'><strong>τὸν</strong></span> <span class='ocrx_word' id='word_1_350' title='bbox 769 1804 873 1854; x_wconf 83' lang='grc' dir='ltr'>θυμὸν</span> <span class='ocrx_word' id='word_1_351' title='bbox 904 1807 955 1856; x_wconf 81' lang='grc' dir='ltr'>τῷ</span> <span class='ocrx_word' id='word_1_352' title='bbox 989 1805 1097 1858; x_wconf 72' lang='grc' dir='ltr'>φόὸῳ,</span> 
     </span>
     <span class='ocr_line' id='line_1_45' title="bbox 78 1863 1098 1914; baseline 0 -11"><span class='ocrx_word' id='word_1_353' title='bbox 78 1865 170 1903; x_wconf 82' lang='grc' dir='ltr'>ὥστε</span> <span class='ocrx_word' id='word_1_354' title='bbox 199 1865 300 1903; x_wconf 81' lang='grc' dir='ltr'>αὐτὸν</span> <span class='ocrx_word' id='word_1_355' title='bbox 333 1867 479 1902; x_wconf 76' lang='grc' dir='ltr'>ἀκοῦσαι</span> <span class='ocrx_word' id='word_1_356' title='bbox 509 1863 553 1901; x_wconf 80' lang='grc' dir='ltr'>τὰ</span> <span class='ocrx_word' id='word_1_357' title='bbox 583 1864 764 1914; x_wconf 70' lang='grc' dir='ltr'>λεγόμενα,</span> <span class='ocrx_word' id='word_1_358' title='bbox 800 1866 940 1913; x_wconf 85' lang='grc' dir='ltr'>Σαοὺλ,</span> <span class='ocrx_word' id='word_1_359' title='bbox 969 1864 1098 1913; x_wconf 74' lang='grc' dir='ltr'>Σαοὺλ,</span> 
     </span>
     <span class='ocr_line' id='line_1_46' title="bbox 80 1924 1100 1978; baseline -0.001 -14"><span class='ocrx_word' id='word_1_360' title='bbox 80 1927 176 1978; x_wconf 76' lang='grc' dir='ltr'>φησὶ,</span> <span class='ocrx_word' id='word_1_361' title='bbox 196 1925 229 1963; x_wconf 86' lang='grc' dir='ltr'>τί</span> <span class='ocrx_word' id='word_1_362' title='bbox 252 1941 294 1975; x_wconf 87' lang='grc' dir='ltr'><strong>με</strong></span> <span class='ocrx_word' id='word_1_363' title='bbox 315 1924 449 1967; x_wconf 84' lang='grc' dir='ltr'>διώκεις</span> <span class='ocrx_word' id='word_1_364' title='bbox 466 1939 475 1973; x_wconf 86' lang='grc'>;</span> <span class='ocrx_word' id='word_1_365' title='bbox 498 1925 551 1962; x_wconf 74' lang='grc' dir='ltr'><strong>Οὐ</strong></span> <span class='ocrx_word' id='word_1_366' title='bbox 570 1924 664 1975; x_wconf 81' lang='grc' dir='ltr'>λέγει</span> <span class='ocrx_word' id='word_1_367' title='bbox 686 1927 790 1976; x_wconf 78' lang='grc' dir='ltr'>αὐτῷ,</span> <span class='ocrx_word' id='word_1_368' title='bbox 810 1924 1007 1971; x_wconf 80' lang='grc' dir='ltr'>πίστευσον,</span> <span class='ocrx_word' id='word_1_369' title='bbox 1023 1925 1100 1963; x_wconf 79' lang='grc' dir='ltr'>οὐδὲ</span> 
     </span>
     <span class='ocr_line' id='line_1_47' title="bbox 81 1984 1099 2038; baseline -0.001 -13"><span class='ocrx_word' id='word_1_370' title='bbox 81 1987 166 2025; x_wconf 86' lang='grc' dir='ltr'>ἄλλο</span> <span class='ocrx_word' id='word_1_371' title='bbox 187 2002 220 2023; x_wconf 92' lang='grc' dir='ltr'>τι</span> <span class='ocrx_word' id='word_1_372' title='bbox 252 1990 403 2023; x_wconf 76' lang='grc' dir='ltr'>τοιοῦτον</span> <span class='ocrx_word' id='word_1_373' title='bbox 430 1984 544 2032; x_wconf 80' lang='grc' dir='ltr'>οὐδὲν,</span> <span class='ocrx_word' id='word_1_374' title='bbox 573 1986 649 2022; x_wconf 89' lang='grc' dir='ltr'>ἀλλ’</span> <span class='ocrx_word' id='word_1_375' title='bbox 676 1987 828 2035; x_wconf 81' lang='grc' dir='ltr'>ἐγκαλεῖ.</span> <span class='ocrx_word' id='word_1_376' title='bbox 867 1987 887 2007; x_wconf 63' lang='lat'><strong>’⁶</strong></span> <span class='ocrx_word' id='word_1_377' title='bbox 903 1987 1099 2038; x_wconf 79' lang='grc' dir='ltr'>Μονονουχὶ</span> 
     </span>
    </p>
   </div>
   <div class='ocr_carea' id='block_1_14' title="bbox 82 2039 1099 2099">
    <p class='ocr_par' dir='ltr' id='par_1_15' title="bbox 82 2039 1099 2099">
     <span class='ocr_line' id='line_1_48' title="bbox 82 2039 1099 2099; baseline 0 -14"><span class='ocrx_word' id='word_1_378' title='bbox 82 2047 149 2099; x_wconf 71' lang='grc' dir='ltr'>γὰρ</span> <span class='ocrx_word' id='word_1_379' title='bbox 172 2047 272 2085; x_wconf 72' lang='grc' dir='ltr'>τοῦτο’</span> <span class='ocrx_word' id='word_1_380' title='bbox 298 2062 398 2096; x_wconf 81' lang='grc' dir='ltr'>φησι,</span> <span class='ocrx_word' id='word_1_381' title='bbox 423 2045 467 2082; x_wconf 78' lang='grc' dir='ltr'><strong>δι’</strong></span> <span class='ocrx_word' id='word_1_382' title='bbox 487 2039 534 2082; x_wconf 65' lang='grc' dir='ltr'><strong>ὧν</strong></span> <span class='ocrx_word' id='word_1_383' title='bbox 567 2046 726 2096; x_wconf 81' lang='grc' dir='ltr'>ἐγκαλεῖ·</span> <span class='ocrx_word' id='word_1_384' title='bbox 747 2046 782 2083; x_wconf 87' lang='grc' dir='ltr'>τί</span> <span class='ocrx_word' id='word_1_385' title='bbox 801 2046 886 2098; x_wconf 88' lang='grc' dir='ltr'>παρ’</span> <span class='ocrx_word' id='word_1_386' title='bbox 906 2049 990 2097; x_wconf 77' lang='grc' dir='ltr'>ἐμοῦ</span> <span class='ocrx_word' id='word_1_387' title='bbox 1010 2047 1099 2098; x_wconf 85' lang='grc' dir='ltr'>μέγα</span> 
     </span>
    </p>
   </div>
   <div class='ocr_carea' id='block_1_15' title="bbox 1167 1436 2155 2099">
    <p class='ocr_par' dir='ltr' id='par_1_16' title="bbox 1167 1436 2155 2099">
     <span class='ocr_line' id='line_1_49' title="bbox 1167 1436 2151 1487; baseline 0 -13"><span class='ocrx_word' id='word_1_388' title='bbox 1167 1451 1270 1485; x_wconf 86' lang='lat' dir='ltr'><strong>rare;</strong></span> <span class='ocrx_word' id='word_1_389' title='bbox 1298 1445 1334 1473; x_wconf 88' lang='lat' dir='ltr'><strong>et</strong></span> <span class='ocrx_word' id='word_1_390' title='bbox 1351 1444 1391 1473; x_wconf 89' lang='lat' dir='ltr'><strong>ut</strong></span> <span class='ocrx_word' id='word_1_391' title='bbox 1411 1436 1500 1487; x_wconf 86' lang='lat' dir='ltr'><strong>ipse,</strong></span> <span class='ocrx_word' id='word_1_392' title='bbox 1523 1436 1583 1486; x_wconf 91' lang='lat' dir='ltr'><strong>qui</strong></span> <span class='ocrx_word' id='word_1_393' title='bbox 1613 1436 1674 1473; x_wconf 85' lang='lat' dir='ltr'><strong>illa</strong></span> <span class='ocrx_word' id='word_1_394' title='bbox 1693 1436 1737 1473; x_wconf 89' lang='lat' dir='ltr'><strong>de</strong></span> <span class='ocrx_word' id='word_1_395' title='bbox 1761 1450 1864 1474; x_wconf 85' lang='lat' dir='ltr'><strong>causa</strong></span> <span class='ocrx_word' id='word_1_396' title='bbox 1895 1437 2045 1487; x_wconf 84' lang='lat' dir='ltr'><strong>abierat,</strong></span> <span class='ocrx_word' id='word_1_397' title='bbox 2066 1451 2151 1475; x_wconf 85' lang='lat' dir='ltr'><strong>nar-</strong></span> 
     </span>
     <span class='ocr_line' id='line_1_50' title="bbox 1168 1496 2150 1550; baseline 0.001 -16"><span class='ocrx_word' id='word_1_398' title='bbox 1168 1497 1280 1535; x_wconf 87' lang='lat' dir='ltr'><strong>rando</strong></span> <span class='ocrx_word' id='word_1_399' title='bbox 1293 1496 1364 1534; x_wconf 84' lang='lat' dir='ltr'><strong>fide</strong></span> <span class='ocrx_word' id='word_1_400' title='bbox 1378 1496 1509 1547; x_wconf 86' lang='lat' dir='ltr'><strong>dignus</strong></span> <span class='ocrx_word' id='word_1_401' title='bbox 1526 1506 1626 1534; x_wconf 87' lang='lat' dir='ltr'><strong>esset.</strong></span> <span class='ocrx_word' id='word_1_402' title='bbox 1644 1497 1720 1534; x_wconf 89' lang='lat' dir='ltr'><strong>Hoc</strong></span> <span class='ocrx_word' id='word_1_403' title='bbox 1737 1511 1821 1549; x_wconf 81' lang='lat' dir='ltr'><strong>ergo</strong></span> <span class='ocrx_word' id='word_1_404' title='bbox 1836 1497 1939 1547; x_wconf 88' lang='lat' dir='ltr'><strong>dicit,</strong></span> <span class='ocrx_word' id='word_1_405' title='bbox 1956 1512 2037 1535; x_wconf 87' lang='lat' dir='ltr'><strong>cum</strong></span> <span class='ocrx_word' id='word_1_406' title='bbox 2055 1499 2150 1550; x_wconf 87' lang='lat' dir='ltr'><strong>apud</strong></span> 
     </span>
     <span class='ocr_line' id='line_1_51' title="bbox 1169 1557 2152 1611; baseline 0.003 -16"><span class='ocrx_word' id='word_1_407' title='bbox 1169 1558 1368 1611; x_wconf 82' lang='lat' dir='ltr'><strong>Agrippam</strong></span> <span class='ocrx_word' id='word_1_408' title='bbox 1380 1563 1462 1596; x_wconf 70' lang='lat' dir='ltr'><strong>&#39;sese</strong></span> <span class='ocrx_word' id='word_1_409' title='bbox 1487 1557 1656 1596; x_wconf 84' lang='lat' dir='ltr'><strong>defendit.</strong></span> <span class='ocrx_word' id='word_1_410' title='bbox 1684 1559 1840 1597; x_wconf 83' lang='lat' dir='ltr'><strong>Laborat</strong></span> <span class='ocrx_word' id='word_1_411' title='bbox 1871 1569 1990 1597; x_wconf 85' lang='lat' dir='ltr'><strong>autem</strong></span> <span class='ocrx_word' id='word_1_412' title='bbox 2019 1560 2152 1607; x_wconf 89' lang='lat' dir='ltr'><strong>oculis,</strong></span> 
     </span>
     <span class='ocr_line' id='line_1_52' title="bbox 1168 1619 2153 1671; baseline 0.003 -14"><span class='ocrx_word' id='word_1_413' title='bbox 1168 1621 1253 1671; x_wconf 87' lang='lat' dir='ltr'><strong>quia</strong></span> <span class='ocrx_word' id='word_1_414' title='bbox 1286 1619 1397 1658; x_wconf 86' lang='lat' dir='ltr'><strong>nimia</strong></span> <span class='ocrx_word' id='word_1_415' title='bbox 1430 1620 1496 1658; x_wconf 81' lang='lat' dir='ltr'><strong>lux</strong></span> <span class='ocrx_word' id='word_1_416' title='bbox 1529 1619 1657 1658; x_wconf 84' lang='lat' dir='ltr'><strong>laedere</strong></span> <span class='ocrx_word' id='word_1_417' title='bbox 1684 1621 1792 1670; x_wconf 69' lang='lat' dir='ltr'><strong>solet,</strong></span> <span class='ocrx_word' id='word_1_418' title='bbox 1821 1635 2024 1660; x_wconf 82' lang='lat' dir='ltr'><strong>mensuram</strong></span> <span class='ocrx_word' id='word_1_419' title='bbox 2058 1622 2153 1660; x_wconf 90' lang='lat' dir='ltr'><strong>enim</strong></span> 
     </span>
     <span class='ocr_line' id='line_1_53' title="bbox 1169 1681 2152 1722; baseline 0.003 -3"><span class='ocrx_word' id='word_1_420' title='bbox 1169 1696 1270 1720; x_wconf 80' lang='lat' dir='ltr'><strong>suam</strong></span> <span class='ocrx_word' id='word_1_421' title='bbox 1287 1682 1418 1719; x_wconf 88' lang='lat' dir='ltr'><strong>habent</strong></span> <span class='ocrx_word' id='word_1_422' title='bbox 1449 1681 1556 1719; x_wconf 90' lang='lat' dir='ltr'><strong>oculi.</strong></span> <span class='ocrx_word' id='word_1_423' title='bbox 1580 1682 1724 1720; x_wconf 85' lang='lat' dir='ltr'>Dicitur</span> <span class='ocrx_word' id='word_1_424' title='bbox 1753 1684 1860 1721; x_wconf 85' lang='lat' dir='ltr'><strong>etiam</strong></span> <span class='ocrx_word' id='word_1_425' title='bbox 1887 1684 1984 1722; x_wconf 86' lang='lat' dir='ltr'><strong>vocis</strong></span> <span class='ocrx_word' id='word_1_426' title='bbox 2014 1693 2047 1722; x_wconf 89' lang='lat' dir='ltr'><strong>et</strong></span> <span class='ocrx_word' id='word_1_427' title='bbox 2077 1685 2152 1722; x_wconf 92' lang='lat' dir='ltr'><strong>soni</strong></span> 
     </span>
     <span class='ocr_line' id='line_1_54' title="bbox 1168 1742 2153 1783; baseline 0.002 -3"><span class='ocrx_word' id='word_1_428' title='bbox 1168 1743 1427 1781; x_wconf 77' lang='lat' dir='ltr'><strong>vehementiam</strong></span> <span class='ocrx_word' id='word_1_429' title='bbox 1442 1742 1567 1780; x_wconf 90' lang='lat' dir='ltr'><strong>surdos</strong></span> <span class='ocrx_word' id='word_1_430' title='bbox 1584 1743 1697 1780; x_wconf 84' lang='lat' dir='ltr'><strong>facere</strong></span> <span class='ocrx_word' id='word_1_431' title='bbox 1715 1753 1747 1781; x_wconf 81' lang='lat' dir='ltr'><strong>et</strong></span> <span class='ocrx_word' id='word_1_432' title='bbox 1767 1744 1946 1782; x_wconf 84' lang='lat' dir='ltr'><strong>attonitos.</strong></span> <span class='ocrx_word' id='word_1_433' title='bbox 1968 1745 2040 1783; x_wconf 85' lang='lat' dir='ltr'><strong>Sed</strong></span> <span class='ocrx_word' id='word_1_434' title='bbox 2058 1745 2153 1782; x_wconf 83' lang='lat' dir='ltr'><strong>hunc</strong></span> 
     </span>
     <span class='ocr_line' id='line_1_55' title="bbox 1168 1803 2140 1856; baseline 0.004 -16"><span class='ocrx_word' id='word_1_435' title='bbox 1168 1803 1360 1841; x_wconf 73' lang='lat' dir='ltr'><strong>excaecavit</strong></span> <span class='ocrx_word' id='word_1_436' title='bbox 1374 1812 1528 1851; x_wconf 85' lang='lat' dir='ltr'><strong>tantum,</strong></span> <span class='ocrx_word' id='word_1_437' title='bbox 1542 1812 1576 1840; x_wconf 90' lang='lat' dir='ltr'><strong>et</strong></span> <span class='ocrx_word' id='word_1_438' title='bbox 1590 1804 1853 1842; x_wconf 87' lang='lat' dir='ltr'><strong>metu-furorem</strong></span> <span class='ocrx_word' id='word_1_439' title='bbox 1871 1805 1947 1856; x_wconf 89' lang='lat' dir='ltr'><strong>ejus</strong></span> <span class='ocrx_word' id='word_1_440' title='bbox 1966 1805 2140 1844; x_wconf 75' lang='lat' dir='ltr'><strong>exstinxit</strong></span> 
     </span>
     <span class='ocr_line' id='line_1_56' title="bbox 1168 1862 2151 1916; baseline 0.003 -16"><span class='ocrx_word' id='word_1_441' title='bbox 1168 1863 1217 1900; x_wconf 84' lang='lat' dir='ltr'><strong>ita</strong></span> <span class='ocrx_word' id='word_1_442' title='bbox 1239 1871 1278 1899; x_wconf 89' lang='lat' dir='ltr'><strong>ut</strong></span> <span class='ocrx_word' id='word_1_443' title='bbox 1297 1862 1375 1899; x_wconf 86' lang='lat' dir='ltr'><strong>haec</strong></span> <span class='ocrx_word' id='word_1_444' title='bbox 1399 1862 1461 1900; x_wconf 89' lang='lat' dir='ltr'><strong>ille</strong></span> <span class='ocrx_word' id='word_1_445' title='bbox 1487 1863 1628 1900; x_wconf 90' lang='lat' dir='ltr'><strong>audiret</strong></span> <span class='ocrx_word' id='word_1_446' title='bbox 1648 1879 1655 1899; x_wconf 92' lang='lat'>:</span> <span class='ocrx_word' id='word_1_447' title='bbox 1673 1863 1804 1910; x_wconf 80' lang='lat' dir='ltr'><strong>Saule,</strong></span> <span class='ocrx_word' id='word_1_448' title='bbox 1828 1865 1956 1912; x_wconf 86' lang='lat' dir='ltr'><em>Saule,</em></span> <span class='ocrx_word' id='word_1_449' title='bbox 1978 1867 2074 1916; x_wconf 82' lang='lat' dir='ltr'><strong>quid</strong></span> <span class='ocrx_word' id='word_1_450' title='bbox 2091 1880 2151 1903; x_wconf 90' lang='lat' dir='ltr'><strong>me</strong></span> 
     </span>
     <span class='ocr_line' id='line_1_57' title="bbox 1167 1922 2155 1975; baseline 0.004 -16"><span class='ocrx_word' id='word_1_451' title='bbox 1167 1924 1404 1974; x_wconf 83' lang='lat' dir='ltr'><strong>persequeris</strong></span> <span class='ocrx_word' id='word_1_452' title='bbox 1421 1926 1437 1959; x_wconf 72' lang='grc' dir='ltr'><em>Ρ</em></span> <span class='ocrx_word' id='word_1_453' title='bbox 1458 1924 1537 1960; x_wconf 89' lang='lat' dir='ltr'><strong>Non</strong></span> <span class='ocrx_word' id='word_1_454' title='bbox 1555 1922 1644 1960; x_wconf 86' lang='lat' dir='ltr'><strong>dicit</strong></span> <span class='ocrx_word' id='word_1_455' title='bbox 1661 1923 1729 1970; x_wconf 86' lang='lat' dir='ltr'><strong>illi,</strong></span> <span class='ocrx_word' id='word_1_456' title='bbox 1757 1923 1883 1974; x_wconf 82' lang='lat' dir='ltr'><strong>Crede,</strong></span> <span class='ocrx_word' id='word_1_457' title='bbox 1906 1939 2020 1975; x_wconf 91' lang='lat' dir='ltr'><strong>neque</strong></span> <span class='ocrx_word' id='word_1_458' title='bbox 2038 1925 2155 1963; x_wconf 86' lang='lat' dir='ltr'><strong>simile</strong></span> 
     </span>
     <span class='ocr_line' id='line_1_58' title="bbox 1170 1983 2153 2038; baseline 0.004 -17"><span class='ocrx_word' id='word_1_459' title='bbox 1170 1983 1357 2036; x_wconf 82' lang='lat' dir='ltr'><strong>quidpiam</strong></span> <span class='ocrx_word' id='word_1_460' title='bbox 1373 1999 1385 2034; x_wconf 76' lang='lat'>3</span> <span class='ocrx_word' id='word_1_461' title='bbox 1416 1984 1478 2021; x_wconf 87' lang='lat' dir='ltr'><strong>sed</strong></span> <span class='ocrx_word' id='word_1_462' title='bbox 1507 1984 1657 2023; x_wconf 84' lang='lat' dir='ltr'><strong>incusat.</strong></span> <span class='ocrx_word' id='word_1_463' title='bbox 1692 1986 1774 2023; x_wconf 86' lang='lat' dir='ltr'><strong>Haec</strong></span> <span class='ocrx_word' id='word_1_464' title='bbox 1808 1987 1879 2024; x_wconf 85' lang='lat' dir='ltr'><strong>fere</strong></span> <span class='ocrx_word' id='word_1_465' title='bbox 1903 1987 1990 2025; x_wconf 81' lang='lat' dir='ltr'><strong>dicit</strong></span> <span class='ocrx_word' id='word_1_466' title='bbox 2023 1987 2153 2038; x_wconf 87' lang='lat' dir='ltr'><strong>quibus</strong></span> 
     </span>
     <span class='ocr_line' id='line_1_59' title="bbox 1170 2046 2155 2099; baseline 0.004 -16"><span class='ocrx_word' id='word_1_467' title='bbox 1170 2047 1274 2084; x_wconf 91' lang='lat' dir='ltr'><strong>illum</strong></span> <span class='ocrx_word' id='word_1_468' title='bbox 1297 2046 1435 2084; x_wconf 86' lang='lat' dir='ltr'><strong>incusat</strong></span> <span class='ocrx_word' id='word_1_469' title='bbox 1451 2062 1459 2082; x_wconf 80' lang='lat' dir='ltr'><strong>t</strong></span> <span class='ocrx_word' id='word_1_470' title='bbox 1475 2046 1589 2097; x_wconf 86' lang='lat' dir='ltr'><strong>Quid,</strong></span> <span class='ocrx_word' id='word_1_471' title='bbox 1613 2047 1670 2085; x_wconf 74' lang='lat' dir='ltr'><strong>vel</strong></span> <span class='ocrx_word' id='word_1_472' title='bbox 1700 2062 1829 2099; x_wconf 85' lang='lat' dir='ltr'><strong>parum</strong></span> <span class='ocrx_word' id='word_1_473' title='bbox 1855 2049 1914 2086; x_wconf 71' lang='lat' dir='ltr'><strong>vel</strong></span> <span class='ocrx_word' id='word_1_474' title='bbox 1942 2050 2112 2099; x_wconf 84' lang='lat' dir='ltr'><strong>multum,</strong></span> <span class='ocrx_word' id='word_1_475' title='bbox 2134 2063 2155 2086; x_wconf 85' lang='lat' dir='ltr'><strong>a</strong></span> 
     </span>
    </p>
   </div>
   <div class='ocr_carea' id='block_1_16' title="bbox 82 2101 2155 2161">
    <p class='ocr_par' dir='ltr' id='par_1_17' title="bbox 82 2101 2155 2161">
     <span class='ocr_line' id='line_1_60' title="bbox 82 2101 2155 2161; baseline 0.001 -16"><span class='ocrx_word' id='word_1_476' title='bbox 82 2108 104 2153; x_wconf 73' lang='grc' dir='ltr'>ἢ</span> <span class='ocrx_word' id='word_1_477' title='bbox 130 2110 250 2159; x_wconf 76' lang='grc' dir='ltr'>μικρὸν</span> <span class='ocrx_word' id='word_1_478' title='bbox 276 2106 484 2157; x_wconf 77' lang='grc' dir='ltr'>ἠδικημένος</span> <span class='ocrx_word' id='word_1_479' title='bbox 511 2110 622 2144; x_wconf 80' lang='grc' dir='ltr'>ταῦτα</span> <span class='ocrx_word' id='word_1_480' title='bbox 643 2113 773 2154; x_wconf 80' lang='grc' dir='ltr'>ποιεῖς;</span> <span class='ocrx_word' id='word_1_481' title='bbox 800 2101 891 2145; x_wconf 67' lang='grc' dir='ltr'>Εἷπε</span> <span class='ocrx_word' id='word_1_482' title='bbox 910 2107 967 2145; x_wconf 85' lang='grc' dir='ltr'><strong>δέ·</strong></span> <span class='ocrx_word' id='word_1_483' title='bbox 989 2102 1099 2154; x_wconf 55' lang='grc' dir='ltr'>τίςεΝἷ,</span> <span class='ocrx_word' id='word_1_484' title='bbox 1123 2119 1146 2147; x_wconf 81' lang='lat' dir='ltr'>c</span> <span class='ocrx_word' id='word_1_485' title='bbox 1171 2121 1227 2144; x_wconf 88' lang='lat' dir='ltr'><strong>me</strong></span> <span class='ocrx_word' id='word_1_486' title='bbox 1246 2107 1362 2155; x_wconf 83' lang='lat' dir='ltr'><strong>laesus,</strong></span> <span class='ocrx_word' id='word_1_487' title='bbox 1381 2106 1448 2144; x_wconf 88' lang='lat' dir='ltr'><strong>hoc</strong></span> <span class='ocrx_word' id='word_1_488' title='bbox 1464 2107 1569 2157; x_wconf 76' lang='lat' dir='ltr'><strong>agis?</strong></span> <span class='ocrx_word' id='word_1_489' title='bbox 1592 2109 1704 2145; x_wconf 80' lang='lat' dir='ltr'><strong>Dixit</strong></span> <span class='ocrx_word' id='word_1_490' title='bbox 1727 2118 1869 2155; x_wconf 76' lang='lat' dir='ltr'><strong>autem,</strong></span> <span class='ocrx_word' id='word_1_491' title='bbox 1891 2112 1976 2161; x_wconf 84' lang='lat' dir='ltr'><strong>quis</strong></span> <span class='ocrx_word' id='word_1_492' title='bbox 1995 2124 2047 2156; x_wconf 88' lang='lat' dir='ltr'><strong>es,</strong></span> <span class='ocrx_word' id='word_1_493' title='bbox 2067 2112 2155 2147; x_wconf 88' lang='lat' dir='ltr'><strong>Do-</strong></span> 
     </span>
    </p>
   </div>
   <div class='ocr_carea' id='block_1_17' title="bbox 84 2166 1106 2703">
    <p class='ocr_par' dir='ltr' id='par_1_18' title="bbox 84 2166 1106 2703">
     <span class='ocr_line' id='line_1_61' title="bbox 84 2166 1099 2219; baseline -0.001 -13"><span class='ocrx_word' id='word_1_494' title='bbox 84 2169 212 2219; x_wconf 67' lang='grc' dir='ltr'>Κύριε,</span> <span class='ocrx_word' id='word_1_495' title='bbox 235 2168 333 2210; x_wconf 88' lang='grc' dir='ltr'>Τέως</span> <span class='ocrx_word' id='word_1_496' title='bbox 351 2166 573 2218; x_wconf 83' lang='grc' dir='ltr'>ὡμολόγησεν</span> <span class='ocrx_word' id='word_1_497' title='bbox 595 2168 715 2206; x_wconf 76' lang='grc' dir='ltr'>ἑαυτὸν</span> <span class='ocrx_word' id='word_1_498' title='bbox 736 2169 864 2206; x_wconf 74' lang='grc' dir='ltr'>δοῦλον.</span> <span class='ocrx_word' id='word_1_499' title='bbox 899 2167 943 2206; x_wconf 87' lang='grc' dir='ltr'><strong>Ὁ</strong></span> <span class='ocrx_word' id='word_1_500' title='bbox 970 2167 1005 2206; x_wconf 80' lang='grc' dir='ltr'><strong>δὲ</strong></span> <span class='ocrx_word' id='word_1_501' title='bbox 1025 2167 1099 2206; x_wconf 83' lang='grc' dir='ltr'><strong>Κύ-</strong></span> 
     </span>
     <span class='ocr_line' id='line_1_62' title="bbox 87 2223 1101 2282; baseline 0 -16"><span class='ocrx_word' id='word_1_502' title='bbox 87 2244 156 2282; x_wconf 79' lang='grc' dir='ltr'>ριος</span> <span class='ocrx_word' id='word_1_503' title='bbox 177 2223 269 2266; x_wconf 65' lang='grc' dir='ltr'>εἶπεν</span> <span class='ocrx_word' id='word_1_504' title='bbox 284 2244 291 2251; x_wconf 95' lang='grc'>·</span> <span class='ocrx_word' id='word_1_505' title='bbox 316 2227 382 2279; x_wconf 81' lang='grc' dir='ltr'>ἐγώ</span> <span class='ocrx_word' id='word_1_506' title='bbox 409 2229 481 2278; x_wconf 78' lang='grc' dir='ltr'>εἶμι</span> <span class='ocrx_word' id='word_1_507' title='bbox 507 2227 666 2274; x_wconf 76' lang='grc' dir='ltr'>Ἰησοῦς,</span> <span class='ocrx_word' id='word_1_508' title='bbox 695 2228 731 2266; x_wconf 84' lang='grc' dir='ltr'><strong>ὃν</strong></span> <span class='ocrx_word' id='word_1_509' title='bbox 758 2228 799 2265; x_wconf 80' lang='grc' dir='ltr'>σὺ</span> <span class='ocrx_word' id='word_1_510' title='bbox 821 2227 969 2271; x_wconf 84' lang='grc' dir='ltr'>διώκεις.</span> <span class='ocrx_word' id='word_1_511' title='bbox 1003 2228 1101 2266; x_wconf 67' lang='grc' dir='ltr'><strong>εΩσεὶ</strong></span> 
     </span>
     <span class='ocr_line' id='line_1_63' title="bbox 85 2283 1101 2341; baseline -0.001 -13"><span class='ocrx_word' id='word_1_512' title='bbox 85 2290 182 2341; x_wconf 84' lang='grc' dir='ltr'>ἔλεγε</span> <span class='ocrx_word' id='word_1_513' title='bbox 197 2305 204 2312; x_wconf 91' lang='grc'><em>·</em></span> <span class='ocrx_word' id='word_1_514' title='bbox 223 2290 270 2340; x_wconf 87' lang='grc' dir='ltr'>μὴ</span> <span class='ocrx_word' id='word_1_515' title='bbox 287 2288 431 2339; x_wconf 86' lang='grc' dir='ltr'>νομίσῃς</span> <span class='ocrx_word' id='word_1_516' title='bbox 446 2289 530 2339; x_wconf 82' lang='grc' dir='ltr'>πρὸς</span> <span class='ocrx_word' id='word_1_517' title='bbox 548 2287 746 2339; x_wconf 85' lang='grc' dir='ltr'>ἀνθρώπους</span> <span class='ocrx_word' id='word_1_518' title='bbox 763 2283 850 2326; x_wconf 70' lang='grc' dir='ltr'>εἷναί</span> <span class='ocrx_word' id='word_1_519' title='bbox 867 2304 921 2327; x_wconf 91' lang='grc' dir='ltr'><strong>σοι</strong></span> <span class='ocrx_word' id='word_1_520' title='bbox 934 2289 991 2327; x_wconf 82' lang='grc' dir='ltr'><strong>τὸν</strong></span> <span class='ocrx_word' id='word_1_521' title='bbox 1011 2288 1101 2327; x_wconf 51' lang='grc' dir='ltr'>ὸπό-</span> 
     </span>
     <span class='ocr_line' id='line_1_64' title="bbox 85 2348 1103 2401; baseline -0.001 -12"><span class='ocrx_word' id='word_1_522' title='bbox 85 2353 202 2401; x_wconf 87' lang='grc' dir='ltr'>λεμον.</span> <span class='ocrx_word' id='word_1_523' title='bbox 236 2351 283 2388; x_wconf 79' lang='grc' dir='ltr'><strong>Οἳ</strong></span> <span class='ocrx_word' id='word_1_524' title='bbox 313 2348 349 2386; x_wconf 82' lang='grc' dir='ltr'><strong>δὲ</strong></span> <span class='ocrx_word' id='word_1_525' title='bbox 381 2348 536 2392; x_wconf 85' lang='grc' dir='ltr'>συνόντες</span> <span class='ocrx_word' id='word_1_526' title='bbox 564 2351 680 2401; x_wconf 77' lang='grc' dir='ltr'>αὐτῷ,</span> <span class='ocrx_word' id='word_1_527' title='bbox 713 2349 776 2396; x_wconf 85' lang='grc' dir='ltr'><strong>τὴν</strong></span> <span class='ocrx_word' id='word_1_528' title='bbox 804 2349 921 2401; x_wconf 75' lang='grc' dir='ltr'>φωνὴν</span> <span class='ocrx_word' id='word_1_529' title='bbox 955 2349 1017 2401; x_wconf 76' lang='grc' dir='ltr'><strong>μὲν</strong></span> <span class='ocrx_word' id='word_1_530' title='bbox 1043 2354 1103 2388; x_wconf 75' lang='grc' dir='ltr'><strong>τοῦ</strong></span> 
     </span>
     <span class='ocr_line' id='line_1_65' title="bbox 85 2409 1102 2462; baseline -0.001 -12"><span class='ocrx_word' id='word_1_531' title='bbox 85 2411 226 2450; x_wconf 80' lang='grc' dir='ltr'>Παύλου</span> <span class='ocrx_word' id='word_1_532' title='bbox 251 2410 401 2456; x_wconf 81' lang='grc' dir='ltr'>ἤκουσαν</span> <span class='ocrx_word' id='word_1_533' title='bbox 417 2439 429 2456; x_wconf 85' lang='grc'>,</span> <span class='ocrx_word' id='word_1_534' title='bbox 451 2409 572 2448; x_wconf 78' lang='grc' dir='ltr'>οὐδένα</span> <span class='ocrx_word' id='word_1_535' title='bbox 591 2409 626 2448; x_wconf 77' lang='grc' dir='ltr'><strong>δὲ</strong></span> <span class='ocrx_word' id='word_1_536' title='bbox 647 2409 826 2462; x_wconf 79' lang='grc' dir='ltr'>ἐθεώρουν,</span> <span class='ocrx_word' id='word_1_537' title='bbox 847 2411 932 2462; x_wconf 81' lang='grc' dir='ltr'>πρὸς</span> <span class='ocrx_word' id='word_1_538' title='bbox 952 2411 987 2449; x_wconf 81' lang='grc' dir='ltr'><strong>ὃν</strong></span> <span class='ocrx_word' id='word_1_539' title='bbox 1011 2413 1102 2450; x_wconf 79' lang='grc' dir='ltr'>ἀπε-</span> 
     </span>
     <span class='ocr_line' id='line_1_66' title="bbox 87 2469 1102 2523; baseline 0.001 -14"><span class='ocrx_word' id='word_1_540' title='bbox 87 2472 240 2523; x_wconf 83' lang='grc' dir='ltr'>κρίνατο.</span> <span class='ocrx_word' id='word_1_541' title='bbox 272 2470 443 2514; x_wconf 85' lang='grc' dir='ltr'>Εἰκότως·</span> <span class='ocrx_word' id='word_1_542' title='bbox 465 2472 533 2507; x_wconf 83' lang='grc' dir='ltr'><strong>τῶν</strong></span> <span class='ocrx_word' id='word_1_543' title='bbox 552 2469 618 2523; x_wconf 81' lang='grc' dir='ltr'>γὰρ</span> <span class='ocrx_word' id='word_1_544' title='bbox 635 2470 825 2509; x_wconf 76' lang='grc' dir='ltr'>ἐλαττόνων</span> <span class='ocrx_word' id='word_1_545' title='bbox 844 2471 965 2516; x_wconf 80' lang='grc' dir='ltr'>αὐτοὺς</span> <span class='ocrx_word' id='word_1_546' title='bbox 980 2472 1102 2519; x_wconf 86' lang='grc' dir='ltr'>ἐποίη-</span> 
     </span>
     <span class='ocr_line' id='line_1_67' title="bbox 89 2530 1104 2584; baseline 0 -14"><span class='ocrx_word' id='word_1_547' title='bbox 89 2549 145 2571; x_wconf 91' lang='grc' dir='ltr'><strong>σεν</strong></span> <span class='ocrx_word' id='word_1_548' title='bbox 177 2531 359 2584; x_wconf 79' lang='grc' dir='ltr'>ἀκροατάς.</span> <span class='ocrx_word' id='word_1_549' title='bbox 396 2533 441 2569; x_wconf 79' lang='grc' dir='ltr'><strong>Εἰ</strong></span> <span class='ocrx_word' id='word_1_550' title='bbox 468 2530 535 2582; x_wconf 78' lang='grc' dir='ltr'>γὰρ</span> <span class='ocrx_word' id='word_1_551' title='bbox 561 2535 622 2578; x_wconf 69' lang='grc' dir='ltr'><strong>τῆς</strong></span> <span class='ocrx_word' id='word_1_552' title='bbox 649 2534 762 2584; x_wconf 73' lang='grc' dir='ltr'>φωνῆς</span> <span class='ocrx_word' id='word_1_553' title='bbox 787 2532 937 2579; x_wconf 81' lang='grc' dir='ltr'>ἥκουσαν</span> <span class='ocrx_word' id='word_1_554' title='bbox 960 2533 1104 2581; x_wconf 80' lang='grc' dir='ltr'>ἐκείνης,</span> 
     </span>
     <span class='ocr_line' id='line_1_68' title="bbox 91 2592 1104 2646; baseline 0.001 -16"><span class='ocrx_word' id='word_1_555' title='bbox 91 2593 153 2630; x_wconf 77' lang='grc' dir='ltr'><strong>κᾶν</strong></span> <span class='ocrx_word' id='word_1_556' title='bbox 173 2595 371 2639; x_wconf 79' lang='grc' dir='ltr'>ἠπίστησαν</span> <span class='ocrx_word' id='word_1_557' title='bbox 383 2608 390 2615; x_wconf 91' lang='grc'><em>·</em></span> <span class='ocrx_word' id='word_1_558' title='bbox 413 2593 470 2630; x_wconf 79' lang='grc' dir='ltr'><strong>τὸν</strong></span> <span class='ocrx_word' id='word_1_559' title='bbox 489 2592 525 2630; x_wconf 80' lang='grc' dir='ltr'><strong>δὲ</strong></span> <span class='ocrx_word' id='word_1_560' title='bbox 544 2593 684 2631; x_wconf 72' lang='grc' dir='ltr'>Παῦλον</span> <span class='ocrx_word' id='word_1_561' title='bbox 702 2596 848 2643; x_wconf 81' lang='grc' dir='ltr'>ὁρῶντες</span> <span class='ocrx_word' id='word_1_562' title='bbox 868 2593 1104 2646; x_wconf 79' lang='grc' dir='ltr'>ἀποκρινόμε-</span> 
     </span>
     <span class='ocr_line' id='line_1_69' title="bbox 92 2652 1106 2703; baseline 0.003 -13"><span class='ocrx_word' id='word_1_563' title='bbox 92 2668 161 2700; x_wconf 81' lang='grc' dir='ltr'>νον,</span> <span class='ocrx_word' id='word_1_564' title='bbox 181 2652 382 2702; x_wconf 83' lang='grc' dir='ltr'>ἐθαύμαζον.</span> <span class='ocrx_word' id='word_1_565' title='bbox 415 2652 518 2690; x_wconf 86' lang='grc' dir='ltr'>Ἀλλὰ</span> <span class='ocrx_word' id='word_1_566' title='bbox 536 2652 732 2701; x_wconf 79' lang='grc' dir='ltr'>Ἀνάστηθι,</span> <span class='ocrx_word' id='word_1_567' title='bbox 753 2653 812 2691; x_wconf 85' lang='grc' dir='ltr'><strong>καὶ</strong></span> <span class='ocrx_word' id='word_1_568' title='bbox 831 2653 963 2692; x_wconf 84' lang='grc' dir='ltr'>εἴσελθε</span> <span class='ocrx_word' id='word_1_569' title='bbox 983 2657 1030 2698; x_wconf 85' lang='grc' dir='ltr'><strong>εἰς</strong></span> <span class='ocrx_word' id='word_1_570' title='bbox 1043 2656 1106 2703; x_wconf 82' lang='grc' dir='ltr'><strong>τὴν</strong></span> 
     </span>
    </p>
   </div>
   <div class='ocr_carea' id='block_1_18' title="bbox 1169 2166 2164 2707">
    <p class='ocr_par' dir='ltr' id='par_1_19' title="bbox 1169 2166 2164 2707">
     <span class='ocr_line' id='line_1_70' title="bbox 1172 2166 2158 2208; baseline 0.005 -5"><span class='ocrx_word' id='word_1_571' title='bbox 1172 2169 1298 2204; x_wconf 74' lang='lat' dir='ltr'><strong>mine?</strong></span> <span class='ocrx_word' id='word_1_572' title='bbox 1311 2166 1459 2204; x_wconf 87' lang='lat' dir='ltr'><strong>Interim</strong></span> <span class='ocrx_word' id='word_1_573' title='bbox 1474 2181 1510 2204; x_wconf 89' lang='lat' dir='ltr'><strong>se</strong></span> <span class='ocrx_word' id='word_1_574' title='bbox 1524 2167 1712 2205; x_wconf 78' lang='lat' dir='ltr'><strong>confitetur</strong></span> <span class='ocrx_word' id='word_1_575' title='bbox 1730 2183 1886 2207; x_wconf 79' lang='lat' dir='ltr'><strong>servum.</strong></span> <span class='ocrx_word' id='word_1_576' title='bbox 1903 2171 2078 2208; x_wconf 87' lang='lat' dir='ltr'><strong>Dominus</strong></span> <span class='ocrx_word' id='word_1_577' title='bbox 2096 2185 2158 2208; x_wconf 82' lang='lat' dir='ltr'><strong>au—</strong></span> 
     </span>
     <span class='ocr_line' id='line_1_71' title="bbox 1169 2227 2156 2285; baseline 0.007 -21"><span class='ocrx_word' id='word_1_578' title='bbox 1169 2237 1242 2265; x_wconf 86' lang='lat' dir='ltr'><strong>tem</strong></span> <span class='ocrx_word' id='word_1_579' title='bbox 1261 2227 1377 2265; x_wconf 82' lang='lat' dir='ltr'><strong>dixit:</strong></span> <span class='ocrx_word' id='word_1_580' title='bbox 1394 2230 1479 2280; x_wconf 82' lang='lat' dir='ltr'><strong>Ego</strong></span> <span class='ocrx_word' id='word_1_581' title='bbox 1495 2242 1580 2266; x_wconf 87' lang='lat' dir='ltr'><strong>sum</strong></span> <span class='ocrx_word' id='word_1_582' title='bbox 1598 2230 1727 2276; x_wconf 85' lang='lat' dir='ltr'><strong>Jesus,</strong></span> <span class='ocrx_word' id='word_1_583' title='bbox 1746 2245 1859 2283; x_wconf 80' lang='lat' dir='ltr'><strong>quem</strong></span> <span class='ocrx_word' id='word_1_584' title='bbox 1881 2241 1921 2269; x_wconf 83' lang='lat' dir='ltr'><strong>tu</strong></span> <span class='ocrx_word' id='word_1_585' title='bbox 1954 2247 2156 2285; x_wconf 81' lang='lat' dir='ltr'><strong>perseque-</strong></span> 
     </span>
     <span class='ocr_line' id='line_1_72' title="bbox 1172 2288 2158 2342; baseline 0.005 -15"><span class='ocrx_word' id='word_1_586' title='bbox 1172 2292 1237 2327; x_wconf 84' lang='lat' dir='ltr'><strong>ris.</strong></span> <span class='ocrx_word' id='word_1_587' title='bbox 1248 2292 1299 2326; x_wconf 87' lang='lat' dir='ltr'><strong>Ac</strong></span> <span class='ocrx_word' id='word_1_588' title='bbox 1311 2288 1339 2326; x_wconf 91' lang='lat' dir='ltr'><strong>si</strong></span> <span class='ocrx_word' id='word_1_589' title='bbox 1352 2288 1485 2326; x_wconf 84' lang='lat' dir='ltr'><strong>diceret</strong></span> <span class='ocrx_word' id='word_1_590' title='bbox 1495 2305 1502 2325; x_wconf 93' lang='lat'><strong>:</strong></span> <span class='ocrx_word' id='word_1_591' title='bbox 1512 2291 1564 2327; x_wconf 89' lang='lat' dir='ltr'><strong>Ne</strong></span> <span class='ocrx_word' id='word_1_592' title='bbox 1576 2300 1678 2342; x_wconf 88' lang='lat' dir='ltr'><strong>putes</strong></span> <span class='ocrx_word' id='word_1_593' title='bbox 1692 2291 1758 2329; x_wconf 84' lang='lat' dir='ltr'><strong>tibi</strong></span> <span class='ocrx_word' id='word_1_594' title='bbox 1773 2306 1855 2331; x_wconf 88' lang='lat' dir='ltr'><strong>cum</strong></span> <span class='ocrx_word' id='word_1_595' title='bbox 1867 2293 2071 2332; x_wconf 74' lang='lat' dir='ltr'><strong>hominihus</strong></span> <span class='ocrx_word' id='word_1_596' title='bbox 2087 2309 2158 2332; x_wconf 86' lang='lat' dir='ltr'><strong>esse</strong></span> 
     </span>
     <span class='ocr_line' id='line_1_73' title="bbox 1173 2350 2158 2406; baseline 0.006 -19"><span class='ocrx_word' id='word_1_597' title='bbox 1173 2359 1359 2388; x_wconf 85' lang='lat' dir='ltr'><strong>certamen.</strong></span> <span class='ocrx_word' id='word_1_598' title='bbox 1375 2350 1446 2396; x_wconf 86' lang='lat' dir='ltr'><strong>Qui</strong></span> <span class='ocrx_word' id='word_1_599' title='bbox 1462 2360 1581 2388; x_wconf 80' lang='lat' dir='ltr'><strong>antem</strong></span> <span class='ocrx_word' id='word_1_600' title='bbox 1596 2366 1677 2389; x_wconf 82' lang='lat' dir='ltr'><strong>cum</strong></span> <span class='ocrx_word' id='word_1_601' title='bbox 1690 2353 1751 2390; x_wconf 90' lang='lat' dir='ltr'><strong>illo</strong></span> <span class='ocrx_word' id='word_1_602' title='bbox 1763 2363 1859 2391; x_wconf 86' lang='lat' dir='ltr'><strong>erant</strong></span> <span class='ocrx_word' id='word_1_603' title='bbox 1865 2369 1998 2402; x_wconf 66' lang='lat' dir='ltr'><strong>,vocem</strong></span> <span class='ocrx_word' id='word_1_604' title='bbox 2015 2355 2158 2406; x_wconf 87' lang='lat' dir='ltr'><strong>quidem</strong></span> 
     </span>
     <span class='ocr_line' id='line_1_74' title="bbox 1174 2409 2161 2465; baseline 0.008 -19"><span class='ocrx_word' id='word_1_605' title='bbox 1174 2410 1278 2447; x_wconf 90' lang='lat' dir='ltr'><strong>Pauli</strong></span> <span class='ocrx_word' id='word_1_606' title='bbox 1309 2409 1522 2460; x_wconf 84' lang='lat' dir='ltr'><strong>audierunt,</strong></span> <span class='ocrx_word' id='word_1_607' title='bbox 1557 2411 1733 2450; x_wconf 87' lang='lat' dir='ltr'><strong>neminem</strong></span> <span class='ocrx_word' id='word_1_608' title='bbox 1767 2423 1883 2452; x_wconf 84' lang='lat' dir='ltr'><strong>antem</strong></span> <span class='ocrx_word' id='word_1_609' title='bbox 1906 2415 2092 2465; x_wconf 84' lang='lat' dir='ltr'><strong>viderunt,</strong></span> <span class='ocrx_word' id='word_1_610' title='bbox 2115 2417 2161 2454; x_wconf 85' lang='lat' dir='ltr'><strong>ad</strong></span> 
     </span>
     <span class='ocr_line' id='line_1_75' title="bbox 1174 2471 2161 2528; baseline 0.008 -20"><span class='ocrx_word' id='word_1_611' title='bbox 1174 2486 1280 2522; x_wconf 90' lang='lat' dir='ltr'><strong>quem</strong></span> <span class='ocrx_word' id='word_1_612' title='bbox 1293 2471 1534 2523; x_wconf 89' lang='lat' dir='ltr'><strong>responderet.</strong></span> <span class='ocrx_word' id='word_1_613' title='bbox 1554 2472 1600 2510; x_wconf 88' lang='lat' dir='ltr'><strong>Et</strong></span> <span class='ocrx_word' id='word_1_614' title='bbox 1619 2474 1702 2525; x_wconf 89' lang='lat' dir='ltr'><strong>jure</strong></span> <span class='ocrx_word' id='word_1_615' title='bbox 1717 2476 1842 2513; x_wconf 80' lang='lat' dir='ltr'><strong>merito</strong></span> <span class='ocrx_word' id='word_1_616' title='bbox 1855 2492 1862 2511; x_wconf 74' lang='grc' dir='ltr'><em>τ</em></span> <span class='ocrx_word' id='word_1_617' title='bbox 1874 2491 1994 2514; x_wconf 86' lang='lat' dir='ltr'><strong>rerum</strong></span> <span class='ocrx_word' id='word_1_618' title='bbox 2010 2491 2161 2528; x_wconf 86' lang='lat' dir='ltr'><strong>namque</strong></span> 
     </span>
     <span class='ocr_line' id='line_1_76' title="bbox 1175 2532 2161 2576; baseline 0.006 -6"><span class='ocrx_word' id='word_1_619' title='bbox 1175 2533 1355 2571; x_wconf 88' lang='lat' dir='ltr'><strong>minorum</strong></span> <span class='ocrx_word' id='word_1_620' title='bbox 1375 2532 1458 2570; x_wconf 87' lang='lat' dir='ltr'><strong>illos</strong></span> <span class='ocrx_word' id='word_1_621' title='bbox 1488 2533 1571 2571; x_wconf 84' lang='lat' dir='ltr'><strong>fecit</strong></span> <span class='ocrx_word' id='word_1_622' title='bbox 1597 2534 1788 2574; x_wconf 82' lang='lat' dir='ltr'><strong>auditores.</strong></span> <span class='ocrx_word' id='word_1_623' title='bbox 1809 2537 1899 2574; x_wconf 79' lang='lat' dir='ltr'><strong>Nam</strong></span> <span class='ocrx_word' id='word_1_624' title='bbox 1921 2538 1949 2575; x_wconf 84' lang='lat' dir='ltr'><strong>si</strong></span> <span class='ocrx_word' id='word_1_625' title='bbox 1969 2552 2092 2576; x_wconf 75' lang='lat' dir='ltr'><strong>vocem</strong></span> <span class='ocrx_word' id='word_1_626' title='bbox 2111 2539 2161 2576; x_wconf 88' lang='lat' dir='ltr'><strong>il-</strong></span> 
     </span>
     <span class='ocr_line' id='line_1_77' title="bbox 1176 2593 2162 2644; baseline 0.006 -14"><span class='ocrx_word' id='word_1_627' title='bbox 1176 2594 1246 2631; x_wconf 70' lang='lat' dir='ltr'><strong>lam</strong></span> <span class='ocrx_word' id='word_1_628' title='bbox 1263 2593 1459 2642; x_wconf 86' lang='lat' dir='ltr'><strong>audissent,</strong></span> <span class='ocrx_word' id='word_1_629' title='bbox 1474 2608 1586 2644; x_wconf 88' lang='lat' dir='ltr'><strong>neque</strong></span> <span class='ocrx_word' id='word_1_630' title='bbox 1604 2594 1655 2632; x_wconf 87' lang='lat' dir='ltr'><strong>sic</strong></span> <span class='ocrx_word' id='word_1_631' title='bbox 1671 2596 1917 2635; x_wconf 86' lang='lat' dir='ltr'><strong>credidissent:</strong></span> <span class='ocrx_word' id='word_1_632' title='bbox 1930 2599 2083 2636; x_wconf 87' lang='lat' dir='ltr'><strong>Paulum</strong></span> <span class='ocrx_word' id='word_1_633' title='bbox 2096 2614 2162 2636; x_wconf 89' lang='lat' dir='ltr'><strong>au-</strong></span> 
     </span>
     <span class='ocr_line' id='line_1_78' title="bbox 1178 2654 2164 2707; baseline 0.006 -15"><span class='ocrx_word' id='word_1_634' title='bbox 1178 2665 1247 2692; x_wconf 86' lang='lat' dir='ltr'><strong>tem</strong></span> <span class='ocrx_word' id='word_1_635' title='bbox 1289 2654 1449 2693; x_wconf 78' lang='lat' dir='ltr'><strong>videntes</strong></span> <span class='ocrx_word' id='word_1_636' title='bbox 1486 2655 1773 2707; x_wconf 76' lang='lat' dir='ltr'><strong>respondentem,</strong></span> <span class='ocrx_word' id='word_1_637' title='bbox 1815 2659 2047 2697; x_wconf 74' lang='lat' dir='ltr'><strong>mirabantur.</strong></span> <span class='ocrx_word' id='word_1_638' title='bbox 2093 2661 2164 2700; x_wconf 89' lang='lat' dir='ltr'><strong>Sed</strong></span> 
     </span>
    </p>
   </div>
   <div class='ocr_carea' id='block_1_19' title="bbox 92 2713 2165 2771">
    <p class='ocr_par' dir='ltr' id='par_1_20' title="bbox 92 2713 2165 2771">
     <span class='ocr_line' id='line_1_79' title="bbox 92 2713 2165 2771; baseline 0.006 -21"><span class='ocrx_word' id='word_1_639' title='bbox 92 2714 212 2761; x_wconf 84' lang='grc' dir='ltr'>πόλιν,</span> <span class='ocrx_word' id='word_1_640' title='bbox 244 2713 303 2751; x_wconf 81' lang='grc' dir='ltr'>καὶ</span> <span class='ocrx_word' id='word_1_641' title='bbox 329 2713 565 2760; x_wconf 84' lang='grc' dir='ltr'>λαληθήσεταί</span> <span class='ocrx_word' id='word_1_642' title='bbox 585 2729 662 2761; x_wconf 89' lang='grc' dir='ltr'>σοι,</span> <span class='ocrx_word' id='word_1_643' title='bbox 682 2714 716 2752; x_wconf 91' lang='grc' dir='ltr'>τί</span> <span class='ocrx_word' id='word_1_644' title='bbox 732 2730 768 2753; x_wconf 85' lang='grc' dir='ltr'><strong>σε</strong></span> <span class='ocrx_word' id='word_1_645' title='bbox 786 2716 835 2753; x_wconf 83' lang='grc' dir='ltr'><strong>δεῖ</strong></span> <span class='ocrx_word' id='word_1_646' title='bbox 853 2721 975 2754; x_wconf 89' lang='grc' dir='ltr'>ποιεῖν.</span> <span class='ocrx_word' id='word_1_647' title='bbox 997 2715 1106 2768; x_wconf 65' lang='grc' dir='ltr'><strong>ζὈρα,</strong></span> <span class='ocrx_word' id='word_1_648' title='bbox 1131 2731 1154 2759; x_wconf 89' lang='lat' dir='ltr'>D</span> <span class='ocrx_word' id='word_1_649' title='bbox 1179 2720 1214 2757; x_wconf 81' lang='lat'><strong>7.</strong></span> <span class='ocrx_word' id='word_1_650' title='bbox 1247 2719 1377 2770; x_wconf 79' lang='lat' dir='ltr'><strong>Surge,</strong></span> <span class='ocrx_word' id='word_1_651' title='bbox 1414 2726 1451 2755; x_wconf 91' lang='lat' dir='ltr'><strong>et</strong></span> <span class='ocrx_word' id='word_1_652' title='bbox 1481 2720 1679 2771; x_wconf 83' lang='lat' dir='ltr'><strong>ingredere</strong></span> <span class='ocrx_word' id='word_1_653' title='bbox 1707 2723 1917 2769; x_wconf 71' lang='lat' dir='ltr'><strong>civitatem,</strong></span> <span class='ocrx_word' id='word_1_654' title='bbox 1949 2733 1984 2761; x_wconf 86' lang='lat' dir='ltr'><strong>et</strong></span> <span class='ocrx_word' id='word_1_655' title='bbox 2017 2725 2165 2763; x_wconf 81' lang='lat' dir='ltr'><strong>dicetur</strong></span> 
     </span>
    </p>
   </div>
   <div class='ocr_carea' id='block_1_20' title="bbox 92 2774 1112 3190">
    <p class='ocr_par' dir='ltr' id='par_1_21' title="bbox 92 2774 1112 3190">
     <span class='ocr_line' id='line_1_80' title="bbox 92 2774 1105 2829; baseline 0.005 -18"><span class='ocrx_word' id='word_1_656' title='bbox 92 2778 166 2817; x_wconf 84' lang='grc' dir='ltr'><strong>πῶς</strong></span> <span class='ocrx_word' id='word_1_657' title='bbox 187 2777 247 2812; x_wconf 79' lang='grc' dir='ltr'><strong>οὐκ</strong></span> <span class='ocrx_word' id='word_1_658' title='bbox 267 2774 390 2818; x_wconf 82' lang='grc' dir='ltr'>εὐθέως</span> <span class='ocrx_word' id='word_1_659' title='bbox 410 2774 523 2813; x_wconf 86' lang='grc' dir='ltr'>πάντα</span> <span class='ocrx_word' id='word_1_660' title='bbox 544 2776 637 2826; x_wconf 82' lang='grc' dir='ltr'>αὐτῷ</span> <span class='ocrx_word' id='word_1_661' title='bbox 659 2776 911 2825; x_wconf 81' lang='grc' dir='ltr'>ἀποκαλύπτει,</span> <span class='ocrx_word' id='word_1_662' title='bbox 933 2777 1023 2816; x_wconf 84' lang='grc' dir='ltr'>ἀλλὰ</span> <span class='ocrx_word' id='word_1_663' title='bbox 1040 2778 1105 2829; x_wconf 82' lang='grc' dir='ltr'>μό-</span> 
     </span>
     <span class='ocr_line' id='line_1_81' title="bbox 95 2832 1109 2892; baseline 0.005 -20"><span class='ocrx_word' id='word_1_664' title='bbox 95 2851 149 2873; x_wconf 90' lang='grc' dir='ltr'><strong>νον</strong></span> <span class='ocrx_word' id='word_1_665' title='bbox 165 2835 404 2886; x_wconf 84' lang='grc' dir='ltr'>προμαλάττει</span> <span class='ocrx_word' id='word_1_666' title='bbox 419 2838 520 2873; x_wconf 75' lang='grc' dir='ltr'>αὐτοῦ</span> <span class='ocrx_word' id='word_1_667' title='bbox 534 2835 597 2882; x_wconf 86' lang='grc' dir='ltr'><strong>τὴν</strong></span> <span class='ocrx_word' id='word_1_668' title='bbox 613 2835 776 2884; x_wconf 84' lang='grc' dir='ltr'>διάνοιαν,</span> <span class='ocrx_word' id='word_1_669' title='bbox 793 2837 852 2874; x_wconf 86' lang='grc' dir='ltr'><strong>καὶ</strong></span> <span class='ocrx_word' id='word_1_670' title='bbox 873 2837 916 2875; x_wconf 77' lang='grc' dir='ltr'><strong>δι’</strong></span> <span class='ocrx_word' id='word_1_671' title='bbox 933 2832 980 2876; x_wconf 67' lang='grc' dir='ltr'><strong>ὧν</strong></span> <span class='ocrx_word' id='word_1_672' title='bbox 997 2854 1109 2892; x_wconf 87' lang='grc' dir='ltr'>παρα-</span> 
     </span>
     <span class='ocr_line' id='line_1_82' title="bbox 96 2895 1107 2951; baseline 0.006 -19"><span class='ocrx_word' id='word_1_673' title='bbox 96 2895 269 2933; x_wconf 80' lang='grc' dir='ltr'>κελεύεται</span> <span class='ocrx_word' id='word_1_674' title='bbox 295 2899 425 2933; x_wconf 62' lang='grc' dir='ltr'><strong>ιεποιεῖν</strong></span> <span class='ocrx_word' id='word_1_675' title='bbox 449 2896 562 2943; x_wconf 79' lang='grc' dir='ltr'>αὐτὸν,</span> <span class='ocrx_word' id='word_1_676' title='bbox 582 2900 803 2950; x_wconf 68' lang='grc' dir='ltr'>παραχρῆμα</span> <span class='ocrx_word' id='word_1_677' title='bbox 842 2898 979 2936; x_wconf 83' lang='grc' dir='ltr'>δίδωσιν</span> <span class='ocrx_word' id='word_1_678' title='bbox 1013 2902 1107 2951; x_wconf 77' lang='grc' dir='ltr'>αὐτῷ</span> 
     </span>
     <span class='ocr_line' id='line_1_83' title="bbox 96 2955 1111 3012; baseline 0.006 -20"><span class='ocrx_word' id='word_1_679' title='bbox 96 2955 251 3006; x_wconf 71' lang='grc' dir='ltr'>χρηστὰς</span> <span class='ocrx_word' id='word_1_680' title='bbox 270 2955 422 3002; x_wconf 81' lang='grc' dir='ltr'>ἐλπίδας,</span> <span class='ocrx_word' id='word_1_681' title='bbox 445 2956 503 2994; x_wconf 80' lang='grc' dir='ltr'><strong>καὶ</strong></span> <span class='ocrx_word' id='word_1_682' title='bbox 521 2956 574 2995; x_wconf 80' lang='grc' dir='ltr'>ὅτι</span> <span class='ocrx_word' id='word_1_683' title='bbox 598 2958 798 3010; x_wconf 68' lang='grc' dir='ltr'>ἀναὸλέψει.</span> <span class='ocrx_word' id='word_1_684' title='bbox 822 2961 869 2997; x_wconf 81' lang='grc' dir='ltr'><strong>Οἱ</strong></span> <span class='ocrx_word' id='word_1_685' title='bbox 888 2958 924 2997; x_wconf 80' lang='grc' dir='ltr'><strong>δὲ</strong></span> <span class='ocrx_word' id='word_1_686' title='bbox 945 2960 1066 3012; x_wconf 82' lang='grc' dir='ltr'>ἄνδρες</span> <span class='ocrx_word' id='word_1_687' title='bbox 1082 2963 1111 2998; x_wconf 80' lang='grc' dir='ltr'><strong>οἳ</strong></span> 
     </span>
     <span class='ocr_line' id='line_1_84' title="bbox 99 3012 1110 3068; baseline 0.005 -19"><span class='ocrx_word' id='word_1_688' title='bbox 99 3012 328 3057; x_wconf 77' lang='grc' dir='ltr'>συνοδεύοντες</span> <span class='ocrx_word' id='word_1_689' title='bbox 348 3015 454 3066; x_wconf 78' lang='grc' dir='ltr'>αὐτῷ,</span> <span class='ocrx_word' id='word_1_690' title='bbox 474 3015 692 3062; x_wconf 78' lang='grc' dir='ltr'>εἵστήκεισαν</span> <span class='ocrx_word' id='word_1_691' title='bbox 712 3017 831 3064; x_wconf 83' lang='grc' dir='ltr'>ἐννεοὶ,</span> <span class='ocrx_word' id='word_1_692' title='bbox 851 3017 1033 3061; x_wconf 77' lang='grc' dir='ltr'>ἀκούοντες</span> <span class='ocrx_word' id='word_1_693' title='bbox 1050 3017 1110 3068; x_wconf 81' lang='grc' dir='ltr'><strong>μὲν</strong></span> 
     </span>
     <span class='ocr_line' id='line_1_85' title="bbox 100 3075 1112 3131; baseline 0.008 -22"><span class='ocrx_word' id='word_1_694' title='bbox 100 3076 160 3118; x_wconf 55' lang='grc' dir='ltr'>τ’ἶς</span> <span class='ocrx_word' id='word_1_695' title='bbox 180 3076 305 3124; x_wconf 66' lang='grc' dir='ltr'>φωνῆς,</span> <span class='ocrx_word' id='word_1_696' title='bbox 327 3075 457 3125; x_wconf 80' lang='grc' dir='ltr'>μηδένα</span> <span class='ocrx_word' id='word_1_697' title='bbox 475 3076 510 3113; x_wconf 75' lang='grc' dir='ltr'><strong>δὲ</strong></span> <span class='ocrx_word' id='word_1_698' title='bbox 525 3080 740 3128; x_wconf 77' lang='grc' dir='ltr'>θεωροῦντες.</span> <span class='ocrx_word' id='word_1_699' title='bbox 762 3077 916 3131; x_wconf 77' lang='grc' dir='ltr'>Ἠγέρθη</span> <span class='ocrx_word' id='word_1_700' title='bbox 937 3078 971 3117; x_wconf 78' lang='grc' dir='ltr'><strong>δὲ</strong></span> <span class='ocrx_word' id='word_1_701' title='bbox 991 3082 1008 3117; x_wconf 89' lang='grc' dir='ltr'><strong><em>ὃ</em></strong></span> <span class='ocrx_word' id='word_1_702' title='bbox 1022 3080 1112 3116; x_wconf 80' lang='grc' dir='ltr'>Σαῧ-</span> 
     </span>
     <span class='ocr_line' id='line_1_86' title="bbox 100 3134 1109 3190; baseline 0.006 -19"><span class='ocrx_word' id='word_1_703' title='bbox 100 3135 157 3176; x_wconf 82' lang='grc' dir='ltr'><strong>λος</strong></span> <span class='ocrx_word' id='word_1_704' title='bbox 180 3134 247 3171; x_wconf 78' lang='grc' dir='ltr'>ἀπὸ</span> <span class='ocrx_word' id='word_1_705' title='bbox 264 3138 325 3181; x_wconf 59' lang='grc' dir='ltr'><strong>τῆς</strong></span> <span class='ocrx_word' id='word_1_706' title='bbox 340 3139 402 3186; x_wconf 77' lang='grc' dir='ltr'><strong>γῆς</strong></span> <span class='ocrx_word' id='word_1_707' title='bbox 417 3166 427 3183; x_wconf 90' lang='grc'>,</span> <span class='ocrx_word' id='word_1_708' title='bbox 449 3138 673 3189; x_wconf 87' lang='grc' dir='ltr'>ἀνεῳγμένων</span> <span class='ocrx_word' id='word_1_709' title='bbox 692 3154 730 3176; x_wconf 87' lang='grc' dir='ltr'><strong>τε</strong></span> <span class='ocrx_word' id='word_1_710' title='bbox 748 3142 816 3176; x_wconf 85' lang='grc' dir='ltr'><strong>τῶν</strong></span> <span class='ocrx_word' id='word_1_711' title='bbox 838 3140 1025 3190; x_wconf 73' lang='grc' dir='ltr'>ὀφθαλμῶν</span> <span class='ocrx_word' id='word_1_712' title='bbox 1048 3141 1109 3177; x_wconf 84' lang='grc' dir='ltr'><strong>αὒ-</strong></span> 
     </span>
    </p>
   </div>
   <div class='ocr_carea' id='block_1_21' title="bbox 102 3199 1113 3257">
    <p class='ocr_par' dir='ltr' id='par_1_22' title="bbox 102 3199 1113 3257">
     <span class='ocr_line' id='line_1_87' title="bbox 102 3199 1113 3257; baseline 0.008 -21"><span class='ocrx_word' id='word_1_713' title='bbox 102 3204 173 3245; x_wconf 70' lang='grc' dir='ltr'>τοῧ,</span> <span class='ocrx_word' id='word_1_714' title='bbox 191 3199 309 3238; x_wconf 76' lang='grc' dir='ltr'>οὐδένα</span> <span class='ocrx_word' id='word_1_715' title='bbox 328 3201 463 3241; x_wconf 67' lang='grc' dir='ltr'>ἔὸλεπε.</span> <span class='ocrx_word' id='word_1_716' title='bbox 483 3204 784 3256; x_wconf 77' lang='grc' dir='ltr'>Χειραγωγοῧντες</span> <span class='ocrx_word' id='word_1_717' title='bbox 800 3205 836 3243; x_wconf 78' lang='grc' dir='ltr'><strong>δὲ</strong></span> <span class='ocrx_word' id='word_1_718' title='bbox 853 3206 953 3244; x_wconf 81' lang='grc' dir='ltr'>αὐτὸν</span> <span class='ocrx_word' id='word_1_719' title='bbox 968 3205 1113 3257; x_wconf 78' lang='grc' dir='ltr'>εἰσήγα-</span> 
     </span>
    </p>
   </div>
   <div class='ocr_carea' id='block_1_22' title="bbox 149 3314 1113 3464">
    <p class='ocr_par' dir='ltr' id='par_1_23' title="bbox 149 3314 1113 3464">
     <span class='ocr_line' id='line_1_88' title="bbox 149 3314 931 3364; baseline 0.009 -20"><span class='ocrx_word' id='word_1_720' title='bbox 149 3324 161 3338; x_wconf 84' lang='lat' dir='ltr'><strong>a</strong></span> <span class='ocrx_word' id='word_1_721' title='bbox 178 3314 268 3346; x_wconf 87' lang='lat' dir='ltr'><strong>Unus</strong></span> <span class='ocrx_word' id='word_1_722' title='bbox 280 3315 392 3347; x_wconf 81' lang='lat' dir='ltr'><strong>Codex</strong></span> <span class='ocrx_word' id='word_1_723' title='bbox 406 3321 653 3361; x_wconf 69' lang='grc' dir='ltr'>ἀπολογούμενος.</span> <span class='ocrx_word' id='word_1_724' title='bbox 668 3323 686 3356; x_wconf 77' lang='grc' dir='ltr'>ἡ</span> <span class='ocrx_word' id='word_1_725' title='bbox 699 3324 757 3364; x_wconf 75' lang='grc' dir='ltr'><strong>γὰρ</strong></span> <span class='ocrx_word' id='word_1_726' title='bbox 768 3320 931 3364; x_wconf 67' lang='grc' dir='ltr'>ὑπερὸολή,</span> 
     </span>
     <span class='ocr_line' id='line_1_89' title="bbox 154 3365 802 3415; baseline 0.006 -16"><span class='ocrx_word' id='word_1_727' title='bbox 154 3366 166 3379; x_wconf 66' lang='lat'><em>⁶</em></span> <span class='ocrx_word' id='word_1_728' title='bbox 184 3365 194 3407; x_wconf 74' lang='lat'>[</span> <span class='ocrx_word' id='word_1_729' title='bbox 209 3366 348 3398; x_wconf 63' lang='lat' dir='ltr'><strong>Silvinus</strong></span> <span class='ocrx_word' id='word_1_730' title='bbox 364 3374 518 3413; x_wconf 77' lang='grc' dir='ltr'>μονονουχὶ</span> <span class='ocrx_word' id='word_1_731' title='bbox 531 3374 622 3412; x_wconf 70' lang='grc' dir='ltr'>λέγων</span> <span class='ocrx_word' id='word_1_732' title='bbox 633 3381 640 3388; x_wconf 88' lang='grc'><em>·</em></span> <span class='ocrx_word' id='word_1_733' title='bbox 659 3375 687 3404; x_wconf 81' lang='grc' dir='ltr'>τί</span> <span class='ocrx_word' id='word_1_734' title='bbox 699 3371 802 3415; x_wconf 72' lang='grc' dir='ltr'>παρ’.]</span> 
     </span>
     <span class='ocr_line' id='line_1_90' title="bbox 152 3416 1113 3464; baseline 0.008 -16"><span class='ocrx_word' id='word_1_735' title='bbox 152 3419 166 3440; x_wconf 78' lang='lat'><strong>¹¹</strong></span> <span class='ocrx_word' id='word_1_736' title='bbox 184 3416 276 3449; x_wconf 62' lang='lat' dir='ltr'><strong>Idem</strong></span> <span class='ocrx_word' id='word_1_737' title='bbox 288 3422 428 3461; x_wconf 72' lang='grc' dir='ltr'>πόλεμον.</span> <span class='ocrx_word' id='word_1_738' title='bbox 441 3425 494 3458; x_wconf 71' lang='grc' dir='ltr'><strong>τὴν</strong></span> <span class='ocrx_word' id='word_1_739' title='bbox 507 3427 601 3464; x_wconf 53' lang='grc' dir='ltr'>φωνὴν</span> <span class='ocrx_word' id='word_1_740' title='bbox 613 3426 663 3455; x_wconf 83' lang='grc' dir='ltr'><strong>τοῦ</strong></span> <span class='ocrx_word' id='word_1_741' title='bbox 678 3424 798 3455; x_wconf 73' lang='grc' dir='ltr'>Παύλου</span> <span class='ocrx_word' id='word_1_742' title='bbox 809 3426 932 3459; x_wconf 74' lang='grc' dir='ltr'>ἥκουσαν</span> <span class='ocrx_word' id='word_1_743' title='bbox 946 3426 971 3456; x_wconf 79' lang='grc' dir='ltr'>οἱ</span> <span class='ocrx_word' id='word_1_744' title='bbox 984 3429 1113 3460; x_wconf 73' lang='grc' dir='ltr'>συνόντες</span> 
     </span>
    </p>
   </div>
   <div class='ocr_carea' id='block_1_23' title="bbox 1179 2780 2174 3259">
    <p class='ocr_par' dir='ltr' id='par_1_24' title="bbox 1179 2780 2174 3259">
     <span class='ocr_line' id='line_1_91' title="bbox 1180 2780 2164 2834; baseline 0.007 -18"><span class='ocrx_word' id='word_1_745' title='bbox 1180 2782 1250 2816; x_wconf 85' lang='lat' dir='ltr'><strong>tibi</strong></span> <span class='ocrx_word' id='word_1_746' title='bbox 1265 2780 1361 2832; x_wconf 82' lang='lat' dir='ltr'><strong>quid</strong></span> <span class='ocrx_word' id='word_1_747' title='bbox 1376 2788 1412 2817; x_wconf 91' lang='lat' dir='ltr'><strong>te</strong></span> <span class='ocrx_word' id='word_1_748' title='bbox 1425 2788 1598 2831; x_wconf 83' lang='lat' dir='ltr'><strong>oporteat</strong></span> <span class='ocrx_word' id='word_1_749' title='bbox 1612 2782 1755 2831; x_wconf 82' lang='lat' dir='ltr'><strong>facere.</strong></span> <span class='ocrx_word' id='word_1_750' title='bbox 1772 2782 1881 2833; x_wconf 83' lang='lat' dir='ltr'><strong>Vide,</strong></span> <span class='ocrx_word' id='word_1_751' title='bbox 1899 2785 2078 2834; x_wconf 87' lang='lat' dir='ltr'><strong>quomodo</strong></span> <span class='ocrx_word' id='word_1_752' title='bbox 2095 2799 2164 2823; x_wconf 90' lang='lat' dir='ltr'><strong>non</strong></span> 
     </span>
     <span class='ocr_line' id='line_1_92' title="bbox 1179 2840 2164 2895; baseline 0.006 -18"><span class='ocrx_word' id='word_1_753' title='bbox 1179 2840 1299 2878; x_wconf 79' lang='lat' dir='ltr'><strong>statim</strong></span> <span class='ocrx_word' id='word_1_754' title='bbox 1319 2841 1436 2878; x_wconf 89' lang='lat' dir='ltr'><strong>omnia</strong></span> <span class='ocrx_word' id='word_1_755' title='bbox 1457 2840 1526 2893; x_wconf 85' lang='lat' dir='ltr'><strong>ipsi</strong></span> <span class='ocrx_word' id='word_1_756' title='bbox 1557 2842 1701 2891; x_wconf 84' lang='lat' dir='ltr'><strong>revelet,</strong></span> <span class='ocrx_word' id='word_1_757' title='bbox 1729 2843 1790 2880; x_wconf 86' lang='lat' dir='ltr'><strong>sed</strong></span> <span class='ocrx_word' id='word_1_758' title='bbox 1809 2844 1909 2895; x_wconf 86' lang='lat' dir='ltr'><strong>prius</strong></span> <span class='ocrx_word' id='word_1_759' title='bbox 1935 2854 2071 2882; x_wconf 81' lang='lat' dir='ltr'><strong>tantum</strong></span> <span class='ocrx_word' id='word_1_760' title='bbox 2091 2846 2164 2883; x_wconf 80' lang='lat' dir='ltr'><strong>mi-</strong></span> 
     </span>
     <span class='ocr_line' id='line_1_93' title="bbox 1181 2901 2167 2957; baseline 0.005 -18"><span class='ocrx_word' id='word_1_761' title='bbox 1181 2901 1268 2952; x_wconf 79' lang='lat' dir='ltr'><strong>tiget</strong></span> <span class='ocrx_word' id='word_1_762' title='bbox 1288 2901 1444 2939; x_wconf 86' lang='lat' dir='ltr'><strong>animam</strong></span> <span class='ocrx_word' id='word_1_763' title='bbox 1464 2902 1540 2954; x_wconf 87' lang='lat' dir='ltr'><strong>ejus</strong></span> <span class='ocrx_word' id='word_1_764' title='bbox 1552 2932 1561 2950; x_wconf 88' lang='lat'><strong>,</strong></span> <span class='ocrx_word' id='word_1_765' title='bbox 1581 2912 1615 2940; x_wconf 91' lang='lat' dir='ltr'><strong>et</strong></span> <span class='ocrx_word' id='word_1_766' title='bbox 1632 2917 1693 2955; x_wconf 87' lang='lat' dir='ltr'><strong>per</strong></span> <span class='ocrx_word' id='word_1_767' title='bbox 1705 2917 1742 2941; x_wconf 88' lang='lat' dir='ltr'><strong>ea</strong></span> <span class='ocrx_word' id='word_1_768' title='bbox 1757 2933 1765 2951; x_wconf 83' lang='lat'>‚</span> <span class='ocrx_word' id='word_1_769' title='bbox 1783 2919 1860 2955; x_wconf 79' lang='lat' dir='ltr'><strong>quae</strong></span> <span class='ocrx_word' id='word_1_770' title='bbox 1875 2905 1976 2957; x_wconf 90' lang='lat' dir='ltr'><strong>jubet</strong></span> <span class='ocrx_word' id='word_1_771' title='bbox 1992 2906 2097 2944; x_wconf 90' lang='lat' dir='ltr'><strong>illum</strong></span> <span class='ocrx_word' id='word_1_772' title='bbox 2115 2908 2167 2944; x_wconf 87' lang='lat' dir='ltr'><strong>fa-</strong></span> 
     </span>
     <span class='ocr_line' id='line_1_94' title="bbox 1182 2962 2167 3016; baseline 0.006 -17"><span class='ocrx_word' id='word_1_773' title='bbox 1182 2976 1272 3012; x_wconf 87' lang='lat' dir='ltr'><strong>cere,</strong></span> <span class='ocrx_word' id='word_1_774' title='bbox 1296 2962 1416 3000; x_wconf 83' lang='lat' dir='ltr'><strong>statim</strong></span> <span class='ocrx_word' id='word_1_775' title='bbox 1436 2976 1534 3014; x_wconf 88' lang='lat' dir='ltr'><strong>spem</strong></span> <span class='ocrx_word' id='word_1_776' title='bbox 1554 2963 1684 3000; x_wconf 84' lang='lat' dir='ltr'><strong>bonam</strong></span> <span class='ocrx_word' id='word_1_777' title='bbox 1703 2964 1808 3013; x_wconf 81' lang='lat' dir='ltr'><strong>indit,</strong></span> <span class='ocrx_word' id='word_1_778' title='bbox 1843 2966 1940 3016; x_wconf 87' lang='lat' dir='ltr'><strong>quod</strong></span> <span class='ocrx_word' id='word_1_779' title='bbox 1961 2966 2080 3004; x_wconf 70' lang='lat' dir='ltr'><strong>visum</strong></span> <span class='ocrx_word' id='word_1_780' title='bbox 2107 2982 2167 3006; x_wconf 91' lang='lat' dir='ltr'><strong>re-</strong></span> 
     </span>
     <span class='ocr_line' id='line_1_95' title="bbox 1184 3022 2170 3076; baseline 0.007 -17"><span class='ocrx_word' id='word_1_781' title='bbox 1184 3031 1351 3074; x_wconf 85' lang='lat' dir='ltr'><strong>cepturus</strong></span> <span class='ocrx_word' id='word_1_782' title='bbox 1364 3022 1422 3060; x_wconf 88' lang='lat' dir='ltr'><strong>sit.</strong></span> <span class='ocrx_word' id='word_1_783' title='bbox 1445 3025 1528 3060; x_wconf 83' lang='lat' dir='ltr'><strong>Viri</strong></span> <span class='ocrx_word' id='word_1_784' title='bbox 1543 3032 1685 3070; x_wconf 85' lang='lat' dir='ltr'><strong>autem,</strong></span> <span class='ocrx_word' id='word_1_785' title='bbox 1704 3028 1769 3076; x_wconf 84' lang='lat' dir='ltr'><strong>qui</strong></span> <span class='ocrx_word' id='word_1_786' title='bbox 1788 3028 1896 3063; x_wconf 85' lang='lat' dir='ltr'><strong>ibant</strong></span> <span class='ocrx_word' id='word_1_787' title='bbox 1911 3040 2000 3064; x_wconf 86' lang='lat' dir='ltr'><strong>cum</strong></span> <span class='ocrx_word' id='word_1_788' title='bbox 2013 3041 2070 3074; x_wconf 86' lang='lat' dir='ltr'><strong>eO,</strong></span> <span class='ocrx_word' id='word_1_789' title='bbox 2085 3037 2170 3066; x_wconf 85' lang='lat' dir='ltr'><strong>sta-</strong></span> 
     </span>
     <span class='ocr_line' id='line_1_96' title="bbox 1186 3085 2169 3137; baseline 0.006 -17"><span class='ocrx_word' id='word_1_790' title='bbox 1186 3086 1280 3121; x_wconf 80' lang='lat' dir='ltr'><strong>bant</strong></span> <span class='ocrx_word' id='word_1_791' title='bbox 1299 3085 1524 3137; x_wconf 82' lang='lat' dir='ltr'><strong>stupefacti,</strong></span> <span class='ocrx_word' id='word_1_792' title='bbox 1547 3086 1746 3122; x_wconf 82' lang='lat' dir='ltr'><strong>audientes</strong></span> <span class='ocrx_word' id='word_1_793' title='bbox 1762 3087 1914 3137; x_wconf 83' lang='lat' dir='ltr'><strong>quidem</strong></span> <span class='ocrx_word' id='word_1_794' title='bbox 1929 3101 2063 3125; x_wconf 78' lang='lat' dir='ltr'><strong>vocem</strong></span> <span class='ocrx_word' id='word_1_795' title='bbox 2074 3118 2083 3135; x_wconf 89' lang='lat'><strong>,</strong></span> <span class='ocrx_word' id='word_1_796' title='bbox 2100 3103 2169 3126; x_wconf 83' lang='lat' dir='ltr'><strong>ne-</strong></span> 
     </span>
     <span class='ocr_line' id='line_1_97' title="bbox 1186 3147 2174 3188; baseline 0.006 -6"><span class='ocrx_word' id='word_1_797' title='bbox 1186 3148 1327 3182; x_wconf 87' lang='lat' dir='ltr'><strong>minem</strong></span> <span class='ocrx_word' id='word_1_798' title='bbox 1343 3154 1471 3183; x_wconf 88' lang='lat' dir='ltr'><strong>autem</strong></span> <span class='ocrx_word' id='word_1_799' title='bbox 1486 3147 1673 3184; x_wconf 79' lang='lat' dir='ltr'><strong>videntes,</strong></span> <span class='ocrx_word' id='word_1_800' title='bbox 1694 3147 1729 3185; x_wconf 81' lang='lat'><strong>8.</strong></span> <span class='ocrx_word' id='word_1_801' title='bbox 1742 3147 1916 3186; x_wconf 72' lang='lat' dir='ltr'><strong>Surrexit</strong></span> <span class='ocrx_word' id='word_1_802' title='bbox 1930 3158 2060 3187; x_wconf 85' lang='lat' dir='ltr'><strong>autem</strong></span> <span class='ocrx_word' id='word_1_803' title='bbox 2075 3150 2174 3188; x_wconf 76' lang='lat' dir='ltr'><em>Sau—</em></span> 
     </span>
     <span class='ocr_line' id='line_1_98' title="bbox 1189 3207 2171 3259; baseline 0.005 -16"><span class='ocrx_word' id='word_1_804' title='bbox 1189 3207 1248 3244; x_wconf 90' lang='lat' dir='ltr'><strong>lus</strong></span> <span class='ocrx_word' id='word_1_805' title='bbox 1277 3208 1326 3244; x_wconf 91' lang='lat' dir='ltr'><strong>de</strong></span> <span class='ocrx_word' id='word_1_806' title='bbox 1353 3215 1469 3252; x_wconf 81' lang='lat' dir='ltr'><strong>terra,</strong></span> <span class='ocrx_word' id='word_1_807' title='bbox 1493 3210 1711 3259; x_wconf 83' lang='lat' dir='ltr'><strong>apertisque</strong></span> <span class='ocrx_word' id='word_1_808' title='bbox 1733 3209 1854 3246; x_wconf 86' lang='lat' dir='ltr'><strong>oculis</strong></span> <span class='ocrx_word' id='word_1_809' title='bbox 1878 3210 1978 3247; x_wconf 82' lang='lat' dir='ltr'><strong>nihil</strong></span> <span class='ocrx_word' id='word_1_810' title='bbox 1999 3211 2171 3251; x_wconf 80' lang='lat' dir='ltr'><strong>videbat.</strong></span> 
     </span>
    </p>
   </div>
   <div class='ocr_carea' id='block_1_24' title="bbox 1174 3322 1454 3362">
    <p class='ocr_par' dir='ltr' id='par_1_25' title="bbox 1174 3322 1454 3362">
     <span class='ocr_line' id='line_1_99' title="bbox 1174 3322 1454 3362; baseline 0 -11"><span class='ocrx_word' id='word_1_811' title='bbox 1174 3323 1254 3362; x_wconf 62' lang='grc' dir='ltr'><strong>αᾶτῷ</strong></span> <span class='ocrx_word' id='word_1_812' title='bbox 1269 3330 1275 3337; x_wconf 83' lang='grc'><strong><em>’</em></strong></span> <span class='ocrx_word' id='word_1_813' title='bbox 1294 3322 1395 3353; x_wconf 62' lang='grc' dir='ltr'>οέδένα</span> <span class='ocrx_word' id='word_1_814' title='bbox 1412 3322 1454 3353; x_wconf 73' lang='grc' dir='ltr'><strong>δέ.</strong></span> 
     </span>
    </p>
   </div>
   <div class='ocr_carea' id='block_1_25' title="bbox 1177 3369 2176 3465">
    <p class='ocr_par' dir='ltr' id='par_1_26' title="bbox 1177 3369 2176 3465">
     <span class='ocr_line' id='line_1_100' title="bbox 1219 3369 2176 3421; baseline 0.007 -20"><span class='ocrx_word' id='word_1_815' title='bbox 1219 3381 1231 3395; x_wconf 82' lang='lat' dir='ltr'><strong>e</strong></span> <span class='ocrx_word' id='word_1_816' title='bbox 1250 3369 1363 3414; x_wconf 83' lang='lat' dir='ltr'><strong>[Haec,</strong></span> <span class='ocrx_word' id='word_1_817' title='bbox 1381 3379 1472 3405; x_wconf 67' lang='grc' dir='ltr'>ποιεῖν</span> <span class='ocrx_word' id='word_1_818' title='bbox 1490 3374 1579 3404; x_wconf 74' lang='grc' dir='ltr'>αὐτὸν</span> <span class='ocrx_word' id='word_1_819' title='bbox 1592 3398 1599 3412; x_wconf 88' lang='grc'>,</span> <span class='ocrx_word' id='word_1_820' title='bbox 1616 3381 1825 3417; x_wconf 64' lang='grc' dir='ltr'>παραχρῆμα,</span> <span class='ocrx_word' id='word_1_821' title='bbox 1846 3374 2070 3417; x_wconf 78' lang='lat' dir='ltr'><strong>supplevimus</strong></span> <span class='ocrx_word' id='word_1_822' title='bbox 2091 3390 2107 3410; x_wconf 91' lang='lat' dir='ltr'><strong>e</strong></span> <span class='ocrx_word' id='word_1_823' title='bbox 2123 3381 2176 3421; x_wconf 79' lang='lat' dir='ltr'><strong>D,</strong></span> 
     </span>
     <span class='ocr_line' id='line_1_101' title="bbox 1177 3423 1590 3465; baseline -0.002 -10"><span class='ocrx_word' id='word_1_824' title='bbox 1177 3431 1209 3455; x_wconf 84' lang='lat' dir='ltr'><strong>et</strong></span> <span class='ocrx_word' id='word_1_825' title='bbox 1225 3424 1383 3465; x_wconf 77' lang='lat' dir='ltr'><strong>expressit</strong></span> <span class='ocrx_word' id='word_1_826' title='bbox 1400 3423 1565 3455; x_wconf 81' lang='lat' dir='ltr'><strong>Erasmus.</strong></span> <span class='ocrx_word' id='word_1_827' title='bbox 1580 3424 1590 3465; x_wconf 95' lang='lat'>]</span> 
     </span>
    </p>
   </div>
   <div class='ocr_carea' id='block_1_26' title="bbox 1934 3473 1994 3508">
    <p class='ocr_par' dir='ltr' id='par_1_27' title="bbox 1934 3473 1994 3508">
     <span class='ocr_line' id='line_1_102' title="bbox 1934 3473 1994 3508; baseline 0.017 -1"><span class='ocrx_word' id='word_1_828' title='bbox 1934 3473 1994 3508; x_wconf 74' lang='lat'><strong>15.</strong></span> 
     </span>
    </p>
   </div>
  </div>
 </body>
</html>
