2466 3805
129 1381 288 1408 Commune»

98 1424 144 1452 liae
171 1433 290 1459 quomo·
331 1439 337 1445 ·

100 1464 136 1490 do
149 1463 285 1490 ferendae.

96 1936 191 1964 Prov.
214 1934 260 1965 15.

97 2177 169 2205 Luc.
185 2187 214 2216 q.
231 2177 280 2205 23.

307 271 398 316 270
734 269 772 299 S.

810 267 990 299 JotNNJs
1025 264 1902 306 cthSOST.ARCH1EP.coNSTANT1NoP.

304 358 394 400 rata,
415 349 534 387 dentes
559 348 710 397 excussi,
731 357 871 385 strenue
899 347 990 383 ferre
1019 345 1182 383 dolores?
1214 345 1282 383 Hic
1294 345 1341 370 ²⁴⁵
1306 348 1524 410 Ατρωμένοι
1539 349 1601 393 τὰς
1612 352 1776 403 κεφαλὰς,
1790 354 1868 398 τους
1881 356 2021 400 ὀδόντας
2040 356 2250 405 ἓνδακόντες,
2267 372 2374 399 ουτως

303 425 387 447 vero
416 425 486 448 non
514 424 602 461 opus
630 417 680 446 est
698 407 849 445 stlidore
874 415 907 444 et
932 420 1064 443 morsu.
1085 383 1330 444 RecordarAe

304 471 447 508 Domini
467 471 532 516 tui,
553 479 584 506 et
597 469 828 520 phaimacum
840 468 958 505 statim
979 468 1054 519 ejus
1069 468 1282 506 recordatio-

303 545 345 567 ne
353 530 546 581 apposuisti
558 545 566 573 ;
578 529 761 566 recordare
780 528 882 565 Pauli
898 544 906 563 τ
924 528 1037 578 cogita
1059 537 1103 577 te,
1124 528 1187 579 qui
1205 543 1284 580 per-

302 604 422 627 cussus
447 604 495 635 es,
514 589 641 626 vicisse
649 605 660 637 3
680 589 784 626 illum
819 603 914 637 vero,
934 590 995 640 qui
1025 590 1208 641 percussit,
1230 590 1284 628 vi-

301 659 396 686 ctum
411 663 497 697 esse,
514 649 608 687 etsie
626 659 740 686 totum
760 659 892 688 curato.
909 652 1134 688 Momentum
1153 660 1203 688 est
1219 667 1226 687 :
1242 665 1284 689 ne

299 708 459 760 rapiaris,
479 718 512 746 et
533 717 646 746 totum
674 710 852 761 perfecisti
876 726 885 747 ε
906 724 950 748 ne
969 711 1155 759 movearis,
1176 720 1209 748 et
1231 720 1283 748 to-

298 778 375 807 tum
406 770 622 808 exstinxisti.
640 773 773 822 Magna
800 772 991 810 consolatio
1018 782 1068 810 est
1091 772 1230 823 aliquid
1251 781 1285 810 te

297 844 362 881 pro
383 831 524 869 Christo
553 832 629 883 pati
648 848 656 868 :
677 847 746 870 non
772 833 945 885 praedicas
964 847 1161 871 sermonem
1179 834 1280 884 fidei,

297 891 358 928 sed
377 891 546 942 praedicas
568 907 765 931 sermonem
779 894 1031 946 philosophiae.
1051 897 1109 941 At,
1127 895 1279 946 inquies,

299 962 430 1001 quanto
451 953 564 1004 magis
591 955 652 992 ille
673 965 898 993 mansuetum
915 956 1066 1005 videbit,
1086 965 1183 994 tanto
1201 972 1279 995 ma-

299 1013 354 1063 gis
370 1014 525 1053 instabit.
546 1018 734 1068 Propterea
755 1017 864 1067 igitur
892 1017 1001 1066 doles,
1015 1018 1110 1068 quod
1132 1019 1193 1056 ille
1214 1020 1281 1057 tibi

298 1075 497 1112 mercedem
516 1077 666 1127 augeat?
690 1080 737 1114 At
765 1077 999 1116 intractabilis
1021 1088 1091 1127 est,
1118 1079 1280 1129 inquies?

300 1135 382 1173 Haec
394 1137 698 1188 pusillanimitatis
716 1147 786 1176 tuae
801 1140 983 1177 excusatio
997 1149 1047 1178 est
1067 1156 1074 1176 :
1094 1141 1164 1178 alio
1176 1141 1281 1179 modo

297 1195 533 1234 intractabilis
548 1198 627 1246 erit,
643 1199 672 1236 si
692 1208 726 1236 te
740 1199 931 1238 ulciscaris.
945 1200 983 1238 Si
1003 1200 1106 1238 sciret
1124 1202 1219 1239 Deus
1239 1202 1282 1239 il-

295 1257 350 1294 los
364 1257 604 1297 intractabiles
621 1260 710 1309 fore,
728 1260 757 1298 si
776 1275 846 1298 non
866 1270 899 1299 te
916 1262 1110 1311 ulciscaris,
1126 1277 1195 1300 non
1214 1263 1282 1301 hoc

300 1318 532 1370 praecepisset,
546 1320 608 1357 sed
628 1320 788 1369 dixisset,
805 1322 857 1359 Te
877 1322 994 1374 ipsum
1010 1323 1178 1361 ulciscere
1195 1340 1203 1361 :
1220 1340 1283 1364 ve-

302 1391 380 1414 rum
398 1379 493 1416 novit
517 1379 584 1417 hoc
605 1380 671 1417 tibi
684 1381 807 1418 utilius
821 1381 904 1418 fore.
922 1383 974 1419 Ne
989 1396 1080 1434 pone
1099 1383 1212 1434 legem
1227 1385 1282 1423 di-

301 1453 393 1477 Vlnae
424 1441 636 1479 contrariam
654 1457 661 1477 :
680 1441 735 1478 illi
759 1442 973 1494 obtempera.
993 1444 1071 1481 Non
1099 1459 1135 1482 es
1150 1455 1189 1482 tu
1209 1460 1282 1483 me-

299 1499 368 1537 lior
397 1515 436 1538 eo
468 1502 530 1551 qui
557 1502 640 1539 fecit
663 1517 736 1540 nos.
755 1503 870 1550 Dixit,
886 1504 953 1541 Fer
970 1505 1200 1544 contumelias
1209 1522 1220 1556 3
1243 1515 1281 1544 tu

298 1575 382 1598 vero
413 1561 525 1612 dicis,
549 1563 809 1600 Contumeliam
840 1564 1017 1616 rependo,
1050 1579 1093 1602 ne
1128 1566 1194 1603 fiat
1220 1567 1281 1604 in—

295 1623 503 1660 tractabilis.
526 1625 582 1661 Tu
607 1637 690 1674 ergo
722 1625 803 1675 plus
830 1625 944 1676 sapis,
962 1640 1070 1675 quam
1093 1627 1179 1664 ille?
1199 1628 1282 1665 Haec

295 1683 404 1720 verba
433 1698 476 1722 ex
495 1685 676 1735 passione,
698 1685 905 1733 acerbitate,
928 1695 960 1723 et
980 1687 1180 1737 arrogantia
1198 1702 1280 1739 pro-

295 1743 525 1791 ficiscuntur,
556 1759 597 1782 ac
624 1746 798 1783 contraria
828 1755 911 1783 sunt
937 1747 1008 1797 legi
1029 1748 1108 1784 Dei.
1144 1747 1284 1786 Etiam-

295 1806 325 1842 si
354 1806 447 1844 enim
479 1807 645 1845 laederent
665 1837 677 1857 ,
699 1823 815 1846 annon
844 1809 1160 1861 obtemperandum
1184 1812 1284 1849 erat?

297 1867 388 1904 Cum
413 1867 601 1919 quidpiam
627 1870 721 1906 Deus
745 1869 922 1921 praecipit,
941 1884 984 1906 ne
1012 1884 1186 1922 ponamus
1221 1886 1283 1910 nos

295 1927 408 1978 legem
437 1929 661 1967 contrariam.
688 1931 912 1981 Responsio,
935 1930 1072 1981 inquit,
1093 1934 1283 1970 submissa

296 1992 435 2027 avertit
458 1992 568 2027 iram.
590 1990 667 2028 Hoc
688 2004 771 2042 ergo
791 1991 876 2028 facit
900 1992 1090 2041 submissa,
1111 2007 1181 2030 non
1199 2007 1283 2031 eon-

295 2049 417 2087 traria.
434 2051 472 2088 Si
486 2051 551 2088 tihi
565 2051 720 2103 prodest,
735 2051 790 2089 illi
812 2067 952 2103 quoque
967 2053 1110 2105 prodest
1128 2070 1136 2090 :
1153 2055 1182 2092 si
1199 2069 1282 2093 vero

294 2110 361 2148 tibi
382 2121 497 2161 nocet,
520 2112 581 2161 qui
608 2122 829 2150 correcturus
848 2113 953 2151 illum
969 2128 1019 2163 es,
1038 2115 1151 2152 multo
1169 2117 1283 2167 magis

297 2171 351 2208 illi
377 2172 526 2209 nocebit.
549 2175 713 2220 Medice,
739 2188 834 2211 cura
860 2178 1035 2225 teipsum.
1066 2177 1283 2214 Maledixit?

297 2233 356 2269 Tu
374 2232 481 2269 lauda
497 2248 504 2268 :
520 2233 736 2271 conviciatus
752 2234 826 2270 est?
846 2235 904 2270 Tu
927 2235 1097 2273 encomiis
1113 2237 1250 2274 celebra
1272 2253 1280 2273 ε

297 2291 483 2329 insidiatus
511 2294 588 2330 est?
609 2294 702 2331 Bene
720 2295 775 2331 fac
788 2303 826 2330 tu
845 2309 852 2329 :
870 2296 1046 2332 contraria
1066 2297 1231 2347 repende,
1254 2300 1284 2337 si
1303 2300 1327 2328 D

297 2352 441 2390 tandem
456 2353 603 2391 salutem
617 2355 691 2405 ejus
705 2368 818 2403 curas,
828 2368 868 2391 ac
880 2368 922 2391 ne
933 2355 1021 2392 velis
1034 2356 1166 2394 vulnus
1180 2366 1282 2396 tuum

297 2414 436 2452 ulcisci.
458 2417 517 2460 At,
538 2415 694 2465 inquies,
711 2429 803 2466 saepe
835 2415 1042 2466 patientiam
1074 2430 1190 2454 meam
1220 2433 1283 2456 ex-

296 2483 441 2525 pertus,
474 2475 627 2512 deterior
649 2474 785 2513 evasit?
816 2476 892 2512 Hoc
920 2489 987 2512 non
1018 2485 1064 2525 te,
1088 2477 1150 2514 sed
1179 2478 1283 2516 illum

298 2543 443 2586 spectat.
459 2535 526 2573 Vis
555 2535 643 2572 scire
661 2544 794 2585 quanta
825 2549 952 2586 passus
980 2536 1025 2573 sit
1052 2539 1172 2575 Deus?
1194 2542 1284 2577 Aras

296 2594 396 2632 illius
430 2595 679 2633 subverterunt
694 2626 706 2645 ,
747 2596 936 2648 prophetas
977 2598 1183 2637 occiderunt
1214 2615 1222 2636 :
1251 2610 1284 2638 et

296 2657 416 2694 omnia
432 2656 590 2708 pertulit.
621 2659 745 2694 Annon
764 2667 901 2709 poterat
917 2659 1051 2696 fulmen
1073 2659 1282 2699 demittere?

297 2717 370 2755 Sed
410 2727 596 2769 postquam
627 2719 818 2770 prophetas
849 2733 936 2769 quos
971 2720 1114 2758 miserat
1143 2722 1283 2760 occide-

298 2787 406 2827 runt,
438 2787 522 2815 tunc
550 2779 685 2815 Filium
713 2793 820 2816 suum
848 2779 957 2817 misit.
987 2780 1140 2826 Quando
1169 2782 1283 2833 magis

297 2835 406 2887 impie
435 2836 598 2887 agebant,
622 2846 707 2874 tunc
738 2837 853 2888 majus
878 2838 1091 2876 beneficium
1116 2840 1278 2878 contulit.

299 2898 345 2935 Et
377 2907 415 2934 tu
442 2898 471 2935 si
498 2912 602 2948 quem
631 2907 878 2950 exasperatum
906 2899 1060 2950 videris,
1086 2910 1171 2938 tunc
1199 2915 1280 2939 ma-

298 2958 352 3008 gis
378 2957 485 2995 cede:
504 2958 564 2995 ille
592 2973 745 3009 namque
774 2959 873 2996 furor
900 2960 1026 3011 majori
1057 2970 1134 3012 eget
1155 2976 1280 3000 conso-
1304 2970 1328 3001 Ε

298 3018 440 3055 latione.
471 3019 613 3065 Quanto
650 3019 850 3070 graviorem
881 3021 1130 3058 contumeliam
1162 3022 1279 3071 infert,

298 3089 395 3117 tanto
408 3081 532 3131 majori
546 3080 816 3118 mausuetudine
826 3095 914 3132 opus
928 3090 978 3118 est
994 3097 1001 3117 :
1015 3096 1055 3119 ac
1068 3083 1158 3120 sicut
1172 3084 1280 3122 febris

299 3140 439 3191 quando
450 3141 563 3192 magis
576 3141 786 3185 instat,tunc
800 3141 881 3193 plus
894 3156 984 3193 opus
996 3142 1103 3180 habet
1119 3143 1277 3182 cedente:

303 3201 352 3238 sic
373 3210 406 3238 et
425 3201 485 3239 ille
509 3201 570 3251 qui
598 3202 775 3239 irascitur.
801 3201 952 3247 Quando
971 3203 1042 3240 fera
1064 3204 1176 3255 magis
1197 3219 1280 3243 exa-

302 3271 475 3312 speratur,
498 3271 582 3300 tunc
601 3276 720 3300 omnes
747 3263 922 3314 fugimus:
945 3263 995 3301 sic
1015 3274 1047 3302 et
1067 3265 1155 3302 irato
1178 3265 1279 3303 ceda-

1303 1698 1326 1728 C

347 3392 359 3405 ³
375 3382 467 3412 Unus
484 3388 570 3416 τοῦτο
588 3388 730 3425 ἐποίησε-1,
749 3387 818 3417 ἀλλ’
837 3387 926 3418 εἶπεν.

348 3433 362 3450 “
381 3433 391 3473 [
408 3434 459 3464 Itu
487 3441 573 3466 recte
598 3433 748 3469 Codices.
766 3435 869 3468 Savil.
893 3444 924 3468 et
941 3436 1059 3470 Moutf.
1089 3443 1234 3480 γένωμαι,
1253 3437 1304 3470 id-

1353 407 1494 460 ἡμέρως
1510 410 1650 463 φέρουσι
1670 413 1732 456 τὰς
1751 416 1806 451 ἀ)
1787 416 1962 465 γηοόνας,
1983 417 2064 456 Ἐντ
2069 422 2155 455 αυΟα
2171 418 2204 456 δὲ
2221 421 2258 455 οὐ
2273 417 2377 469 γρεία

1355 469 1476 520 βρυξαι
1497 472 1581 515 τους
1601 473 1762 521 ὀδόντας,
1790 478 1827 513 οὗ
1854 478 1954 528 χρεία
1975 479 2102 516 δακεῖν.
2119 479 2268 516 'Amnon-r
2261 479 2375 524 ’,σθητι

1352 534 1411 567 τοῦ
1434 533 1612 571 Δεσπότου
1635 538 1694 571 τοῦ
1715 539 1794 582 σοῧ,
1810 536 1868 573 καὶ
1888 537 1927 574 τὸ
1951 537 2132 589 φάρμακον
2154 538 2276 581 εὐθέως
2297 538 2376 576 ἐπέ-

1355 594 1462 636 θηκας
1480 596 1522 644 τῇ
1545 593 1680 646 μνήμῃ·
1701 595 1943 645 ἀναμνήσθητι
1956 598 2111 635 Παύλου·
2132 599 2304 645 ἐννόησον,
2322 600 2375 637 ὅτι

1355 651 1394 689 σὺ
1414 652 1862 706 ἐνίκησαςὸπληττόμενος,
1885 658 2011 700 ἐκεῖνος
2027 657 2061 694 δὲ
2082 658 2232 705 ἥττηται
2249 664 2266 698 ὃ
2284 661 2375 707 πλή-

1355 713 1429 761 ξας,
1446 715 1504 752 καὶ
1520 715 1559 753 τὸ
1574 723 1642 753 πᾶν
1659 717 1746 754 ἰάσω
1769 718 1826 754 διὰ
1841 717 1972 756 τούτου.
1989 717 2102 765 εΡοτιῆ
2119 721 2204 766 ἐστι,
2224 720 2272 770 μὴ
2290 738 2375 758 συν-

1354 779 1534 827 αρπαγῇς,
1561 777 1620 814 καὶ
1641 778 1679 815 τὸ
1696 785 1763 815 πᾶν
1784 778 2018 832 κατώρθωσας
2041 780 2164 824 εὐθέως
2179 796 2186 804 ·
2207 781 2255 830 μὴ
2279 797 2375 827 κινη-

1354 841 1430 889 Θῃς,
1462 853 1520 874 και
1539 838 1578 875 τὸ
1598 845 1666 876 πᾶν
1683 839 1839 883 ἔσὸεσας.
1863 840 2012 891 Μεγάλη
2029 841 2236 892 παραμυθία
2258 841 2297 878 τὸ
2319 841 2375 880 διὰ

1352 899 1503 950 Χριστόν
1518 904 1695 938 τιπαΟεῖν·
1711 903 1747 939 οὐ
1764 901 1944 952 κηρύττεις
1957 901 2014 939 τὸν
2026 901 2125 953 λόΓον
2141 918 2374 951 τηςπιστεως,

1353 960 1442 998 ἀλ)α
1461 960 1642 1013 κηρύττεις
1664 978 1721 999 τον
1748 961 1848 1012 λόγον
1870 966 1931 1008 τῆς
1958 962 2173 1014 φιλοσοφιας.
2191 963 2283 1001 Ἀ’λλ
2306 963 2375 1015 ὅσῳ

1352 1021 1391 1058 ἂν
1413 1023 1466 1072 ἴδῃ
1487 1021 1550 1067 τὴν
1573 1022 2048 1075 ἐπιείκειαν,φησὶ,τοσούτῳ
2071 1025 2202 1073 μᾶλλον
2224 1024 2375 1062 ἐπιτίθε-

1351 1098 1420 1119 ται.
1437 1082 1505 1120 Διὰ
1519 1086 1618 1120 τοῦτο
1634 1077 1690 1120 οῧν
1710 1085 1837 1133 ἀλγεῖς,
1855 1083 1907 1121 ὅτι
1924 1083 2055 1134 μᾶλλον
2072 1100 2125 1122 σοι
2139 1084 2217 1127 τοὺς
2234 1084 2376 1134 μισθοὺς

1353 1142 1466 1190 αὔξει;
1487 1142 1577 1180 Ἀλλ’
1608 1144 1783 1195 ἄχρηστος
1803 1144 1953 1194 γίνεται,
1984 1144 2080 1196 φησί.
2105 1147 2220 1183 Τοῦτο
2248 1147 2376 1197 σκῆψις

1351 1207 1413 1250 τ’ῆς
1434 1203 1521 1247 ἰδίας
1543 1204 1775 1257 μικροψυχίας
1788 1221 1796 1228 ·
1821 1204 1945 1256 ἑτέρως
1971 1206 2147 1257 ἄχρηστος
2165 1206 2315 1258 γίνεται,
2334 1207 2375 1243 ἂν

1352 1263 1478 1316 ἀμύνῃ.
1501 1265 1546 1302 Εἰ
1577 1266 1653 1315 ᾔδει
1676 1267 1693 1302 ὁ
1720 1265 1830 1313 Θεὸς,
1850 1265 1904 1303 ὅτι
1924 1266 1980 1304 διὰ
2011 1271 2070 1304 τοῦ
2100 1266 2148 1317 μὴ
2185 1266 2376 1316 ἀμύνεσθαι

1352 1325 1524 1377 ἄχρηστοι
1544 1325 1693 1377 ἐγίνοντο
1708 1329 1738 1364 οἱ
1759 1326 1895 1374 ἄδικοι,
1910 1329 1972 1365 οὐκ
1992 1327 2031 1365 ἂν
2051 1332 2066 1348 ³
2080 1331 2181 1365 τοῦτο
2199 1326 2375 1375 ἐπέταξεν,

1353 1387 1429 1423 ἀλλ’
1454 1381 1546 1424 εἶπεν
1578 1387 1631 1434 ἂν,
1662 1387 1791 1437 ἄμυνον
1816 1389 1952 1439 σαυτῷ·
1980 1389 2056 1425 ἀλλ’
2079 1381 2180 1433 οἶδεν,
2210 1386 2262 1425 ὅτι
2286 1387 2376 1425 οὕτω

1353 1449 1483 1495 μᾶλλον
1507 1449 1702 1500 ὠφελεῖται.
1720 1448 1781 1494 Μὴ
1803 1448 2057 1498 ἀντινομοθέτει
2073 1451 2122 1500 τῷ
2138 1450 2236 1501 Θεῷ·
2255 1448 2376 1499 ἐκείνῳ

1351 1523 1408 1545 πει
1400 1507 1482 1545 (θοι).
1503 1510 1612 1546 Οὐκε
1599 1512 1627 1545 εἰ
1649 1507 1689 1545 σὺ
1705 1508 1922 1560 ἀγαθώτερος
1950 1514 2010 1547 τοῦ
2037 1524 2248 1555 ποιησαντος
2265 1513 2372 1559 ἡμᾶς.

1351 1562 1472 1615 Εἶπεν,
1489 1569 1712 1621 ὑοριζόμενος
1740 1569 1840 1621 φέρε·
1858 1585 1899 1606 συ
1925 1569 2057 1620 λεγεις,
2076 1569 2327 1621 ἀνθυορίζω,“
2322 1569 2375 1607 ι’να

1352 1629 1401 1678 μὴ
1421 1629 1595 1681 ἄχρηστος
1610 1629 1796 1680 *γένηταμ
1817 1628 1868 1667 Συ
1889 1633 1946 1667 οὖν
1968 1632 2098 1680 μᾶλλον
2119 1633 2222 1668 αὐτοῦ
2238 1630 2376 1683 φροντί-

1351 1692 1438 1735 ζεις;

1353 1747 1552 1791 ἀλαζονείας
1584 1764 1643 1786 και

1459 1689 1598 1732 Πάθους
1623 1694 1734 1727 ταῦτα
1752 1689 1811 1727 καὶ
1836 1689 2052 1741 τραχύτητος
2078 1690 2121 1728 τὰ
2147 1691 2289 1742 ῥήματα
2316 1690 2376 1729 καὶ

1672 1753 1732 1786 τοῦ
1756 1751 2028 1798 ἀντινομοθετεῖν
2047 1765 2097 1786 τω
2117 1751 2211 1801 Θεῷ.
2241 1750 2285 1787 Εἰ
2307 1749 2374 1802 γὰρ

2109 1809 2225 1848 ”Οταν
2252 1813 2270 1848 ὃ
2287 1810 2376 1854 Θεός

1351 1885 1385 1907 τι
1404 1870 1620 1922 προστάττῃ,
1638 1870 1685 1921 μὴ
1703 1872 2019 1920 ἀντινομοθετωμεν
2039 1873 2153 1920 ἡμεῖς.
2157 1870 2374 1924 Ἀπόκρισις,

1352 1824 1413 1846 και
1435 1809 1652 1856 ἒὸλαπτετο,
1671 1808 1750 1861 οὖχι
1769 1809 1982 1847 πείθεσθαι’
1967 1813 2095 1862 εχρῆν,

1352 1931 1478 1983 φησὶν,
1505 1931 1751 1969 ὑποπίπτουσα
1779 1930 1988 1982 ἀποστρέφει
2014 1930 2129 1982 ὀργάς.
2156 1930 2243 1984 Ἄρα
2274 1936 2376 1971 τοῦτο

1351 1999 1442 2030 ποιεῖ
1461 1992 1705 2030 ὑποπίπτουσα
1719 2023 1728 2038 ,
1745 1993 1808 2029 οὐκ.
1823 1991 2080 2042 ἐναντιουμένη.
2100 1993 2146 2029 Εἰ
2168 1991 2206 2030 σὲ
2228 1993 2376 2045 ὠφελεῖ,

1351 2055 1509 2091 κάκεῖνον
1526 2055 1667 2105 ὠφελεῖ·
1690 2055 1719 2090 εἰ
1736 2052 1771 2091 δὲ
1790 2052 1828 2090 σὲ
1847 2052 1995 2103 βλάπτει
2014 2052 2071 2090 τὸν
2094 2052 2265 2102 μέλλοντα
2285 2054 2376 2105 διορ-

1353 2118 1493 2153 θοῦσθαι
1511 2116 1653 2161 ἐκεῖνον,
1667 2115 1787 2164 πολλῷ
1807 2114 1939 2163 μᾶλλον
1960 2114 2101 2150 ἐκεῖνον.
2119 2112 2232 2186 Ἰατρὲ
2244 2143 2254 2160 ,
2274 2113 2377 2166 θερά-

1352 2191 1479 2214 πευσον
1502 2175 1661 2213 σεαυτόν.
1680 2169 1915 2220 Εἷπεκακως;
1937 2173 2146 2212 Ἐπαίνεσον
2164 2173 2227 2211 σύ·
2244 2174 2376 2212 ἐλοιδό-

1355 2253 1480 2288 ρησεν,
1485 2235 1773 2287 Ἐγκωιιιασοψέ
1776 2234 2039 2281 πεδού)ευσεν,’
2044 2235 2174 2286 Εὐεργέ
2177 2250 2293 2282 τησον·
2305 2242 2376 2279 τοῖς

1353 2294 1518 2336 ἐναντίοις
1536 2294 1636 2330 αὐτὸν
1658 2292 1830 2342 αμείέου,
1850 2307 1881 2329 ει
1901 2308 1940 2342 γε
1963 2291 2052 2335 ὅὶως
2078 2295 2140 2337 τῆς
2156 2293 2285 2330 εκείνου
2307 2309 2377 2330 σω-

1351 2354 1475 2405 τηρίας
1493 2359 1673 2405 προνοεῖς,
1701 2353 1760 2390 καὶ
1792 2352 1840 2403 μὴ
1868 2357 1994 2390 σαυτοῦ
2020 2352 2060 2389 τὸ
2090 2352 2197 2395 πάΟος
2229 2354 2374 2390 ἐκδικεῖν

1353 2415 1440 2453 θέλε.
1461 2415 1530 2452 Καὶ
1561 2414 1629 2465 μὴν
1656 2413 1844 2459 πολλάκις,
1866 2412 1990 2463 φησὶν,
2011 2411 2212 2454 ἀπολαύσας
2244 2429 2375 2465 μακρο-

1352 2476 1477 2526 θυμίας
1495 2474 1622 2527 χείρων
1638 2473 1767 2525 γέγονε.
1789 2475 1904 2510 Τοῦτο
1924 2474 1961 2510 οὐ
1981 2471 2076 2524 παρὰ
2095 2472 2132 2510 σὲ
2146 2502 2155 2519 ,
2176 2473 2266 2510 ἀλλὰ
2289 2477 2372 2527 παρ’

1354 2536 1469 2575 αὐτόν.
1489 2535 1611 2573 Βούλει
1642 2539 1760 2585 μαθεῖν
1790 2528 1844 2571 οἷα
1865 2534 1988 2571 ἔπαθεν
2010 2536 2027 2570 ὁ
2043 2533 2151 2579 (θεός,
2178 2533 2235 2571 Τὰ
2257 2537 2376 2572 θυσια-

1353 2598 1477 2649 στήρια
1496 2600 1596 2635 αὐτοῦ
1614 2595 1854 2646 κατέσκαψαν,
1871 2593 1949 2636 τοὺς
1961 2593 2141 2645 προφήτας
2156 2594 2374 2643 ἀπέκτειναν,

1352 2659 1411 2696 καὶ
1431 2658 1545 2696 πάντα
1563 2657 1692 2709 ἔφερεν.
1712 2657 1789 2694 Οὐκ
1815 2654 1966 2700 ἠδύνατο
1985 2655 2140 2699 σκηπτὸν
2161 2654 2292 2692 ἄνωθεν
2309 2672 2375 2694 κα-

1353 2726 1537 2771 ταγαγεῖν,
1555 2719 1649 2756 Ἀλλ’
1676 2718 1734 2755 ὅτε
1770 2716 1847 2759 τοὺς
1880 2716 2060 2768 προφήτας
2081 2714 2285 2761 ἀπέστειλε,
2315 2714 2376 2753 καὶ

1354 2783 1449 2820 ἀνεῖ)
1452 2797 1487 2818 ον
1509 2796 1630 2822 αυτους
1646 2810 1655 2826 ,
1676 2779 1753 2816 τότε
1773 2794 1830 2816 τον
1848 2775 1972 2814 Υἱον”
1955 2777 2130 2826 επεμψεν·
2153 2791 2208 2812 οτε
2234 2775 2375 2825 μείζονα

1353 2842 1544 2889 ἦσέὲησαν,
1564 2840 1640 2878 τότε
1669 2838 1831 2889 μειζόνως
1856 2837 2076 2889 εὐηργέτησε,
2093 2835 2161 2873 Και
2185 2834 2225 2872 σὺ
2242 2835 2282 2872 ἂν
2299 2835 2375 2887 ἴδης

1353 2902 1621 2956 τραχυνόμενον,
1649 2900 1727 2938 τότε
1761 2898 1925 2949 μειζόνως
1945 2901 1990 2941 εἰς
1994 2911 2047 2933 ον
2079 2896 2232 2946 μείζονος
2257 2896 2325 2949 γὰρ
2351 2901 2372 2944 ἡ

1356 2964 1462 3015 μανία
1478 2963 1564 3009 αὕτη
1583 2963 1692 2999 οεῖται
1687 2959 1940 3041 ι,παραμυθίοις
1962 2957 2099 3008 ὝΟσι)
2084 2973 2122 2994 αν
2141 2956 2374 3009 χαὶεπώτερα

1353 3002 1634 3075 ἐορίζῃῃοσου.
1621 3038 1666 3075 τῳ
1687 3021 1781 3059 k’·.·tJ3
1770 3020 1871 3062 -ίονος
1888 3017 2073 3060 ἐπιεικείας
2090 3019 2217 3054 οεῖται·
2235 3018 2294 3055 καὶ
2313 3034 2374 3055 κα-

1354 3085 1463 3136 θαπερ
1482 3100 1627 3137 -υρετος
1647 3083 1728 3120 ὅταν
1757 3079 1901 3133 σοοδρον
1924 3094 2074 3125 πνευση,
2094 3078 2172 3117 τότε
2189 3079 2297 3116 δεῖται
2312 3082 2372 3116 τοῦ

1354 3145 1521 3188 εἴκοντος·
1535 3143 1594 3182 οὔτ
1597 3160 1624 3181 ω
1650 3159 1710 3181 και
1728 3145 1745 3179 ὃ
1763 3146 1800 3179 Ου
1805 3155 1915 3190 μουυ.ε
1919 3155 1985 3181 ν.ος
2003 3140 2055 3176 lo
2071 3138 2217 3191 Θηρίον<
2204 3154 2244 3176 οτ
2247 3155 2285 3176 αν
2304 3155 2375 3188 μα·-

1353 3208 1431 3243 Jmt
1435 3222 1455 3242 α
1476 3204 1686 3258 ἀ(ρν.αι’ν·Γ,,
1670 3202 1747 3240 τότε
1766 3201 1826 3239 οεύ
1829 3216 1934 3252 γοαεν
1951 3199 2117 3242 ἅπαντες·
2133 3198 2193 3236 ου’-
2182 3215 2223 3236 ω
2243 3215 2301 3236 και
2315 3198 2372 3236 τὸν

1354 3266 1584 3317 ὀργιζόμενον.
1606 3264 1668 3310 Μὴ
1686 3262 1829 3313 νομίσῃς
1848 3276 1948 3299 το1το
1969 3276 2073 3310 τιυ.Γ,ν
2096 3264 2202 3297 εἶναι·
2224 3258 2297 3297 ἕπει
2314 3258 2373 3297 καὶ

1373 3397 1435 3429 quc
1451 3383 1599 3417 reddidit
1615 3384 1800 3425 Erasmus]

1418 3439 1432 3462 b
1454 3437 1541 3470 Alius
1561 3443 1712 3479 μειζίνως.
