<?xml version="1.0" encoding="UTF-8"?>
<!DOCTYPE html PUBLIC "-//W3C//DTD XHTML 1.0 Transitional//EN"
    "http://www.w3.org/TR/xhtml1/DTD/xhtml1-transitional.dtd">
<html xmlns="http://www.w3.org/1999/xhtml" xml:lang="en" lang="en">
 <head>
  <title>
</title>
<meta http-equiv="Content-Type" content="text/html;charset=utf-8" />
  <meta name='ocr-system' content='tesseract 3.04.00' />
  <meta name='ocr-capabilities' content='ocr_page ocr_carea ocr_par ocr_line ocrx_word'/>
</head>
<body>
  <div class='ocr_page' id='page_1' title='image "./operaomniaquaeex09johnuoft/operaomniaquaeex09johnuoft_0029.png"; bbox 0 0 2466 3805; ppageno 0'>
   <div class='ocr_carea' id='block_1_1' title="bbox 702 200 743 229">
    <p class='ocr_par' dir='ltr' id='par_1_1' title="bbox 702 200 743 229">
     <span class='ocr_line' id='line_1_1' title="bbox 702 200 743 229; baseline 0 0"><span class='ocrx_word' id='word_1_1' title='bbox 702 200 743 229; x_wconf 81' lang='lat' dir='ltr'>IN</span> 
     </span>
    </p>
   </div>
   <div class='ocr_carea' id='block_1_2' title="bbox 80 276 1141 3042">
    <p class='ocr_par' dir='ltr' id='par_1_2' title="bbox 80 276 1112 3028">
     <span class='ocr_line' id='line_1_2' title="bbox 87 276 1104 335; baseline -0.007 -14"><span class='ocrx_word' id='word_1_2' title='bbox 87 287 138 322; x_wconf 79' lang='grc' dir='ltr'>Οὐ</span> <span class='ocrx_word' id='word_1_3' title='bbox 160 284 225 335; x_wconf 86' lang='grc' dir='ltr'>γάρ</span> <span class='ocrx_word' id='word_1_4' title='bbox 258 285 362 331; x_wconf 79' lang='grc' dir='ltr'>ἐστιν,</span> <span class='ocrx_word' id='word_1_5' title='bbox 383 283 442 320; x_wconf 76' lang='grc' dir='ltr'>οὐκ</span> <span class='ocrx_word' id='word_1_6' title='bbox 471 281 562 319; x_wconf 79' lang='grc' dir='ltr'>ἔστιν</span> <span class='ocrx_word' id='word_1_7' title='bbox 584 280 678 319; x_wconf 77' lang='grc' dir='ltr'>οὐδὲν</span> <span class='ocrx_word' id='word_1_8' title='bbox 710 280 925 333; x_wconf 81' lang='grc' dir='ltr'>ἁμάρτημα,</span> <span class='ocrx_word' id='word_1_9' title='bbox 945 277 1005 316; x_wconf 80' lang='grc' dir='ltr'>καὶ</span> <span class='ocrx_word' id='word_1_10' title='bbox 1025 276 1104 314; x_wconf 84' lang='grc' dir='ltr'>ἀσέ-</span> 
     </span>
     <span class='ocr_line' id='line_1_3' title="bbox 85 337 1105 396; baseline -0.009 -13"><span class='ocrx_word' id='word_1_11' title='bbox 85 346 183 396; x_wconf 63' lang='grc' dir='ltr'>ὅημα</span> <span class='ocrx_word' id='word_1_12' title='bbox 201 375 208 391; x_wconf 92' lang='grc'>,</span> <span class='ocrx_word' id='word_1_13' title='bbox 226 344 310 396; x_wconf 82' lang='grc' dir='ltr'>ὅπερ</span> <span class='ocrx_word' id='word_1_14' title='bbox 326 345 386 382; x_wconf 81' lang='grc' dir='ltr'>οὐκ</span> <span class='ocrx_word' id='word_1_15' title='bbox 406 343 489 381; x_wconf 75' lang='grc' dir='ltr'>ε’ίκει</span> <span class='ocrx_word' id='word_1_16' title='bbox 512 343 570 381; x_wconf 80' lang='grc' dir='ltr'>καὶ</span> <span class='ocrx_word' id='word_1_17' title='bbox 584 347 790 395; x_wconf 66' lang='grc' dir='ltr'>παραχωρεῖ</span> <span class='ocrx_word' id='word_1_18' title='bbox 807 344 850 392; x_wconf 75' lang='grc' dir='ltr'>τῇ</span> <span class='ocrx_word' id='word_1_19' title='bbox 872 341 984 391; x_wconf 76' lang='grc' dir='ltr'>δωρεᾷ</span> <span class='ocrx_word' id='word_1_20' title='bbox 1003 354 1009 362; x_wconf 92' lang='grc'><em>·</em></span> <span class='ocrx_word' id='word_1_21' title='bbox 1032 337 1105 376; x_wconf 87' lang='grc' dir='ltr'>Οεία</span> 
     </span>
     <span class='ocr_line' id='line_1_4' title="bbox 85 399 1105 457; baseline -0.007 -14"><span class='ocrx_word' id='word_1_22' title='bbox 85 405 150 457; x_wconf 86' lang='grc' dir='ltr'>γάρ</span> <span class='ocrx_word' id='word_1_23' title='bbox 177 407 268 443; x_wconf 80' lang='grc' dir='ltr'>ἐστιν</span> <span class='ocrx_word' id='word_1_24' title='bbox 286 408 308 451; x_wconf 80' lang='grc' dir='ltr'>ἠ</span> <span class='ocrx_word' id='word_1_25' title='bbox 324 404 440 456; x_wconf 74' lang='grc' dir='ltr'>χάρις.</span> <span class='ocrx_word' id='word_1_26' title='bbox 473 403 585 441; x_wconf 88' lang='grc' dir='ltr'>Πάλιν</span> <span class='ocrx_word' id='word_1_27' title='bbox 615 402 799 454; x_wconf 78' lang='grc' dir='ltr'>ἐμοίχευσέ</span> <span class='ocrx_word' id='word_1_28' title='bbox 819 418 871 445; x_wconf 88' lang='grc' dir='ltr'>τις</span> <span class='ocrx_word' id='word_1_29' title='bbox 892 400 952 439; x_wconf 78' lang='grc' dir='ltr'>καὶ</span> <span class='ocrx_word' id='word_1_30' title='bbox 972 399 1105 452; x_wconf 77' lang='grc' dir='ltr'>ἐφόνευ·</span> 
     </span>
     <span class='ocr_line' id='line_1_5' title="bbox 86 481 162 504; baseline -0.026 0"><span class='ocrx_word' id='word_1_31' title='bbox 86 481 142 504; x_wconf 92' lang='grc' dir='ltr'>σεν</span> <span class='ocrx_word' id='word_1_32' title='bbox 154 481 162 488; x_wconf 91' lang='grc'><em>·</em></span> 
     </span>
     <span class='ocr_line' id='line_1_6' title="bbox 85 522 1108 578; baseline -0.006 -14"><span class='ocrx_word' id='word_1_33' title='bbox 85 528 212 569; x_wconf 77' lang='grc' dir='ltr'>ἐκεῖνος</span> <span class='ocrx_word' id='word_1_34' title='bbox 231 525 518 578; x_wconf 73' lang='grc' dir='ltr'>συγκεχώρηται,</span> <span class='ocrx_word' id='word_1_35' title='bbox 535 526 593 564; x_wconf 83' lang='grc' dir='ltr'>καὶ</span> <span class='ocrx_word' id='word_1_36' title='bbox 617 526 679 562; x_wconf 74' lang='grc' dir='ltr'>οὐκ</span> <span class='ocrx_word' id='word_1_37' title='bbox 699 526 923 562; x_wconf 81' lang='grc' dir='ltr'>ἀνακαλεῖται</span> <span class='ocrx_word' id='word_1_38' title='bbox 940 522 995 571; x_wconf 79' lang='grc' dir='ltr'>(Ἀ</span> <span class='ocrx_word' id='word_1_39' title='bbox 1002 536 1108 572; x_wconf 84' lang='grc' dir='ltr'>μετα-</span> 
     </span>
     <span class='ocr_line' id='line_1_7' title="bbox 86 581 1107 639; baseline -0.006 -14"><span class='ocrx_word' id='word_1_40' title='bbox 86 588 222 636; x_wconf 86' lang='grc' dir='ltr'>με’λητα</span> <span class='ocrx_word' id='word_1_41' title='bbox 240 586 307 638; x_wconf 75' lang='grc' dir='ltr'>γὰρ</span> <span class='ocrx_word' id='word_1_42' title='bbox 329 587 371 625; x_wconf 81' lang='grc' dir='ltr'>τὰ</span> <span class='ocrx_word' id='word_1_43' title='bbox 401 587 626 639; x_wconf 76' lang='grc' dir='ltr'>χαρίσματα,</span> <span class='ocrx_word' id='word_1_44' title='bbox 645 586 705 624; x_wconf 84' lang='grc' dir='ltr'>καὶ</span> <span class='ocrx_word' id='word_1_45' title='bbox 720 589 742 632; x_wconf 82' lang='grc' dir='ltr'>ἡ</span> <span class='ocrx_word' id='word_1_46' title='bbox 759 586 882 630; x_wconf 78' lang='grc' dir='ltr'>κλῆσις</span> <span class='ocrx_word' id='word_1_47' title='bbox 901 587 960 620; x_wconf 88' lang='grc' dir='ltr'>τοῦ</span> <span class='ocrx_word' id='word_1_48' title='bbox 982 581 1107 631; x_wconf 60' lang='lat'><strong>(9503)-</strong></span> 
     </span>
     <span class='ocr_line' id='line_1_8' title="bbox 87 642 1108 700; baseline -0.006 -15"><span class='ocrx_word' id='word_1_49' title='bbox 87 648 174 700; x_wconf 80' lang='grc' dir='ltr'>ὑπὲρ</span> <span class='ocrx_word' id='word_1_50' title='bbox 195 647 230 685; x_wconf 78' lang='grc' dir='ltr'>δὲ</span> <span class='ocrx_word' id='word_1_51' title='bbox 254 650 321 685; x_wconf 80' lang='grc' dir='ltr'>τῶν</span> <span class='ocrx_word' id='word_1_52' title='bbox 343 648 432 699; x_wconf 78' lang='grc' dir='ltr'>μετὰ</span> <span class='ocrx_word' id='word_1_53' title='bbox 457 648 495 686; x_wconf 83' lang='grc' dir='ltr'>τὸ</span> <span class='ocrx_word' id='word_1_54' title='bbox 524 647 709 699; x_wconf 82' lang='grc' dir='ltr'>βάπτισμα</span> <span class='ocrx_word' id='word_1_55' title='bbox 726 645 899 691; x_wconf 76' lang='grc' dir='ltr'>τοσαύτην</span> <span class='ocrx_word' id='word_1_56' title='bbox 921 642 1108 693; x_wconf 65' lang='grc' dir='ltr'>ἶίδιδόαμεν</span> 
     </span>
     <span class='ocr_line' id='line_1_9' title="bbox 89 703 1109 756; baseline -0.007 -10"><span class='ocrx_word' id='word_1_57' title='bbox 89 709 200 756; x_wconf 78' lang='grc' dir='ltr'>δίκην,</span> <span class='ocrx_word' id='word_1_58' title='bbox 220 709 301 756; x_wconf 78' lang='grc' dir='ltr'>ὅσην</span> <span class='ocrx_word' id='word_1_59' title='bbox 324 709 362 746; x_wconf 83' lang='grc' dir='ltr'>ἂν</span> <span class='ocrx_word' id='word_1_60' title='bbox 386 711 415 747; x_wconf 86' lang='grc' dir='ltr'>εἰ</span> <span class='ocrx_word' id='word_1_61' title='bbox 447 708 506 746; x_wconf 81' lang='grc' dir='ltr'>καὶ</span> <span class='ocrx_word' id='word_1_62' title='bbox 533 711 647 746; x_wconf 79' lang='grc' dir='ltr'>ἐκεῖνα</span> <span class='ocrx_word' id='word_1_63' title='bbox 676 706 869 752; x_wconf 81' lang='grc' dir='ltr'>ἀνεκλήθη,</span> <span class='ocrx_word' id='word_1_64' title='bbox 901 704 961 741; x_wconf 76' lang='grc' dir='ltr'>καὶ</span> <span class='ocrx_word' id='word_1_65' title='bbox 991 703 1109 753; x_wconf 82' lang='grc' dir='ltr'>πολλῷ</span> 
     </span>
     <span class='ocr_line' id='line_1_10' title="bbox 88 762 1111 822; baseline -0.009 -14"><span class='ocrx_word' id='word_1_66' title='bbox 88 771 239 822; x_wconf 76' lang='grc' dir='ltr'>χείρονα.</span> <span class='ocrx_word' id='word_1_67' title='bbox 256 770 387 809; x_wconf 77' lang='grc' dir='ltr'>Οὐκέτι</span> <span class='ocrx_word' id='word_1_68' title='bbox 405 769 472 822; x_wconf 86' lang='grc' dir='ltr'>γὰρ</span> <span class='ocrx_word' id='word_1_69' title='bbox 487 770 616 806; x_wconf 81' lang='grc' dir='ltr'>ἁπλοῦν</span> <span class='ocrx_word' id='word_1_70' title='bbox 635 769 708 805; x_wconf 77' lang='grc' dir='ltr'>ἐστι</span> <span class='ocrx_word' id='word_1_71' title='bbox 727 766 765 804; x_wconf 79' lang='grc' dir='ltr'>τὸ</span> <span class='ocrx_word' id='word_1_72' title='bbox 786 766 997 816; x_wconf 80' lang='grc' dir='ltr'>ἁμάρτημα,</span> <span class='ocrx_word' id='word_1_73' title='bbox 1020 762 1111 800; x_wconf 83' lang='grc' dir='ltr'>ἀλλὰ</span> 
     </span>
     <span class='ocr_line' id='line_1_11' title="bbox 93 823 1110 880; baseline -0.009 -12"><span class='ocrx_word' id='word_1_74' title='bbox 93 832 245 877; x_wconf 78' lang='grc' dir='ltr'>διπλοῦν,</span> <span class='ocrx_word' id='word_1_75' title='bbox 273 830 332 868; x_wconf 85' lang='grc' dir='ltr'>καὶ</span> <span class='ocrx_word' id='word_1_76' title='bbox 351 831 528 880; x_wconf 75' lang='grc' dir='ltr'>τριπλοῦν.</span> <span class='ocrx_word' id='word_1_77' title='bbox 547 827 634 866; x_wconf 71' lang='grc' dir='ltr'>εὈτι</span> <span class='ocrx_word' id='word_1_78' title='bbox 664 826 700 865; x_wconf 80' lang='grc' dir='ltr'>δὲ</span> <span class='ocrx_word' id='word_1_79' title='bbox 728 825 853 876; x_wconf 82' lang='grc' dir='ltr'>μείζων</span> <span class='ocrx_word' id='word_1_80' title='bbox 884 823 1013 862; x_wconf 75' lang='grc' dir='ltr'>τούτων</span> <span class='ocrx_word' id='word_1_81' title='bbox 1041 825 1110 860; x_wconf 80' lang='grc' dir='ltr'>τῶν</span> 
     </span>
     <span class='ocr_line' id='line_1_12' title="bbox 89 885 1108 943; baseline -0.007 -15"><span class='ocrx_word' id='word_1_82' title='bbox 89 891 353 943; x_wconf 80' lang='grc' dir='ltr'>ἁμαρτημάτων</span> <span class='ocrx_word' id='word_1_83' title='bbox 370 893 391 936; x_wconf 78' lang='grc' dir='ltr'>ἡ</span> <span class='ocrx_word' id='word_1_84' title='bbox 413 888 510 937; x_wconf 80' lang='grc' dir='ltr'>δίκη,</span> <span class='ocrx_word' id='word_1_85' title='bbox 539 889 694 935; x_wconf 81' lang='grc' dir='ltr'>ἄκουσον,</span> <span class='ocrx_word' id='word_1_86' title='bbox 721 887 756 924; x_wconf 88' lang='grc' dir='ltr'>τί</span> <span class='ocrx_word' id='word_1_87' title='bbox 789 901 892 938; x_wconf 80' lang='grc' dir='ltr'>φησιν</span> <span class='ocrx_word' id='word_1_88' title='bbox 912 888 930 922; x_wconf 86' lang='grc' dir='ltr'><em>ὃ</em></span> <span class='ocrx_word' id='word_1_89' title='bbox 945 885 1085 926; x_wconf 87' lang='grc' dir='ltr'>Παῦλος</span> <span class='ocrx_word' id='word_1_90' title='bbox 1101 899 1108 907; x_wconf 86' lang='lat'><strong>·</strong></span> 
     </span>
     <span class='ocr_line' id='line_1_13' title="bbox 89 946 1111 1001; baseline -0.007 -12"><span class='ocrx_word' id='word_1_91' title='bbox 89 951 274 997; x_wconf 75' lang='grc' dir='ltr'>Ἀῡετήσας</span> <span class='ocrx_word' id='word_1_92' title='bbox 290 967 342 993; x_wconf 87' lang='grc' dir='ltr'>τις</span> <span class='ocrx_word' id='word_1_93' title='bbox 366 950 470 1001; x_wconf 88' lang='grc' dir='ltr'>νόμον</span> <span class='ocrx_word' id='word_1_94' title='bbox 490 949 671 992; x_wconf 79' lang='grc' dir='ltr'>Μωϋσέως</span> <span class='ocrx_word' id='word_1_95' title='bbox 684 978 694 996; x_wconf 90' lang='grc'>,</span> <span class='ocrx_word' id='word_1_96' title='bbox 714 947 823 1000; x_wconf 73' lang='grc' dir='ltr'>χωρὶς</span> <span class='ocrx_word' id='word_1_97' title='bbox 843 948 1032 999; x_wconf 79' lang='grc' dir='ltr'>οἰκτιρμῶν</span> <span class='ocrx_word' id='word_1_98' title='bbox 1054 946 1111 983; x_wconf 80' lang='grc' dir='ltr'>ἐπὶ</span> 
     </span>
     <span class='ocr_line' id='line_1_14' title="bbox 89 1007 1111 1064; baseline -0.006 -15"><span class='ocrx_word' id='word_1_99' title='bbox 89 1012 184 1051; x_wconf 76' lang='grc' dir='ltr'>δυσὶν</span> <span class='ocrx_word' id='word_1_100' title='bbox 219 1012 240 1058; x_wconf 82' lang='grc' dir='ltr'>ἢ</span> <span class='ocrx_word' id='word_1_101' title='bbox 273 1012 367 1064; x_wconf 82' lang='grc' dir='ltr'>τρισὶ</span> <span class='ocrx_word' id='word_1_102' title='bbox 400 1011 568 1064; x_wconf 88' lang='grc' dir='ltr'>μάρτυσιν</span> <span class='ocrx_word' id='word_1_103' title='bbox 596 1009 828 1056; x_wconf 74' lang='grc' dir='ltr'>ἀποθνήσκει·</span> <span class='ocrx_word' id='word_1_104' title='bbox 859 1007 958 1045; x_wconf 88' lang='grc' dir='ltr'>πόσω</span> <span class='ocrx_word' id='word_1_105' title='bbox 980 1007 1111 1045; x_wconf 82' lang='grc' dir='ltr'>δοκεῖτε</span> 
     </span>
     <span class='ocr_line' id='line_1_15' title="bbox 88 1067 1110 1125; baseline -0.005 -15"><span class='ocrx_word' id='word_1_106' title='bbox 88 1073 241 1125; x_wconf 70' lang='grc' dir='ltr'>χείρονος</span> <span class='ocrx_word' id='word_1_107' title='bbox 264 1072 492 1119; x_wconf 83' lang='grc' dir='ltr'>ἀξιωθησεται</span> <span class='ocrx_word' id='word_1_108' title='bbox 512 1070 682 1124; x_wconf 81' lang='grc' dir='ltr'>τιμωρίας</span> <span class='ocrx_word' id='word_1_109' title='bbox 709 1073 726 1108; x_wconf 86' lang='grc' dir='ltr'><em>ὃ</em></span> <span class='ocrx_word' id='word_1_110' title='bbox 744 1070 802 1108; x_wconf 82' lang='grc' dir='ltr'>τὸν</span> <span class='ocrx_word' id='word_1_111' title='bbox 834 1067 917 1107; x_wconf 82' lang='grc' dir='ltr'>Υῐον</span> <span class='ocrx_word' id='word_1_112' title='bbox 935 1074 994 1107; x_wconf 87' lang='grc' dir='ltr'>τοῦ</span> <span class='ocrx_word' id='word_1_113' title='bbox 1017 1070 1110 1107; x_wconf 86' lang='grc' dir='ltr'>Θεοῦ</span> 
     </span>
     <span class='ocr_line' id='line_1_16' title="bbox 87 1130 1110 1183; baseline -0.002 -14"><span class='ocrx_word' id='word_1_114' title='bbox 87 1148 357 1181; x_wconf 84' lang='grc' dir='ltr'>καταπατησας,</span> <span class='ocrx_word' id='word_1_115' title='bbox 377 1133 436 1171; x_wconf 82' lang='grc' dir='ltr'>καὶ</span> <span class='ocrx_word' id='word_1_116' title='bbox 450 1133 489 1171; x_wconf 85' lang='grc' dir='ltr'>τὸ</span> <span class='ocrx_word' id='word_1_117' title='bbox 509 1136 597 1183; x_wconf 85' lang='grc' dir='ltr'>αἱμα</span> <span class='ocrx_word' id='word_1_118' title='bbox 618 1148 681 1178; x_wconf 90' lang='grc' dir='ltr'>της</span> <span class='ocrx_word' id='word_1_119' title='bbox 703 1131 869 1178; x_wconf 80' lang='grc' dir='ltr'>διαθήκης</span> <span class='ocrx_word' id='word_1_120' title='bbox 884 1130 997 1169; x_wconf 84' lang='grc' dir='ltr'>κοινὸν</span> <span class='ocrx_word' id='word_1_121' title='bbox 1016 1133 1110 1181; x_wconf 80' lang='grc' dir='ltr'>ἡγη-</span> 
     </span>
     <span class='ocr_line' id='line_1_17' title="bbox 88 1191 1112 1245; baseline -0.001 -15"><span class='ocrx_word' id='word_1_122' title='bbox 88 1194 253 1244; x_wconf 75' lang='grc' dir='ltr'>σάαενος,</span> <span class='ocrx_word' id='word_1_123' title='bbox 269 1194 327 1232; x_wconf 80' lang='grc' dir='ltr'>καὶ</span> <span class='ocrx_word' id='word_1_124' title='bbox 346 1195 385 1233; x_wconf 84' lang='grc' dir='ltr'>τὸ</span> <span class='ocrx_word' id='word_1_125' title='bbox 400 1199 537 1244; x_wconf 85' lang='grc' dir='ltr'>πνεῦμα</span> <span class='ocrx_word' id='word_1_126' title='bbox 552 1209 615 1239; x_wconf 88' lang='grc' dir='ltr'>της</span> <span class='ocrx_word' id='word_1_127' title='bbox 632 1193 776 1245; x_wconf 81' lang='grc' dir='ltr'>χάριτος</span> <span class='ocrx_word' id='word_1_128' title='bbox 793 1192 993 1244; x_wconf 68' lang='grc' dir='ltr'>ἓνυὸρισας,</span> <span class='ocrx_word' id='word_1_129' title='bbox 1004 1191 1112 1243; x_wconf 73' lang='grc' dir='ltr'>Τάχα</span> 
     </span>
     <span class='ocr_line' id='line_1_18' title="bbox 87 1253 1108 1310; baseline -0.001 -18"><span class='ocrx_word' id='word_1_130' title='bbox 87 1255 233 1299; x_wconf 76' lang='grc' dir='ltr'>πολλοὺς</span> <span class='ocrx_word' id='word_1_131' title='bbox 263 1256 509 1310; x_wconf 63' lang='grc' dir='ltr'>(ἐπετρέψαμεν</span> <span class='ocrx_word' id='word_1_132' title='bbox 528 1259 586 1293; x_wconf 93' lang='grc' dir='ltr'>νῦν</span> <span class='ocrx_word' id='word_1_133' title='bbox 605 1256 724 1293; x_wconf 67' lang='grc' dir='ltr'>λαὸεῖν</span> <span class='ocrx_word' id='word_1_134' title='bbox 744 1254 783 1292; x_wconf 84' lang='grc' dir='ltr'>τὸ</span> <span class='ocrx_word' id='word_1_135' title='bbox 805 1253 1000 1306; x_wconf 78' lang='grc' dir='ltr'>βάπτισμα.</span> <span class='ocrx_word' id='word_1_136' title='bbox 1017 1254 1108 1292; x_wconf 89' lang='grc' dir='ltr'>Ἀλλ’</span> 
     </span>
     <span class='ocr_line' id='line_1_19' title="bbox 87 1315 1110 1370; baseline 0.001 -17"><span class='ocrx_word' id='word_1_137' title='bbox 87 1318 124 1353; x_wconf 83' lang='grc' dir='ltr'>οὐ</span> <span class='ocrx_word' id='word_1_138' title='bbox 146 1317 203 1355; x_wconf 84' lang='grc' dir='ltr'>διὰ</span> <span class='ocrx_word' id='word_1_139' title='bbox 216 1322 316 1357; x_wconf 87' lang='grc' dir='ltr'>τοῦτο</span> <span class='ocrx_word' id='word_1_140' title='bbox 333 1322 442 1356; x_wconf 91' lang='grc' dir='ltr'>ταῦτα</span> <span class='ocrx_word' id='word_1_141' title='bbox 457 1316 660 1370; x_wconf 78' lang='grc' dir='ltr'>εῗρήκαμεν,</span> <span class='ocrx_word' id='word_1_142' title='bbox 680 1317 756 1355; x_wconf 80' lang='grc' dir='ltr'>ἀλλ’</span> <span class='ocrx_word' id='word_1_143' title='bbox 774 1315 830 1354; x_wconf 77' lang='grc' dir='ltr'>ἵνα</span> <span class='ocrx_word' id='word_1_144' title='bbox 847 1315 1010 1360; x_wconf 68' lang='grc' dir='ltr'>λαὸόντες</span> <span class='ocrx_word' id='word_1_145' title='bbox 1031 1315 1110 1367; x_wconf 86' lang='grc' dir='ltr'>μεί-</span> 
     </span>
     <span class='ocr_line' id='line_1_20' title="bbox 88 1377 1109 1431; baseline 0 -16"><span class='ocrx_word' id='word_1_146' title='bbox 88 1394 190 1416; x_wconf 86' lang='grc' dir='ltr'>νωσιν</span> <span class='ocrx_word' id='word_1_147' title='bbox 211 1382 244 1418; x_wconf 78' lang='grc' dir='ltr'>ἐν</span> <span class='ocrx_word' id='word_1_148' title='bbox 266 1379 470 1431; x_wconf 78' lang='grc' dir='ltr'>σωφροσύνῃ</span> <span class='ocrx_word' id='word_1_149' title='bbox 499 1379 559 1417; x_wconf 79' lang='grc' dir='ltr'>καὶ</span> <span class='ocrx_word' id='word_1_150' title='bbox 587 1377 755 1430; x_wconf 79' lang='grc' dir='ltr'>ἐπιεικείᾳ</span> <span class='ocrx_word' id='word_1_151' title='bbox 781 1379 908 1430; x_wconf 77' lang='grc' dir='ltr'>πολλῇ.</span> <span class='ocrx_word' id='word_1_152' title='bbox 926 1377 1030 1416; x_wconf 78' lang='grc' dir='ltr'>Ἀλλὰ</span> <span class='ocrx_word' id='word_1_153' title='bbox 1051 1377 1109 1415; x_wconf 81' lang='grc' dir='ltr'>δέ-</span> 
     </span>
     <span class='ocr_line' id='line_1_21' title="bbox 90 1438 1110 1492; baseline -0.001 -15"><span class='ocrx_word' id='word_1_154' title='bbox 90 1442 204 1487; x_wconf 80' lang='grc' dir='ltr'>δοικα,</span> <span class='ocrx_word' id='word_1_155' title='bbox 228 1442 343 1492; x_wconf 81' lang='grc' dir='ltr'>φησίν.</span> <span class='ocrx_word' id='word_1_156' title='bbox 367 1443 411 1479; x_wconf 85' lang='grc' dir='ltr'>Εἰ</span> <span class='ocrx_word' id='word_1_157' title='bbox 428 1440 630 1488; x_wconf 77' lang='grc' dir='ltr'>ἐδεδοίκεις,</span> <span class='ocrx_word' id='word_1_158' title='bbox 650 1439 773 1484; x_wconf 69' lang='grc' dir='ltr'>ἕλαὸες</span> <span class='ocrx_word' id='word_1_159' title='bbox 792 1439 831 1477; x_wconf 83' lang='grc' dir='ltr'>ἂν</span> <span class='ocrx_word' id='word_1_160' title='bbox 854 1439 912 1477; x_wconf 83' lang='grc' dir='ltr'>καὶ</span> <span class='ocrx_word' id='word_1_161' title='bbox 928 1438 1110 1491; x_wconf 75' lang='grc' dir='ltr'>ἐφύλαξας.</span> 
     </span>
     <span class='ocr_line' id='line_1_22' title="bbox 88 1496 1110 1553; baseline -0.001 -14"><span class='ocrx_word' id='word_1_162' title='bbox 88 1500 192 1540; x_wconf 81' lang='grc' dir='ltr'>Ἀλλὰ</span> <span class='ocrx_word' id='word_1_163' title='bbox 211 1503 254 1539; x_wconf 77' lang='grc' dir='ltr'>δι’</span> <span class='ocrx_word' id='word_1_164' title='bbox 279 1503 363 1541; x_wconf 81' lang='grc' dir='ltr'>αὐτὸ</span> <span class='ocrx_word' id='word_1_165' title='bbox 383 1502 444 1553; x_wconf 77' lang='grc' dir='ltr'>μὲν</span> <span class='ocrx_word' id='word_1_166' title='bbox 465 1496 521 1540; x_wconf 69' lang='grc' dir='ltr'>οῦν</span> <span class='ocrx_word' id='word_1_167' title='bbox 539 1505 639 1539; x_wconf 89' lang='grc' dir='ltr'>τοῦτο</span> <span class='ocrx_word' id='word_1_168' title='bbox 653 1502 691 1539; x_wconf 83' lang='grc' dir='ltr'>οὐ</span> <span class='ocrx_word' id='word_1_169' title='bbox 715 1500 887 1551; x_wconf 67' lang='grc' dir='ltr'>λαμὸάνω</span> <span class='ocrx_word' id='word_1_170' title='bbox 902 1531 911 1549; x_wconf 92' lang='grc'>,</span> <span class='ocrx_word' id='word_1_171' title='bbox 932 1501 1036 1553; x_wconf 78' lang='grc' dir='ltr'>φησὶ,</span> <span class='ocrx_word' id='word_1_172' title='bbox 1053 1499 1110 1538; x_wconf 79' lang='grc' dir='ltr'>διὰ</span> 
     </span>
     <span class='ocr_line' id='line_1_23' title="bbox 88 1563 1110 1614; baseline 0 -14"><span class='ocrx_word' id='word_1_173' title='bbox 88 1563 126 1601; x_wconf 84' lang='grc' dir='ltr'>τὸ</span> <span class='ocrx_word' id='word_1_174' title='bbox 142 1563 336 1614; x_wconf 70' lang='grc' dir='ltr'>φοὸεῖσΟαι.</span> <span class='ocrx_word' id='word_1_175' title='bbox 360 1564 412 1603; x_wconf 81' lang='grc' dir='ltr'>Τὸ</span> <span class='ocrx_word' id='word_1_176' title='bbox 426 1563 460 1602; x_wconf 75' lang='grc' dir='ltr'>δὲ</span> <span class='ocrx_word' id='word_1_177' title='bbox 481 1563 588 1607; x_wconf 80' lang='grc' dir='ltr'>οὕτως</span> <span class='ocrx_word' id='word_1_178' title='bbox 608 1564 767 1601; x_wconf 84' lang='grc' dir='ltr'>ἀπελθεῖν</span> <span class='ocrx_word' id='word_1_179' title='bbox 787 1564 825 1601; x_wconf 79' lang='grc' dir='ltr'>οὗ</span> <span class='ocrx_word' id='word_1_180' title='bbox 847 1563 1020 1610; x_wconf 73' lang='grc' dir='ltr'>δέδοικας,</span> <span class='ocrx_word' id='word_1_181' title='bbox 1041 1564 1110 1601; x_wconf 85' lang='grc' dir='ltr'>Φι-</span> 
     </span>
     <span class='ocr_line' id='line_1_24' title="bbox 88 1624 1110 1677; baseline 0.001 -16"><span class='ocrx_word' id='word_1_182' title='bbox 88 1625 289 1677; x_wconf 78' lang='grc' dir='ltr'>λάνθρωπός</span> <span class='ocrx_word' id='word_1_183' title='bbox 311 1628 385 1664; x_wconf 81' lang='grc' dir='ltr'>ἐστι</span> <span class='ocrx_word' id='word_1_184' title='bbox 397 1657 406 1674; x_wconf 91' lang='grc'>,</span> <span class='ocrx_word' id='word_1_185' title='bbox 437 1626 553 1676; x_wconf 76' lang='grc' dir='ltr'>φησὶν,</span> <span class='ocrx_word' id='word_1_186' title='bbox 571 1629 588 1664; x_wconf 84' lang='grc' dir='ltr'>ὁ</span> <span class='ocrx_word' id='word_1_187' title='bbox 607 1624 708 1669; x_wconf 82' lang='grc' dir='ltr'>Θεός.</span> <span class='ocrx_word' id='word_1_188' title='bbox 731 1626 863 1663; x_wconf 81' lang='grc' dir='ltr'>Οὐκοῦν</span> <span class='ocrx_word' id='word_1_189' title='bbox 879 1624 967 1662; x_wconf 61' lang='lat' dir='ltr'>M&amp;</span> <span class='ocrx_word' id='word_1_190' title='bbox 992 1625 1031 1663; x_wconf 79' lang='grc' dir='ltr'>τὸ</span> <span class='ocrx_word' id='word_1_191' title='bbox 1049 1625 1110 1675; x_wconf 85' lang='grc' dir='ltr'>βά-</span> 
     </span>
     <span class='ocr_line' id='line_1_25' title="bbox 88 1685 1109 1739; baseline 0.001 -17"><span class='ocrx_word' id='word_1_192' title='bbox 88 1701 235 1736; x_wconf 84' lang='grc' dir='ltr'>πτισμα·</span> <span class='ocrx_word' id='word_1_193' title='bbox 251 1687 492 1739; x_wconf 76' lang='grc' dir='ltr'>φιλάνθρωπος</span> <span class='ocrx_word' id='word_1_194' title='bbox 508 1687 574 1739; x_wconf 86' lang='grc' dir='ltr'>γάρ</span> <span class='ocrx_word' id='word_1_195' title='bbox 591 1686 737 1725; x_wconf 82' lang='grc' dir='ltr'>ἐστικαὶ</span> <span class='ocrx_word' id='word_1_196' title='bbox 753 1688 883 1737; x_wconf 75' lang='grc' dir='ltr'>βοηθεῖ.</span> <span class='ocrx_word' id='word_1_197' title='bbox 896 1685 946 1724; x_wconf 77' lang='grc' dir='ltr'>Σὺ</span> <span class='ocrx_word' id='word_1_198' title='bbox 965 1686 1012 1734; x_wconf 77' lang='grc' dir='ltr'>δὲ,</span> <span class='ocrx_word' id='word_1_199' title='bbox 1030 1685 1109 1724; x_wconf 80' lang='grc' dir='ltr'>ἔνθα</span> 
     </span>
     <span class='ocr_line' id='line_1_26' title="bbox 89 1746 1108 1800; baseline 0.001 -17"><span class='ocrx_word' id='word_1_200' title='bbox 89 1746 151 1796; x_wconf 80' lang='grc' dir='ltr'>μὲν</span> <span class='ocrx_word' id='word_1_201' title='bbox 175 1746 214 1784; x_wconf 81' lang='grc' dir='ltr'>ἂν</span> <span class='ocrx_word' id='word_1_202' title='bbox 233 1747 292 1799; x_wconf 80' lang='grc' dir='ltr'>δέῃ</span> <span class='ocrx_word' id='word_1_203' title='bbox 312 1748 530 1796; x_wconf 74' lang='grc' dir='ltr'>σπουδάσαι,</span> <span class='ocrx_word' id='word_1_204' title='bbox 559 1750 595 1786; x_wconf 82' lang='grc' dir='ltr'>οὐ</span> <span class='ocrx_word' id='word_1_205' title='bbox 616 1748 799 1800; x_wconf 63' lang='grc' dir='ltr'>προέάλλῃ</span> <span class='ocrx_word' id='word_1_206' title='bbox 820 1747 882 1794; x_wconf 85' lang='grc' dir='ltr'>τὴν</span> <span class='ocrx_word' id='word_1_207' title='bbox 911 1749 1108 1800; x_wconf 74' lang='grc' dir='ltr'>φιλανθρω-</span> 
     </span>
     <span class='ocr_line' id='line_1_27' title="bbox 86 1808 1109 1862; baseline 0.003 -17"><span class='ocrx_word' id='word_1_208' title='bbox 86 1808 168 1845; x_wconf 88' lang='grc' dir='ltr'>πίαν</span> <span class='ocrx_word' id='word_1_209' title='bbox 184 1808 313 1855; x_wconf 81' lang='grc' dir='ltr'>ταύτην</span> <span class='ocrx_word' id='word_1_210' title='bbox 327 1825 334 1832; x_wconf 88' lang='grc'><em>·</em></span> <span class='ocrx_word' id='word_1_211' title='bbox 356 1809 435 1847; x_wconf 81' lang='grc' dir='ltr'>ἔνθα</span> <span class='ocrx_word' id='word_1_212' title='bbox 450 1811 478 1847; x_wconf 82' lang='grc' dir='ltr'>δ’</span> <span class='ocrx_word' id='word_1_213' title='bbox 499 1809 538 1847; x_wconf 82' lang='grc' dir='ltr'>ἂν</span> <span class='ocrx_word' id='word_1_214' title='bbox 557 1809 657 1862; x_wconf 80' lang='grc' dir='ltr'>Θέλῃς</span> <span class='ocrx_word' id='word_1_215' title='bbox 675 1808 912 1848; x_wconf 64' lang='grc' dir='ltr'>ἀναὸαλέσθαι</span> <span class='ocrx_word' id='word_1_216' title='bbox 926 1839 935 1857; x_wconf 91' lang='grc'>,</span> <span class='ocrx_word' id='word_1_217' title='bbox 951 1810 1030 1848; x_wconf 89' lang='grc' dir='ltr'>τότε</span> <span class='ocrx_word' id='word_1_218' title='bbox 1050 1812 1109 1848; x_wconf 80' lang='grc' dir='ltr'>αὔ-</span> 
     </span>
     <span class='ocr_line' id='line_1_28' title="bbox 85 1869 1109 1924; baseline 0.004 -19"><span class='ocrx_word' id='word_1_219' title='bbox 85 1871 147 1915; x_wconf 80' lang='grc' dir='ltr'>τ’ῆς</span> <span class='ocrx_word' id='word_1_220' title='bbox 166 1869 343 1920; x_wconf 81' lang='grc' dir='ltr'>μέμνησαι</span> <span class='ocrx_word' id='word_1_221' title='bbox 358 1887 365 1893; x_wconf 94' lang='grc'><em>·</em></span> <span class='ocrx_word' id='word_1_222' title='bbox 380 1870 493 1909; x_wconf 87' lang='grc' dir='ltr'>καίτοι</span> <span class='ocrx_word' id='word_1_223' title='bbox 505 1871 582 1909; x_wconf 88' lang='grc' dir='ltr'>τότε</span> <span class='ocrx_word' id='word_1_224' title='bbox 592 1870 712 1924; x_wconf 83' lang='grc' dir='ltr'>καιρὸν</span> <span class='ocrx_word' id='word_1_225' title='bbox 727 1869 767 1908; x_wconf 79' lang='grc' dir='ltr'>ἂν</span> <span class='ocrx_word' id='word_1_226' title='bbox 787 1870 861 1922; x_wconf 69' lang='grc' dir='ltr'>ἔχοι</span> <span class='ocrx_word' id='word_1_227' title='bbox 875 1874 897 1916; x_wconf 82' lang='grc' dir='ltr'>ἡ</span> <span class='ocrx_word' id='word_1_228' title='bbox 915 1872 1109 1924; x_wconf 79' lang='grc' dir='ltr'>φιλανθρω-</span> 
     </span>
     <span class='ocr_line' id='line_1_29' title="bbox 85 1930 1109 1982; baseline 0.003 -15"><span class='ocrx_word' id='word_1_229' title='bbox 85 1930 149 1968; x_wconf 82' lang='grc' dir='ltr'>πία</span> <span class='ocrx_word' id='word_1_230' title='bbox 169 1931 276 1979; x_wconf 81' lang='grc' dir='ltr'>αὕτη,</span> <span class='ocrx_word' id='word_1_231' title='bbox 296 1932 356 1969; x_wconf 83' lang='grc' dir='ltr'>καὶ</span> <span class='ocrx_word' id='word_1_232' title='bbox 376 1934 506 1982; x_wconf 80' lang='grc' dir='ltr'>μᾶλλον</span> <span class='ocrx_word' id='word_1_233' title='bbox 528 1934 634 1978; x_wconf 67' lang='grc' dir='ltr'>αὐτῆς</span> <span class='ocrx_word' id='word_1_234' title='bbox 657 1931 926 1981; x_wconf 80' lang='grc' dir='ltr'>ἐπιτευξόμεθα,</span> <span class='ocrx_word' id='word_1_235' title='bbox 947 1932 1027 1969; x_wconf 79' lang='grc' dir='ltr'>ὅταν</span> <span class='ocrx_word' id='word_1_236' title='bbox 1049 1932 1109 1970; x_wconf 79' lang='grc' dir='ltr'>καὶ</span> 
     </span>
     <span class='ocr_line' id='line_1_30' title="bbox 85 1991 1109 2044; baseline 0.002 -15"><span class='ocrx_word' id='word_1_237' title='bbox 85 1991 128 2030; x_wconf 78' lang='grc' dir='ltr'>τὰ</span> <span class='ocrx_word' id='word_1_238' title='bbox 150 1995 231 2043; x_wconf 86' lang='grc' dir='ltr'>παρ’</span> <span class='ocrx_word' id='word_1_239' title='bbox 251 1995 382 2031; x_wconf 80' lang='grc' dir='ltr'>ἑαυτῶν</span> <span class='ocrx_word' id='word_1_240' title='bbox 403 1992 666 2043; x_wconf 78' lang='grc' dir='ltr'>εἷσενέγκιι)μεν.</span> <span class='ocrx_word' id='word_1_241' title='bbox 681 1992 725 2030; x_wconf 90' lang='grc' dir='ltr'>Ὁ</span> <span class='ocrx_word' id='word_1_242' title='bbox 747 1991 808 2043; x_wconf 78' lang='grc' dir='ltr'>μὲν</span> <span class='ocrx_word' id='word_1_243' title='bbox 828 1992 895 2044; x_wconf 84' lang='grc' dir='ltr'>γὰρ</span> <span class='ocrx_word' id='word_1_244' title='bbox 910 1992 949 2030; x_wconf 86' lang='grc' dir='ltr'>τὸ</span> <span class='ocrx_word' id='word_1_245' title='bbox 967 1998 1035 2030; x_wconf 84' lang='grc' dir='ltr'>πᾶν</span> <span class='ocrx_word' id='word_1_246' title='bbox 1050 1993 1109 2031; x_wconf 76' lang='grc' dir='ltr'>ἐπὶ</span> 
     </span>
     <span class='ocr_line' id='line_1_31' title="bbox 86 2051 1108 2105; baseline 0.003 -17"><span class='ocrx_word' id='word_1_247' title='bbox 86 2051 142 2089; x_wconf 79' lang='grc' dir='ltr'>τὸν</span> <span class='ocrx_word' id='word_1_248' title='bbox 163 2053 252 2091; x_wconf 78' lang='grc' dir='ltr'>Θεὸν</span> <span class='ocrx_word' id='word_1_249' title='bbox 279 2053 400 2105; x_wconf 76' lang='grc' dir='ltr'>ῥίψας,</span> <span class='ocrx_word' id='word_1_250' title='bbox 419 2053 478 2091; x_wconf 86' lang='grc' dir='ltr'>καὶ</span> <span class='ocrx_word' id='word_1_251' title='bbox 499 2053 588 2104; x_wconf 84' lang='grc' dir='ltr'>μετὰ</span> <span class='ocrx_word' id='word_1_252' title='bbox 607 2052 647 2091; x_wconf 85' lang='grc' dir='ltr'>τὸ</span> <span class='ocrx_word' id='word_1_253' title='bbox 680 2052 864 2104; x_wconf 83' lang='grc' dir='ltr'>βάπτισμα</span> <span class='ocrx_word' id='word_1_254' title='bbox 897 2053 1108 2105; x_wconf 87' lang='grc' dir='ltr'>ἁμαρτάνων</span> 
     </span>
     <span class='ocr_line' id='line_1_32' title="bbox 86 2107 1106 2167; baseline 0.003 -17"><span class='ocrx_word' id='word_1_255' title='bbox 86 2107 140 2150; x_wconf 63' lang='grc' dir='ltr'>οἶα</span> <span class='ocrx_word' id='word_1_256' title='bbox 168 2113 256 2156; x_wconf 81' lang='grc' dir='ltr'>εἰκὸς</span> <span class='ocrx_word' id='word_1_257' title='bbox 278 2113 456 2167; x_wconf 79' lang='grc' dir='ltr'>ἄνθρωπον</span> <span class='ocrx_word' id='word_1_258' title='bbox 480 2113 581 2161; x_wconf 78' lang='grc' dir='ltr'>ὄντα,</span> <span class='ocrx_word' id='word_1_259' title='bbox 603 2115 780 2164; x_wconf 78' lang='grc' dir='ltr'>μετανοῶν</span> <span class='ocrx_word' id='word_1_260' title='bbox 812 2113 964 2158; x_wconf 80' lang='grc' dir='ltr'>τεύξεται</span> <span class='ocrx_word' id='word_1_261' title='bbox 983 2117 1106 2166; x_wconf 79' lang='grc' dir='ltr'>φιλαν-</span> 
     </span>
     <span class='ocr_line' id='line_1_33' title="bbox 86 2173 1106 2227; baseline 0.002 -17"><span class='ocrx_word' id='word_1_262' title='bbox 86 2173 239 2224; x_wconf 82' lang='grc' dir='ltr'>Ορωπίας</span> <span class='ocrx_word' id='word_1_263' title='bbox 257 2189 263 2196; x_wconf 93' lang='grc'><em>·</em></span> <span class='ocrx_word' id='word_1_264' title='bbox 292 2177 310 2212; x_wconf 83' lang='grc' dir='ltr'><strong><em>ὃ</em></strong></span> <span class='ocrx_word' id='word_1_265' title='bbox 330 2173 364 2211; x_wconf 78' lang='grc' dir='ltr'>δὲ</span> <span class='ocrx_word' id='word_1_266' title='bbox 389 2173 507 2225; x_wconf 82' lang='grc' dir='ltr'>ὥσπερ</span> <span class='ocrx_word' id='word_1_267' title='bbox 530 2173 752 2226; x_wconf 81' lang='grc' dir='ltr'>σοφιζόμενος</span> <span class='ocrx_word' id='word_1_268' title='bbox 768 2178 826 2212; x_wconf 88' lang='grc' dir='ltr'>τοῦ</span> <span class='ocrx_word' id='word_1_269' title='bbox 848 2177 940 2213; x_wconf 90' lang='grc' dir='ltr'>Θεοῦ</span> <span class='ocrx_word' id='word_1_270' title='bbox 956 2174 1020 2221; x_wconf 82' lang='grc' dir='ltr'>τὴν</span> <span class='ocrx_word' id='word_1_271' title='bbox 1047 2191 1106 2227; x_wconf 82' lang='grc' dir='ltr'>φι-</span> 
     </span>
     <span class='ocr_line' id='line_1_34' title="bbox 85 2234 1109 2310; baseline 0.004 -40"><span class='ocrx_word' id='word_1_272' title='bbox 85 2234 317 2310; x_wconf 85' lang='grc' dir='ltr'>λανΟρωπίαν,</span> <span class='ocrx_word' id='word_1_273' title='bbox 328 2234 486 2272; x_wconf 81' lang='grc' dir='ltr'>ἀπελθὼν</span> <span class='ocrx_word' id='word_1_274' title='bbox 504 2235 647 2287; x_wconf 77' lang='grc' dir='ltr'>ἄμοιρος</span> <span class='ocrx_word' id='word_1_275' title='bbox 662 2237 724 2280; x_wconf 70' lang='grc' dir='ltr'>τῆς</span> <span class='ocrx_word' id='word_1_276' title='bbox 742 2234 898 2287; x_wconf 83' lang='grc' dir='ltr'>χάριτος,</span> <span class='ocrx_word' id='word_1_277' title='bbox 912 2235 1109 2287; x_wconf 85' lang='grc' dir='ltr'>ἀπαραίτη-</span> 
     </span>
     <span class='ocr_line' id='line_1_35' title="bbox 84 2294 1109 2348; baseline 0.002 -16"><span class='ocrx_word' id='word_1_278' title='bbox 84 2311 139 2333; x_wconf 84' lang='grc' dir='ltr'>τον</span> <span class='ocrx_word' id='word_1_279' title='bbox 159 2294 226 2338; x_wconf 82' lang='grc' dir='ltr'>ἑξει</span> <span class='ocrx_word' id='word_1_280' title='bbox 252 2294 315 2342; x_wconf 78' lang='grc' dir='ltr'>τὴν</span> <span class='ocrx_word' id='word_1_281' title='bbox 330 2295 518 2348; x_wconf 86' lang='grc' dir='ltr'>τιμωρίαν.</span> <span class='ocrx_word' id='word_1_282' title='bbox 536 2295 621 2333; x_wconf 88' lang='grc' dir='ltr'>Τί</span> <span class='ocrx_word' id='word_1_283' title='bbox 603 2294 639 2334; x_wconf 79' lang='grc' dir='ltr'>οὲ</span> <span class='ocrx_word' id='word_1_284' title='bbox 658 2300 802 2333; x_wconf 88' lang='grc' dir='ltr'>τοιαῦτα</span> <span class='ocrx_word' id='word_1_285' title='bbox 818 2295 910 2334; x_wconf 84' lang='grc' dir='ltr'>κατὰ</span> <span class='ocrx_word' id='word_1_286' title='bbox 924 2313 988 2344; x_wconf 90' lang='grc' dir='ltr'>της</span> <span class='ocrx_word' id='word_1_287' title='bbox 1008 2313 1109 2336; x_wconf 89' lang='grc' dir='ltr'>σεαυ-</span> 
     </span>
     <span class='ocr_line' id='line_1_36' title="bbox 82 2357 1109 2412; baseline 0.004 -18"><span class='ocrx_word' id='word_1_288' title='bbox 82 2360 140 2394; x_wconf 91' lang='grc' dir='ltr'>τοῦ</span> <span class='ocrx_word' id='word_1_289' title='bbox 162 2357 335 2409; x_wconf 86' lang='grc' dir='ltr'>σωτηρίας</span> <span class='ocrx_word' id='word_1_290' title='bbox 354 2358 560 2409; x_wconf 62' lang='grc' dir='ltr'>προὲάλλῃ·</span> <span class='ocrx_word' id='word_1_291' title='bbox 552 2388 561 2406; x_wconf 94' lang='grc'>,</span> <span class='ocrx_word' id='word_1_292' title='bbox 581 2357 778 2410; x_wconf 80' lang='grc' dir='ltr'>Ἀμηχανον</span> <span class='ocrx_word' id='word_1_293' title='bbox 807 2357 893 2410; x_wconf 84' lang='grc' dir='ltr'>γὰρ,</span> <span class='ocrx_word' id='word_1_294' title='bbox 913 2360 1109 2412; x_wconf 68' lang='grc' dir='ltr'>ἀαηγανον,</span> 
     </span>
     <span class='ocr_line' id='line_1_37' title="bbox 82 2418 1109 2472; baseline 0.006 -17"><span class='ocrx_word' id='word_1_295' title='bbox 82 2421 127 2461; x_wconf 82' lang='grc' dir='ltr'>ὡς</span> <span class='ocrx_word' id='word_1_296' title='bbox 148 2418 215 2470; x_wconf 80' lang='grc' dir='ltr'>ἔγω</span> <span class='ocrx_word' id='word_1_297' title='bbox 217 2435 256 2470; x_wconf 86' lang='grc' dir='ltr'>γε</span> <span class='ocrx_word' id='word_1_298' title='bbox 273 2423 388 2469; x_wconf 83' lang='grc' dir='ltr'>οἰυαι,</span> <span class='ocrx_word' id='word_1_299' title='bbox 404 2434 462 2457; x_wconf 90' lang='grc' dir='ltr'>τον</span> <span class='ocrx_word' id='word_1_300' title='bbox 481 2419 657 2463; x_wconf 81' lang='grc' dir='ltr'>τοιαύταις</span> <span class='ocrx_word' id='word_1_301' title='bbox 674 2419 809 2459; x_wconf 80' lang='grc' dir='ltr'>ἐλπίσιν</span> <span class='ocrx_word' id='word_1_302' title='bbox 828 2420 1109 2472; x_wconf 63' lang='grc' dir='ltr'>ἀναὸαλλόυενον</span> 
     </span>
     <span class='ocr_line' id='line_1_38' title="bbox 82 2480 1108 2533; baseline 0.004 -17"><span class='ocrx_word' id='word_1_303' title='bbox 82 2480 296 2532; x_wconf 82' lang='grc' dir='ltr'>ἐργάσασθαί</span> <span class='ocrx_word' id='word_1_304' title='bbox 318 2497 353 2518; x_wconf 92' lang='grc' dir='ltr'>τι</span> <span class='ocrx_word' id='word_1_305' title='bbox 372 2486 525 2533; x_wconf 88' lang='grc' dir='ltr'>γενναῖον</span> <span class='ocrx_word' id='word_1_306' title='bbox 548 2481 608 2519; x_wconf 87' lang='grc' dir='ltr'>καὶ</span> <span class='ocrx_word' id='word_1_307' title='bbox 628 2482 768 2532; x_wconf 84' lang='grc' dir='ltr'>ἀγαθὸν.</span> <span class='ocrx_word' id='word_1_308' title='bbox 790 2481 841 2520; x_wconf 88' lang='grc' dir='ltr'>Συ</span> <span class='ocrx_word' id='word_1_309' title='bbox 872 2481 907 2520; x_wconf 82' lang='grc' dir='ltr'>δε</span> <span class='ocrx_word' id='word_1_310' title='bbox 938 2484 1010 2520; x_wconf 82' lang='grc' dir='ltr'>ἀνθ’</span> <span class='ocrx_word' id='word_1_311' title='bbox 1030 2498 1108 2521; x_wconf 90' lang='grc' dir='ltr'>οτου</span> 
     </span>
     <span class='ocr_line' id='line_1_39' title="bbox 81 2542 1110 2594; baseline 0.005 -16"><span class='ocrx_word' id='word_1_312' title='bbox 81 2545 241 2579; x_wconf 77' lang='grc' dir='ltr'>τοσοῦτον</span> <span class='ocrx_word' id='word_1_313' title='bbox 256 2542 361 2594; x_wconf 41' lang='lat' dir='ltr'>&lt;poem</span> <span class='ocrx_word' id='word_1_314' title='bbox 377 2542 551 2594; x_wconf 80' lang='grc' dir='ltr'>ἀναδέχῃ,</span> <span class='ocrx_word' id='word_1_315' title='bbox 572 2543 631 2581; x_wconf 88' lang='grc' dir='ltr'>καὶ</span> <span class='ocrx_word' id='word_1_316' title='bbox 650 2542 689 2581; x_wconf 84' lang='grc' dir='ltr'>τὸ</span> <span class='ocrx_word' id='word_1_317' title='bbox 709 2542 836 2589; x_wconf 80' lang='grc' dir='ltr'>ἄδηλον</span> <span class='ocrx_word' id='word_1_318' title='bbox 849 2548 908 2581; x_wconf 91' lang='grc' dir='ltr'>τοῦ</span> <span class='ocrx_word' id='word_1_319' title='bbox 926 2543 1110 2594; x_wconf 79' lang='grc' dir='ltr'>μέλλοντος</span> 
     </span>
     <span class='ocr_line' id='line_1_40' title="bbox 81 2602 1109 2656; baseline 0.005 -17"><span class='ocrx_word' id='word_1_320' title='bbox 81 2602 287 2655; x_wconf 67' lang='grc' dir='ltr'>προὸάλλῃ,</span> <span class='ocrx_word' id='word_1_321' title='bbox 320 2602 413 2641; x_wconf 80' lang='grc' dir='ltr'>διατί</span> <span class='ocrx_word' id='word_1_322' title='bbox 446 2603 494 2655; x_wconf 84' lang='grc' dir='ltr'>μὴ</span> <span class='ocrx_word' id='word_1_323' title='bbox 524 2603 755 2655; x_wconf 68' lang='grc' dir='ltr'>μεταὸάλλεις</span> <span class='ocrx_word' id='word_1_324' title='bbox 781 2604 840 2643; x_wconf 83' lang='grc' dir='ltr'>τὸν</span> <span class='ocrx_word' id='word_1_325' title='bbox 861 2604 964 2656; x_wconf 71' lang='grc' dir='ltr'>φόὸον</span> <span class='ocrx_word' id='word_1_326' title='bbox 991 2610 1109 2644; x_wconf 87' lang='grc' dir='ltr'>τοῦτον</span> 
     </span>
     <span class='ocr_line' id='line_1_41' title="bbox 82 2663 1108 2718; baseline 0.003 -17"><span class='ocrx_word' id='word_1_327' title='bbox 82 2666 128 2706; x_wconf 84' lang='grc' dir='ltr'>εἷς</span> <span class='ocrx_word' id='word_1_328' title='bbox 144 2663 246 2702; x_wconf 88' lang='grc' dir='ltr'>πόνον</span> <span class='ocrx_word' id='word_1_329' title='bbox 266 2664 326 2702; x_wconf 87' lang='grc' dir='ltr'>καὶ</span> <span class='ocrx_word' id='word_1_330' title='bbox 346 2663 512 2713; x_wconf 82' lang='grc' dir='ltr'>σπουδὴν,</span> <span class='ocrx_word' id='word_1_331' title='bbox 541 2665 583 2703; x_wconf 80' lang='grc' dir='ltr'>ἵν’</span> <span class='ocrx_word' id='word_1_332' title='bbox 602 2664 663 2718; x_wconf 81' lang='grc' dir='ltr'>ἔσῃ</span> <span class='ocrx_word' id='word_1_333' title='bbox 684 2665 793 2718; x_wconf 83' lang='grc' dir='ltr'>μέγας</span> <span class='ocrx_word' id='word_1_334' title='bbox 811 2666 869 2704; x_wconf 79' lang='grc' dir='ltr'>καὶ</span> <span class='ocrx_word' id='word_1_335' title='bbox 890 2667 1108 2717; x_wconf 81' lang='grc' dir='ltr'>οαυμαστός;</span> 
     </span>
     <span class='ocr_line' id='line_1_42' title="bbox 80 2724 1104 2777; baseline 0.005 -15"><span class='ocrx_word' id='word_1_336' title='bbox 80 2724 114 2763; x_wconf 89' lang='grc' dir='ltr'>τί</span> <span class='ocrx_word' id='word_1_337' title='bbox 142 2724 290 2776; x_wconf 82' lang='grc' dir='ltr'>βέλτιον,</span> <span class='ocrx_word' id='word_1_338' title='bbox 316 2725 551 2777; x_wconf 67' lang='grc' dir='ltr'>φοὸεῖσθαι,</span> <span class='ocrx_word' id='word_1_339' title='bbox 532 2743 554 2773; x_wconf 92' lang='grc' dir='ltr'>η</span> <span class='ocrx_word' id='word_1_340' title='bbox 573 2734 709 2775; x_wconf 64' lang='grc' dir='ltr'>πονεῖν,</span> <span class='ocrx_word' id='word_1_341' title='bbox 738 2727 786 2765; x_wconf 88' lang='grc' dir='ltr'>Ει</span> <span class='ocrx_word' id='word_1_342' title='bbox 807 2743 860 2771; x_wconf 86' lang='grc' dir='ltr'>τις</span> <span class='ocrx_word' id='word_1_343' title='bbox 889 2744 927 2766; x_wconf 88' lang='grc' dir='ltr'>σε</span> <span class='ocrx_word' id='word_1_344' title='bbox 946 2729 1104 2767; x_wconf 79' lang='grc' dir='ltr'>ἐκάθισεν</span> 
     </span>
     <span class='ocr_line' id='line_1_43' title="bbox 80 2786 1105 2843; baseline 0.004 -18"><span class='ocrx_word' id='word_1_345' title='bbox 80 2786 125 2807; x_wconf 79' lang='lat'>¹’⁷</span> <span class='ocrx_word' id='word_1_346' title='bbox 111 2804 145 2825; x_wconf 92' lang='grc' dir='ltr'>εν</span> <span class='ocrx_word' id='word_1_347' title='bbox 163 2787 247 2826; x_wconf 75' lang='grc' dir='ltr'>οἴκι)</span> <span class='ocrx_word' id='word_1_348' title='bbox 268 2789 481 2835; x_wconf 84' lang='grc' dir='ltr'>πεπονηκότι</span> <span class='ocrx_word' id='word_1_349' title='bbox 507 2792 693 2841; x_wconf 85' lang='grc' dir='ltr'>ἀργοῦντα,</span> <span class='ocrx_word' id='word_1_350' title='bbox 711 2789 830 2837; x_wconf 86' lang='grc' dir='ltr'>εἷπων,</span> <span class='ocrx_word' id='word_1_351' title='bbox 853 2807 907 2828; x_wconf 91' lang='grc' dir='ltr'>οτι</span> <span class='ocrx_word' id='word_1_352' title='bbox 925 2791 1105 2843; x_wconf 79' lang='grc' dir='ltr'>προσδόκα</span> 
     </span>
     <span class='ocr_line' id='line_1_44' title="bbox 80 2849 1105 2905; baseline 0.004 -18"><span class='ocrx_word' id='word_1_353' title='bbox 80 2849 137 2887; x_wconf 82' lang='grc' dir='ltr'>ἐπὶ</span> <span class='ocrx_word' id='word_1_354' title='bbox 168 2849 230 2897; x_wconf 84' lang='grc' dir='ltr'>τὴν</span> <span class='ocrx_word' id='word_1_355' title='bbox 252 2849 316 2896; x_wconf 82' lang='grc' dir='ltr'>σὴν</span> <span class='ocrx_word' id='word_1_356' title='bbox 346 2850 499 2904; x_wconf 75' lang='grc' dir='ltr'>κεραλὴν</span> <span class='ocrx_word' id='word_1_357' title='bbox 529 2854 709 2890; x_wconf 81' lang='grc' dir='ltr'>πεσεῖσθαι</span> <span class='ocrx_word' id='word_1_358' title='bbox 737 2850 800 2899; x_wconf 85' lang='grc' dir='ltr'>τὴν</span> <span class='ocrx_word' id='word_1_359' title='bbox 827 2852 954 2905; x_wconf 79' lang='grc' dir='ltr'>ὂροφην</span> <span class='ocrx_word' id='word_1_360' title='bbox 975 2852 1105 2905; x_wconf 84' lang='grc' dir='ltr'>σαθρὰν</span> 
     </span>
     <span class='ocr_line' id='line_1_45' title="bbox 80 2911 1105 2965; baseline 0.004 -17"><span class='ocrx_word' id='word_1_361' title='bbox 80 2914 185 2949; x_wconf 80' lang='grc' dir='ltr'>οὖσαν</span> <span class='ocrx_word' id='word_1_362' title='bbox 204 2911 301 2959; x_wconf 87' lang='grc' dir='ltr'>(ίσως</span> <span class='ocrx_word' id='word_1_363' title='bbox 322 2911 383 2962; x_wconf 82' lang='grc' dir='ltr'>μὲν</span> <span class='ocrx_word' id='word_1_364' title='bbox 403 2912 471 2964; x_wconf 83' lang='grc' dir='ltr'>γὰρ</span> <span class='ocrx_word' id='word_1_365' title='bbox 491 2918 662 2960; x_wconf 84' lang='grc' dir='ltr'>πεσεῖται,</span> <span class='ocrx_word' id='word_1_366' title='bbox 679 2912 783 2956; x_wconf 57' lang='grc' dir='ltr'>*ισως</span> <span class='ocrx_word' id='word_1_367' title='bbox 803 2912 838 2951; x_wconf 80' lang='grc' dir='ltr'>δὲ</span> <span class='ocrx_word' id='word_1_368' title='bbox 856 2915 893 2951; x_wconf 81' lang='grc' dir='ltr'>οὐ</span> <span class='ocrx_word' id='word_1_369' title='bbox 914 2915 1105 2965; x_wconf 79' lang='grc' dir='ltr'>πεσεῖται)-</span> 
     </span>
     <span class='ocr_line' id='line_1_46' title="bbox 80 2971 1141 3042; baseline 0.004 -32"><span class='ocrx_word' id='word_1_370' title='bbox 80 2974 108 3010; x_wconf 87' lang='grc' dir='ltr'>εἷ</span> <span class='ocrx_word' id='word_1_371' title='bbox 129 2971 164 3009; x_wconf 77' lang='grc' dir='ltr'>δὲ</span> <span class='ocrx_word' id='word_1_372' title='bbox 186 2972 233 3022; x_wconf 86' lang='grc' dir='ltr'>μὴ</span> <span class='ocrx_word' id='word_1_373' title='bbox 253 2978 351 3012; x_wconf 88' lang='grc' dir='ltr'>τοῦτο</span> <span class='ocrx_word' id='word_1_374' title='bbox 369 2977 405 3012; x_wconf 76' lang='grc' dir='ltr'>Οε</span> <span class='ocrx_word' id='word_1_375' title='bbox 399 2973 497 3021; x_wconf 91' lang='grc' dir='ltr'>λεις,</span> <span class='ocrx_word' id='word_1_376' title='bbox 521 2973 678 3027; x_wconf 81' lang='grc' dir='ltr'>ἐργάζου,</span> <span class='ocrx_word' id='word_1_377' title='bbox 699 2975 758 3013; x_wconf 83' lang='grc' dir='ltr'>καὶ</span> <span class='ocrx_word' id='word_1_378' title='bbox 794 2974 851 3012; x_wconf 84' lang='grc' dir='ltr'>τὸν</span> <span class='ocrx_word' id='word_1_379' title='bbox 886 2976 1141 3042; x_wconf 83' lang='grc' dir='ltr'>ἀσφαλέστε-</span> 
     </span>
    </p>
   </div>
   <div class='ocr_carea' id='block_1_3' title="bbox 783 193 1281 229">
    <p class='ocr_par' dir='ltr' id='par_1_3' title="bbox 783 193 1281 229">
     <span class='ocr_line' id='line_1_47' title="bbox 783 193 1281 229; baseline -0.012 0"><span class='ocrx_word' id='word_1_380' title='bbox 783 199 900 229; x_wconf 71' lang='lat' dir='ltr'><strong>ACTA</strong></span> <span class='ocrx_word' id='word_1_381' title='bbox 937 193 1281 225; x_wconf 74' lang='lat' dir='ltr'>APOSTOLORUM.</span> 
     </span>
    </p>
   </div>
   <div class='ocr_carea' id='block_1_4' title="bbox 193 460 1152 518">
    <p class='ocr_par' dir='ltr' id='par_1_4' title="bbox 193 460 1152 518">
     <span class='ocr_line' id='line_1_48' title="bbox 193 460 1152 518; baseline -0.008 -14"><span class='ocrx_word' id='word_1_382' title='bbox 193 469 213 512; x_wconf 84' lang='grc' dir='ltr'>ἡ</span> <span class='ocrx_word' id='word_1_383' title='bbox 239 465 300 516; x_wconf 81' lang='grc' dir='ltr'>μὲν</span> <span class='ocrx_word' id='word_1_384' title='bbox 327 465 480 518; x_wconf 82' lang='grc' dir='ltr'>προτέρα</span> <span class='ocrx_word' id='word_1_385' title='bbox 519 463 659 516; x_wconf 71' lang='grc' dir='ltr'>μοιχεία</span> <span class='ocrx_word' id='word_1_386' title='bbox 686 464 849 510; x_wconf 77' lang='grc' dir='ltr'>λέλυται,</span> <span class='ocrx_word' id='word_1_387' title='bbox 882 462 940 500; x_wconf 81' lang='grc' dir='ltr'>καὶ</span> <span class='ocrx_word' id='word_1_388' title='bbox 963 465 980 500; x_wconf 82' lang='grc' dir='ltr'><em>ὃ</em></span> <span class='ocrx_word' id='word_1_389' title='bbox 1009 460 1108 514; x_wconf 79' lang='grc' dir='ltr'>φόνος</span> <span class='ocrx_word' id='word_1_390' title='bbox 1130 466 1152 496; x_wconf 89' lang='grc' dir='ltr'><strong>Β</strong></span> 
     </span>
    </p>
   </div>
   <div class='ocr_carea' id='block_1_5' title="bbox 1133 2495 1155 2524">
    <p class='ocr_par' dir='ltr' id='par_1_5' title="bbox 1133 2495 1155 2524">
     <span class='ocr_line' id='line_1_49' title="bbox 1133 2495 1155 2524; baseline 0 0"><span class='ocrx_word' id='word_1_391' title='bbox 1133 2495 1155 2524; x_wconf 79' lang='grc' dir='ltr'>Ε</span> 
     </span>
    </p>
   </div>
   <div class='ocr_carea' id='block_1_6' title="bbox 2140 175 2161 188">
    <p class='ocr_par' dir='ltr' id='par_1_6' title="bbox 2140 175 2161 188">
     <span class='ocr_line' id='line_1_50' title="bbox 2140 175 2161 188; baseline 0 -5"><span class='ocrx_word' id='word_1_392' title='bbox 2140 175 2161 188; x_wconf 61' lang='lat'>„-</span> 
     </span>
    </p>
   </div>
   <div class='ocr_carea' id='block_1_7' title="bbox 1320 191 2163 223">
    <p class='ocr_par' dir='ltr' id='par_1_7' title="bbox 1320 191 2163 223">
     <span class='ocr_line' id='line_1_51' title="bbox 1320 191 2163 223; baseline -0.005 -1"><span class='ocrx_word' id='word_1_393' title='bbox 1320 193 1475 223; x_wconf 83' lang='lat' dir='ltr'>HOMIL.</span> <span class='ocrx_word' id='word_1_394' title='bbox 1517 193 1547 222; x_wconf 90' lang='lat'>1.</span> <span class='ocrx_word' id='word_1_395' title='bbox 2112 191 2163 218; x_wconf 74' lang='lat'>10</span> 
     </span>
    </p>
   </div>
   <div class='ocr_carea' id='block_1_8' title="bbox 1145 269 2379 3042">
    <p class='ocr_par' dir='ltr' id='par_1_8' title="bbox 1176 269 2166 326">
     <span class='ocr_line' id='line_1_52' title="bbox 1176 269 2166 326; baseline -0.003 -14"><span class='ocrx_word' id='word_1_396' title='bbox 1176 273 1321 312; x_wconf 80' lang='lat' dir='ltr'>admisit</span> <span class='ocrx_word' id='word_1_397' title='bbox 1341 273 1439 311; x_wconf 82' lang='lat' dir='ltr'>:haec</span> <span class='ocrx_word' id='word_1_398' title='bbox 1458 287 1521 326; x_wconf 87' lang='lat' dir='ltr'>per</span> <span class='ocrx_word' id='word_1_399' title='bbox 1535 274 1718 311; x_wconf 80' lang='lat' dir='ltr'>lavacrum</span> <span class='ocrx_word' id='word_1_400' title='bbox 1735 271 1880 309; x_wconf 80' lang='lat' dir='ltr'>remissa</span> <span class='ocrx_word' id='word_1_401' title='bbox 1900 279 1993 308; x_wconf 85' lang='lat' dir='ltr'>sunt.</span> <span class='ocrx_word' id='word_1_402' title='bbox 2014 269 2166 309; x_wconf 86' lang='lat' dir='ltr'>Nullum</span> 
     </span>
    </p>

    <p class='ocr_par' dir='ltr' id='par_1_9' title="bbox 1176 330 2166 388">
     <span class='ocr_line' id='line_1_53' title="bbox 1176 330 2166 388; baseline -0.004 -15"><span class='ocrx_word' id='word_1_403' title='bbox 1176 335 1309 388; x_wconf 84' lang='lat' dir='ltr'><strong>quippe</strong></span> <span class='ocrx_word' id='word_1_404' title='bbox 1325 344 1377 373; x_wconf 89' lang='lat' dir='ltr'>est</span> <span class='ocrx_word' id='word_1_405' title='bbox 1391 365 1403 386; x_wconf 93' lang='lat'>,</span> <span class='ocrx_word' id='word_1_406' title='bbox 1422 335 1563 372; x_wconf 91' lang='lat' dir='ltr'>nullum</span> <span class='ocrx_word' id='word_1_407' title='bbox 1580 343 1630 372; x_wconf 82' lang='lat' dir='ltr'>est</span> <span class='ocrx_word' id='word_1_408' title='bbox 1649 342 1740 372; x_wconf 86' lang='lat' dir='ltr'>certe</span> <span class='ocrx_word' id='word_1_409' title='bbox 1755 340 1960 385; x_wconf 84' lang='lat' dir='ltr'>peccatum,</span> <span class='ocrx_word' id='word_1_410' title='bbox 1984 330 2084 368; x_wconf 89' lang='lat' dir='ltr'>nulla</span> <span class='ocrx_word' id='word_1_411' title='bbox 2101 331 2166 369; x_wconf 90' lang='lat' dir='ltr'>im-</span> 
     </span>
    </p>

    <p class='ocr_par' dir='ltr' id='par_1_10' title="bbox 1176 393 2168 451">
     <span class='ocr_line' id='line_1_54' title="bbox 1176 393 2168 451; baseline -0.007 -14"><span class='ocrx_word' id='word_1_412' title='bbox 1176 399 1288 451; x_wconf 84' lang='lat' dir='ltr'><strong>pietas</strong></span> <span class='ocrx_word' id='word_1_413' title='bbox 1301 429 1311 447; x_wconf 91' lang='lat'>,</span> <span class='ocrx_word' id='word_1_414' title='bbox 1332 413 1410 450; x_wconf 81' lang='lat' dir='ltr'>quae</span> <span class='ocrx_word' id='word_1_415' title='bbox 1431 398 1516 436; x_wconf 90' lang='lat' dir='ltr'>huic</span> <span class='ocrx_word' id='word_1_416' title='bbox 1532 398 1626 436; x_wconf 85' lang='lat' dir='ltr'>dono</span> <span class='ocrx_word' id='word_1_417' title='bbox 1645 410 1715 435; x_wconf 86' lang='lat' dir='ltr'>non</span> <span class='ocrx_word' id='word_1_418' title='bbox 1737 394 1839 433; x_wconf 81' lang='lat' dir='ltr'>cedat</span> <span class='ocrx_word' id='word_1_419' title='bbox 1867 410 1874 430; x_wconf 94' lang='lat'>:</span> <span class='ocrx_word' id='word_1_420' title='bbox 1895 393 2016 432; x_wconf 84' lang='lat' dir='ltr'>divina</span> <span class='ocrx_word' id='word_1_421' title='bbox 2034 393 2168 445; x_wconf 81' lang='lat' dir='ltr'><strong>quippe</strong></span> 
     </span>
    </p>

    <p class='ocr_par' dir='ltr' id='par_1_11' title="bbox 1175 453 2347 694">
     <span class='ocr_line' id='line_1_55' title="bbox 1179 453 2165 511; baseline -0.008 -13"><span class='ocrx_word' id='word_1_422' title='bbox 1179 469 1229 498; x_wconf 87' lang='lat' dir='ltr'>est</span> <span class='ocrx_word' id='word_1_423' title='bbox 1249 460 1374 511; x_wconf 85' lang='lat' dir='ltr'>gratia.</span> <span class='ocrx_word' id='word_1_424' title='bbox 1395 462 1553 498; x_wconf 87' lang='lat' dir='ltr'><strong>Rursum</strong></span> <span class='ocrx_word' id='word_1_425' title='bbox 1569 458 1765 497; x_wconf 85' lang='lat' dir='ltr'>moechatus</span> <span class='ocrx_word' id='word_1_426' title='bbox 1789 465 1840 494; x_wconf 87' lang='lat' dir='ltr'>est</span> <span class='ocrx_word' id='word_1_427' title='bbox 1858 455 1939 506; x_wconf 89' lang='lat' dir='ltr'>quis</span> <span class='ocrx_word' id='word_1_428' title='bbox 1955 463 1988 492; x_wconf 83' lang='lat' dir='ltr'>et</span> <span class='ocrx_word' id='word_1_429' title='bbox 2007 453 2138 492; x_wconf 83' lang='lat' dir='ltr'>occidit</span> <span class='ocrx_word' id='word_1_430' title='bbox 2158 469 2165 490; x_wconf 91' lang='lat'>:</span> 
     </span>
     <span class='ocr_line' id='line_1_56' title="bbox 1175 513 2170 572; baseline -0.007 -14"><span class='ocrx_word' id='word_1_431' title='bbox 1175 520 1334 572; x_wconf 85' lang='lat' dir='ltr'>primum</span> <span class='ocrx_word' id='word_1_432' title='bbox 1350 520 1498 571; x_wconf 84' lang='lat' dir='ltr'>quidem</span> <span class='ocrx_word' id='word_1_433' title='bbox 1517 519 1734 557; x_wconf 81' lang='lat' dir='ltr'>adulterium</span> <span class='ocrx_word' id='word_1_434' title='bbox 1749 517 1907 555; x_wconf 82' lang='lat' dir='ltr'>solutum</span> <span class='ocrx_word' id='word_1_435' title='bbox 1923 524 1974 553; x_wconf 88' lang='lat' dir='ltr'>est</span> <span class='ocrx_word' id='word_1_436' title='bbox 1983 545 1993 565; x_wconf 94' lang='lat'>,</span> <span class='ocrx_word' id='word_1_437' title='bbox 2009 524 2042 552; x_wconf 89' lang='lat' dir='ltr'>et</span> <span class='ocrx_word' id='word_1_438' title='bbox 2058 513 2170 552; x_wconf 78' lang='lat' dir='ltr'>caedes</span> 
     </span>
     <span class='ocr_line' id='line_1_57' title="bbox 1177 577 2347 632; baseline -0.005 -12"><span class='ocrx_word' id='word_1_439' title='bbox 1177 582 1388 631; x_wconf 86' lang='lat' dir='ltr'>condonata,</span> <span class='ocrx_word' id='word_1_440' title='bbox 1415 596 1529 632; x_wconf 89' lang='lat' dir='ltr'>neque</span> <span class='ocrx_word' id='word_1_441' title='bbox 1558 589 1743 620; x_wconf 82' lang='lat' dir='ltr'>revocatur</span> <span class='ocrx_word' id='word_1_442' title='bbox 1766 595 1773 616; x_wconf 92' lang='lat'>:</span> <span class='ocrx_word' id='word_1_443' title='bbox 1797 580 1917 617; x_wconf 80' lang='lat' dir='ltr'>Dona</span> <span class='ocrx_word' id='word_1_444' title='bbox 1933 577 2067 629; x_wconf 85' lang='lat' dir='ltr'><strong>quippe</strong></span> <span class='ocrx_word' id='word_1_445' title='bbox 2095 578 2172 614; x_wconf 84' lang='lat' dir='ltr'>Dei</span> <span class='ocrx_word' id='word_1_446' title='bbox 2184 587 2273 616; x_wconf 83' lang='lat' dir='ltr'>Rom.</span> <span class='ocrx_word' id='word_1_447' title='bbox 2301 595 2347 615; x_wconf 76' lang='grc' dir='ltr'>ιι.</span> 
     </span>
     <span class='ocr_line' id='line_1_58' title="bbox 1177 637 2233 694; baseline -0.003 -16"><span class='ocrx_word' id='word_1_448' title='bbox 1177 650 1212 678; x_wconf 81' lang='lat' dir='ltr'>et</span> <span class='ocrx_word' id='word_1_449' title='bbox 1234 645 1390 679; x_wconf 77' lang='lat' dir='ltr'>vocatio</span> <span class='ocrx_word' id='word_1_450' title='bbox 1412 645 1493 694; x_wconf 79' lang='lat' dir='ltr'>ejus</span> <span class='ocrx_word' id='word_1_451' title='bbox 1514 651 1605 680; x_wconf 80' lang='lat' dir='ltr'>sunt</span> <span class='ocrx_word' id='word_1_452' title='bbox 1633 645 1715 680; x_wconf 84' lang='lat' dir='ltr'>sine</span> <span class='ocrx_word' id='word_1_453' title='bbox 1738 641 1979 694; x_wconf 79' lang='lat' dir='ltr'>poenitentia.</span> <span class='ocrx_word' id='word_1_454' title='bbox 2009 637 2080 677; x_wconf 84' lang='lat' dir='ltr'>Sed</span> <span class='ocrx_word' id='word_1_455' title='bbox 2106 651 2169 690; x_wconf 85' lang='lat' dir='ltr'>pro</span> <span class='ocrx_word' id='word_1_456' title='bbox 2183 637 2233 666; x_wconf 80' lang='lat'>²9·</span> 
     </span>
    </p>

    <p class='ocr_par' dir='ltr' id='par_1_12' title="bbox 1177 701 2170 754">
     <span class='ocr_line' id='line_1_59' title="bbox 1177 701 2170 754; baseline -0.002 -16"><span class='ocrx_word' id='word_1_457' title='bbox 1177 701 1243 751; x_wconf 90' lang='lat' dir='ltr'>iis,</span> <span class='ocrx_word' id='word_1_458' title='bbox 1264 716 1344 752; x_wconf 82' lang='lat' dir='ltr'>quae</span> <span class='ocrx_word' id='word_1_459' title='bbox 1362 711 1441 753; x_wconf 84' lang='lat' dir='ltr'>post</span> <span class='ocrx_word' id='word_1_460' title='bbox 1465 703 1684 754; x_wconf 87' lang='lat' dir='ltr'>baptismum</span> <span class='ocrx_word' id='word_1_461' title='bbox 1705 709 1906 754; x_wconf 82' lang='lat' dir='ltr'>perpetrata</span> <span class='ocrx_word' id='word_1_462' title='bbox 1933 709 2033 746; x_wconf 84' lang='lat' dir='ltr'>sunt,</span> <span class='ocrx_word' id='word_1_463' title='bbox 2054 708 2170 737; x_wconf 85' lang='lat' dir='ltr'>tantas</span> 
     </span>
    </p>

    <p class='ocr_par' dir='ltr' id='par_1_13' title="bbox 1177 761 2171 813">
     <span class='ocr_line' id='line_1_60' title="bbox 1177 761 2171 813; baseline 0.001 -15"><span class='ocrx_word' id='word_1_464' title='bbox 1177 761 1305 799; x_wconf 87' lang='lat' dir='ltr'>damus</span> <span class='ocrx_word' id='word_1_465' title='bbox 1323 776 1462 813; x_wconf 86' lang='lat' dir='ltr'>poenas,</span> <span class='ocrx_word' id='word_1_466' title='bbox 1481 772 1630 812; x_wconf 83' lang='lat' dir='ltr'>quantas</span> <span class='ocrx_word' id='word_1_467' title='bbox 1659 763 1688 800; x_wconf 88' lang='lat' dir='ltr'>si</span> <span class='ocrx_word' id='word_1_468' title='bbox 1714 763 1778 799; x_wconf 83' lang='lat' dir='ltr'>illa</span> <span class='ocrx_word' id='word_1_469' title='bbox 1807 770 1971 800; x_wconf 87' lang='lat' dir='ltr'>revocata</span> <span class='ocrx_word' id='word_1_470' title='bbox 1990 774 2061 798; x_wconf 86' lang='lat' dir='ltr'>non</span> <span class='ocrx_word' id='word_1_471' title='bbox 2080 761 2171 799; x_wconf 87' lang='lat' dir='ltr'>fuis-</span> 
     </span>
    </p>

    <p class='ocr_par' dir='ltr' id='par_1_14' title="bbox 1179 821 2173 874">
     <span class='ocr_line' id='line_1_61' title="bbox 1179 821 2173 874; baseline 0.001 -16"><span class='ocrx_word' id='word_1_472' title='bbox 1179 830 1274 868; x_wconf 84' lang='lat' dir='ltr'>sent,</span> <span class='ocrx_word' id='word_1_473' title='bbox 1295 822 1366 858; x_wconf 88' lang='lat' dir='ltr'>imo</span> <span class='ocrx_word' id='word_1_474' title='bbox 1386 822 1490 873; x_wconf 84' lang='lat' dir='ltr'>longe</span> <span class='ocrx_word' id='word_1_475' title='bbox 1508 824 1671 874; x_wconf 84' lang='lat' dir='ltr'>majores.</span> <span class='ocrx_word' id='word_1_476' title='bbox 1700 823 1778 860; x_wconf 79' lang='lat' dir='ltr'>Non</span> <span class='ocrx_word' id='word_1_477' title='bbox 1805 821 1899 859; x_wconf 89' lang='lat' dir='ltr'>enim</span> <span class='ocrx_word' id='word_1_478' title='bbox 1922 822 2000 872; x_wconf 85' lang='lat' dir='ltr'>jam</span> <span class='ocrx_word' id='word_1_479' title='bbox 2019 821 2173 873; x_wconf 82' lang='lat' dir='ltr'>simplex</span> 
     </span>
    </p>

    <p class='ocr_par' dir='ltr' id='par_1_15' title="bbox 1177 881 2175 934">
     <span class='ocr_line' id='line_1_62' title="bbox 1177 881 2175 934; baseline -0.002 -14"><span class='ocrx_word' id='word_1_480' title='bbox 1177 891 1228 920; x_wconf 84' lang='lat' dir='ltr'>est</span> <span class='ocrx_word' id='word_1_481' title='bbox 1257 891 1442 934; x_wconf 86' lang='lat' dir='ltr'>peccatum</span> <span class='ocrx_word' id='word_1_482' title='bbox 1459 912 1470 932; x_wconf 93' lang='lat'>,</span> <span class='ocrx_word' id='word_1_483' title='bbox 1499 883 1562 921; x_wconf 86' lang='lat' dir='ltr'>sed.</span> <span class='ocrx_word' id='word_1_484' title='bbox 1593 883 1732 934; x_wconf 79' lang='lat' dir='ltr'><strong>duplex</strong></span> <span class='ocrx_word' id='word_1_485' title='bbox 1754 891 1788 920; x_wconf 90' lang='lat' dir='ltr'>et</span> <span class='ocrx_word' id='word_1_486' title='bbox 1803 882 1948 933; x_wconf 80' lang='lat' dir='ltr'>triplex.</span> <span class='ocrx_word' id='word_1_487' title='bbox 1971 881 2079 928; x_wconf 87' lang='lat' dir='ltr'>Quod</span> <span class='ocrx_word' id='word_1_488' title='bbox 2107 896 2175 919; x_wconf 87' lang='lat' dir='ltr'>au-</span> 
     </span>
    </p>

    <p class='ocr_par' dir='ltr' id='par_1_16' title="bbox 1177 941 2176 997">
     <span class='ocr_line' id='line_1_63' title="bbox 1177 941 2176 997; baseline -0.002 -15"><span class='ocrx_word' id='word_1_489' title='bbox 1177 954 1249 982; x_wconf 84' lang='lat' dir='ltr'>tem</span> <span class='ocrx_word' id='word_1_490' title='bbox 1281 945 1347 982; x_wconf 80' lang='lat'>1101</span> <span class='ocrx_word' id='word_1_491' title='bbox 1351 959 1411 982; x_wconf 89' lang='lat' dir='ltr'>um</span> <span class='ocrx_word' id='word_1_492' title='bbox 1445 946 1559 997; x_wconf 86' lang='lat' dir='ltr'>maj01</span> <span class='ocrx_word' id='word_1_493' title='bbox 1597 946 1644 982; x_wconf 87' lang='lat' dir='ltr'>sit</span> <span class='ocrx_word' id='word_1_494' title='bbox 1685 943 1775 981; x_wconf 88' lang='lat' dir='ltr'>ultio</span> <span class='ocrx_word' id='word_1_495' title='bbox 1794 973 1804 992; x_wconf 92' lang='grc'>,</span> <span class='ocrx_word' id='word_1_496' title='bbox 1835 941 1920 979; x_wconf 83' lang='lat' dir='ltr'>audi</span> <span class='ocrx_word' id='word_1_497' title='bbox 1961 941 2049 992; x_wconf 86' lang='lat' dir='ltr'>quid</span> <span class='ocrx_word' id='word_1_498' title='bbox 2080 942 2176 980; x_wconf 81' lang='lat' dir='ltr'>dicat</span> 
     </span>
    </p>

    <p class='ocr_par' dir='ltr' id='par_1_17' title="bbox 1177 1005 2349 1183">
     <span class='ocr_line' id='line_1_64' title="bbox 1178 1005 2349 1059; baseline -0.003 -14"><span class='ocrx_word' id='word_1_499' title='bbox 1178 1006 1311 1045; x_wconf 87' lang='lat' dir='ltr'>Paulus</span> <span class='ocrx_word' id='word_1_500' title='bbox 1336 1021 1343 1043; x_wconf 91' lang='lat'>:</span> <span class='ocrx_word' id='word_1_501' title='bbox 1369 1009 1532 1045; x_wconf 80' lang='lat' dir='ltr'>Irritam</span> <span class='ocrx_word' id='word_1_502' title='bbox 1554 1010 1638 1059; x_wconf 79' lang='lat' dir='ltr'>quis</span> <span class='ocrx_word' id='word_1_503' title='bbox 1673 1007 1827 1058; x_wconf 80' lang='lat' dir='ltr'>faciens</span> <span class='ocrx_word' id='word_1_504' title='bbox 1849 1005 1968 1057; x_wconf 77' lang='lat' dir='ltr'>legem</span> <span class='ocrx_word' id='word_1_505' title='bbox 1991 1006 2349 1053; x_wconf 65' lang='lat' dir='ltr'>Moysis,11ei,-.10</span> 
     </span>
     <span class='ocr_line' id='line_1_65' title="bbox 1177 1054 2308 1107; baseline 0 -2"><span class='ocrx_word' id='word_1_506' title='bbox 1177 1071 1261 1106; x_wconf 82' lang='lat' dir='ltr'>sine</span> <span class='ocrx_word' id='word_1_507' title='bbox 1289 1068 1373 1106; x_wconf 79' lang='lat' dir='ltr'>ulla</span> <span class='ocrx_word' id='word_1_508' title='bbox 1405 1069 1672 1107; x_wconf 78' lang='lat' dir='ltr'>misericordia</span> <span class='ocrx_word' id='word_1_509' title='bbox 1694 1069 1844 1106; x_wconf 79' lang='lat' dir='ltr'>duobus</span> <span class='ocrx_word' id='word_1_510' title='bbox 1866 1067 1934 1104; x_wconf 80' lang='lat' dir='ltr'>vel</span> <span class='ocrx_word' id='word_1_511' title='bbox 1967 1069 2087 1105; x_wconf 78' lang='lat' dir='ltr'>tribus</span> <span class='ocrx_word' id='word_1_512' title='bbox 2115 1076 2174 1105; x_wconf 82' lang='lat' dir='ltr'>te-</span> <span class='ocrx_word' id='word_1_513' title='bbox 2189 1054 2238 1084; x_wconf 74' lang='lat'>²8</span> <span class='ocrx_word' id='word_1_514' title='bbox 2257 1063 2308 1092; x_wconf 83' lang='lat'>²9</span> 
     </span>
     <span class='ocr_line' id='line_1_66' title="bbox 1177 1130 2176 1183; baseline -0.002 -16"><span class='ocrx_word' id='word_1_515' title='bbox 1177 1132 1302 1168; x_wconf 78' lang='lat' dir='ltr'>stibus</span> <span class='ocrx_word' id='word_1_516' title='bbox 1333 1132 1497 1168; x_wconf 79' lang='lat' dir='ltr'>moritur</span> <span class='ocrx_word' id='word_1_517' title='bbox 1512 1146 1522 1166; x_wconf 90' lang='lat'>.·</span> <span class='ocrx_word' id='word_1_518' title='bbox 1554 1139 1704 1183; x_wconf 80' lang='lat' dir='ltr'>quanto</span> <span class='ocrx_word' id='word_1_519' title='bbox 1735 1131 1858 1181; x_wconf 78' lang='lat' dir='ltr'>magis</span> <span class='ocrx_word' id='word_1_520' title='bbox 1890 1131 2038 1180; x_wconf 77' lang='lat' dir='ltr'>putatis</span> <span class='ocrx_word' id='word_1_521' title='bbox 2073 1130 2176 1166; x_wconf 84' lang='lat' dir='ltr'>dete-</span> 
     </span>
    </p>

    <p class='ocr_par' dir='ltr' id='par_1_18' title="bbox 1176 1191 2176 1367">
     <span class='ocr_line' id='line_1_67' title="bbox 1177 1191 2176 1244; baseline -0.001 -16"><span class='ocrx_word' id='word_1_522' title='bbox 1177 1193 1282 1229; x_wconf 79' lang='lat' dir='ltr'>riora</span> <span class='ocrx_word' id='word_1_523' title='bbox 1305 1194 1443 1229; x_wconf 82' lang='lat' dir='ltr'>mereri</span> <span class='ocrx_word' id='word_1_524' title='bbox 1471 1192 1662 1244; x_wconf 80' lang='lat' dir='ltr'>supplicia</span> <span class='ocrx_word' id='word_1_525' title='bbox 1700 1194 1769 1243; x_wconf 80' lang='lat' dir='ltr'>qui</span> <span class='ocrx_word' id='word_1_526' title='bbox 1802 1191 1954 1228; x_wconf 78' lang='lat' dir='ltr'>Filium</span> <span class='ocrx_word' id='word_1_527' title='bbox 1978 1191 2056 1227; x_wconf 85' lang='lat' dir='ltr'>Dei</span> <span class='ocrx_word' id='word_1_528' title='bbox 2084 1204 2176 1228; x_wconf 84' lang='lat' dir='ltr'>eon-</span> 
     </span>
     <span class='ocr_line' id='line_1_68' title="bbox 1176 1252 2175 1305; baseline -0.001 -15"><span class='ocrx_word' id='word_1_529' title='bbox 1176 1254 1388 1291; x_wconf 76' lang='lat' dir='ltr'>eulcaverit</span> <span class='ocrx_word' id='word_1_530' title='bbox 1399 1283 1410 1303; x_wconf 92' lang='grc'>,</span> <span class='ocrx_word' id='word_1_531' title='bbox 1435 1263 1472 1291; x_wconf 85' lang='lat' dir='ltr'>et</span> <span class='ocrx_word' id='word_1_532' title='bbox 1493 1255 1722 1305; x_wconf 81' lang='lat' dir='ltr'>sanguinem</span> <span class='ocrx_word' id='word_1_533' title='bbox 1745 1255 1966 1291; x_wconf 78' lang='lat' dir='ltr'><em>testamenti</em></span> <span class='ocrx_word' id='word_1_534' title='bbox 1978 1252 2175 1304; x_wconf 77' lang='lat' dir='ltr'>pollutum</span> 
     </span>
     <span class='ocr_line' id='line_1_69' title="bbox 1177 1314 2174 1367; baseline -0.001 -16"><span class='ocrx_word' id='word_1_535' title='bbox 1177 1314 1350 1361; x_wconf 75' lang='lat' dir='ltr'>duxerit,</span> <span class='ocrx_word' id='word_1_536' title='bbox 1377 1324 1414 1353; x_wconf 86' lang='lat' dir='ltr'>et</span> <span class='ocrx_word' id='word_1_537' title='bbox 1435 1317 1589 1367; x_wconf 78' lang='lat' dir='ltr'>spiritui</span> <span class='ocrx_word' id='word_1_538' title='bbox 1606 1317 1744 1367; x_wconf 78' lang='lat' dir='ltr'>gratice</span> <span class='ocrx_word' id='word_1_539' title='bbox 1764 1314 2040 1352; x_wconf 69' lang='lat' dir='ltr'>contumeliam</span> <span class='ocrx_word' id='word_1_540' title='bbox 2055 1314 2174 1366; x_wconf 85' lang='lat' dir='ltr'>fece-</span> 
     </span>
    </p>

    <p class='ocr_par' dir='ltr' id='par_1_19' title="bbox 1176 1373 2379 1614">
     <span class='ocr_line' id='line_1_70' title="bbox 1176 1373 2376 1425; baseline -0.008 -13"><span class='ocrx_word' id='word_1_541' title='bbox 1176 1378 1227 1414; x_wconf 80' lang='lat' dir='ltr'>rit</span> <span class='ocrx_word' id='word_1_542' title='bbox 1247 1379 1263 1412; x_wconf 74' lang='lat' dir='ltr'><em>P</em></span> <span class='ocrx_word' id='word_1_543' title='bbox 1289 1376 1452 1414; x_wconf 78' lang='lat' dir='ltr'>Fortasse</span> <span class='ocrx_word' id='word_1_544' title='bbox 1482 1376 1613 1414; x_wconf 89' lang='lat' dir='ltr'>multos</span> <span class='ocrx_word' id='word_1_545' title='bbox 1632 1375 1828 1414; x_wconf 80' lang='lat' dir='ltr'>avertimus</span> <span class='ocrx_word' id='word_1_546' title='bbox 1846 1404 1857 1425; x_wconf 92' lang='lat'>,</span> <span class='ocrx_word' id='word_1_547' title='bbox 1890 1388 1934 1412; x_wconf 90' lang='lat' dir='ltr'>ne</span> <span class='ocrx_word' id='word_1_548' title='bbox 1958 1388 2052 1412; x_wconf 89' lang='lat' dir='ltr'>nunc</span> <span class='ocrx_word' id='word_1_549' title='bbox 2081 1373 2175 1411; x_wconf 88' lang='lat' dir='ltr'>acci-</span> <span class='ocrx_word' id='word_1_550' title='bbox 2267 1376 2376 1424; x_wconf 53' lang='lat' dir='ltr'>Genu-a</span> 
     </span>
     <span class='ocr_line' id='line_1_71' title="bbox 1177 1419 2379 1497; baseline -0.001 -23"><span class='ocrx_word' id='word_1_551' title='bbox 1177 1437 1276 1489; x_wconf 81' lang='lat' dir='ltr'>piant</span> <span class='ocrx_word' id='word_1_552' title='bbox 1304 1437 1496 1490; x_wconf 83' lang='lat' dir='ltr'>baptisma.</span> <span class='ocrx_word' id='word_1_553' title='bbox 1515 1439 1652 1478; x_wconf 86' lang='lat' dir='ltr'>Verum</span> <span class='ocrx_word' id='word_1_554' title='bbox 1678 1452 1747 1475; x_wconf 91' lang='lat' dir='ltr'>non</span> <span class='ocrx_word' id='word_1_555' title='bbox 1766 1437 1842 1475; x_wconf 84' lang='lat' dir='ltr'>haec</span> <span class='ocrx_word' id='word_1_556' title='bbox 1856 1437 1919 1474; x_wconf 84' lang='lat' dir='ltr'>illa</span> <span class='ocrx_word' id='word_1_557' title='bbox 1942 1435 1986 1474; x_wconf 81' lang='lat' dir='ltr'>de</span> <span class='ocrx_word' id='word_1_558' title='bbox 2001 1450 2105 1474; x_wconf 87' lang='lat' dir='ltr'>causa</span> <span class='ocrx_word' id='word_1_559' title='bbox 2122 1436 2176 1474; x_wconf 87' lang='lat' dir='ltr'>di·</span> <span class='ocrx_word' id='word_1_560' title='bbox 2187 1429 2307 1497; x_wconf 46' lang='lat' dir='ltr'>{355qu</span> <span class='ocrx_word' id='word_1_561' title='bbox 2319 1419 2379 1487; x_wconf 50' lang='lat' dir='ltr'>[Raf-</span> 
     </span>
     <span class='ocr_line' id='line_1_72' title="bbox 1177 1498 2335 1552; baseline 0.001 -16"><span class='ocrx_word' id='word_1_562' title='bbox 1177 1498 1313 1547; x_wconf 77' lang='lat' dir='ltr'>ximus,</span> <span class='ocrx_word' id='word_1_563' title='bbox 1322 1499 1384 1537; x_wconf 88' lang='lat' dir='ltr'>sed</span> <span class='ocrx_word' id='word_1_564' title='bbox 1398 1509 1438 1537; x_wconf 90' lang='lat' dir='ltr'>ut</span> <span class='ocrx_word' id='word_1_565' title='bbox 1449 1499 1512 1550; x_wconf 87' lang='lat' dir='ltr'>qui</span> <span class='ocrx_word' id='word_1_566' title='bbox 1517 1500 1593 1552; x_wconf 87' lang='lat' dir='ltr'>jam</span> <span class='ocrx_word' id='word_1_567' title='bbox 1605 1508 1829 1552; x_wconf 87' lang='lat' dir='ltr'>acceperunt,</span> <span class='ocrx_word' id='word_1_568' title='bbox 1845 1498 1880 1536; x_wconf 92' lang='lat' dir='ltr'>in</span> <span class='ocrx_word' id='word_1_569' title='bbox 1893 1499 2006 1536; x_wconf 87' lang='lat' dir='ltr'>multa</span> <span class='ocrx_word' id='word_1_570' title='bbox 2014 1509 2177 1537; x_wconf 87' lang='lat' dir='ltr'>maneant</span> <span class='ocrx_word' id='word_1_571' title='bbox 2190 1502 2335 1530; x_wconf 80' lang='lat' dir='ltr'>serebant.</span> 
     </span>
     <span class='ocr_line' id='line_1_73' title="bbox 1177 1559 2173 1614; baseline 0 -15"><span class='ocrx_word' id='word_1_572' title='bbox 1177 1561 1409 1614; x_wconf 86' lang='lat' dir='ltr'>temperantia</span> <span class='ocrx_word' id='word_1_573' title='bbox 1425 1570 1458 1599; x_wconf 90' lang='lat' dir='ltr'>et</span> <span class='ocrx_word' id='word_1_574' title='bbox 1477 1561 1663 1599; x_wconf 85' lang='lat' dir='ltr'>modestia.</span> <span class='ocrx_word' id='word_1_575' title='bbox 1683 1563 1729 1598; x_wconf 80' lang='lat' dir='ltr'>At</span> <span class='ocrx_word' id='word_1_576' title='bbox 1747 1570 1889 1609; x_wconf 90' lang='lat' dir='ltr'>metuo,</span> <span class='ocrx_word' id='word_1_577' title='bbox 1917 1560 2013 1598; x_wconf 84' lang='lat' dir='ltr'>dicet</span> <span class='ocrx_word' id='word_1_578' title='bbox 2031 1559 2173 1611; x_wconf 86' lang='lat' dir='ltr'>aliquis.</span> 
     </span>
    </p>

    <p class='ocr_par' dir='ltr' id='par_1_20' title="bbox 1177 1622 2176 1738">
     <span class='ocr_line' id='line_1_74' title="bbox 1178 1622 2174 1675; baseline -0.003 -14"><span class='ocrx_word' id='word_1_579' title='bbox 1178 1622 1217 1661; x_wconf 88' lang='lat' dir='ltr'>Si</span> <span class='ocrx_word' id='word_1_580' title='bbox 1232 1632 1423 1672; x_wconf 83' lang='lat' dir='ltr'>metueres,</span> <span class='ocrx_word' id='word_1_581' title='bbox 1439 1622 1632 1675; x_wconf 81' lang='lat' dir='ltr'>accepisses</span> <span class='ocrx_word' id='word_1_582' title='bbox 1643 1622 1765 1673; x_wconf 85' lang='lat' dir='ltr'>utique</span> <span class='ocrx_word' id='word_1_583' title='bbox 1778 1631 1811 1660; x_wconf 91' lang='lat' dir='ltr'>et</span> <span class='ocrx_word' id='word_1_584' title='bbox 1822 1636 2008 1660; x_wconf 84' lang='lat' dir='ltr'>servasses.</span> <span class='ocrx_word' id='word_1_585' title='bbox 2024 1623 2174 1671; x_wconf 88' lang='lat' dir='ltr'>Verum,</span> 
     </span>
     <span class='ocr_line' id='line_1_75' title="bbox 1177 1683 2176 1738; baseline -0.001 -16"><span class='ocrx_word' id='word_1_586' title='bbox 1177 1684 1333 1736; x_wconf 85' lang='lat' dir='ltr'>inquies,</span> <span class='ocrx_word' id='word_1_587' title='bbox 1353 1699 1392 1722; x_wconf 87' lang='lat' dir='ltr'>ea</span> <span class='ocrx_word' id='word_1_588' title='bbox 1420 1684 1497 1737; x_wconf 87' lang='lat' dir='ltr'>ipsa</span> <span class='ocrx_word' id='word_1_589' title='bbox 1516 1684 1561 1722; x_wconf 85' lang='lat' dir='ltr'>de</span> <span class='ocrx_word' id='word_1_590' title='bbox 1583 1698 1688 1722; x_wconf 83' lang='lat' dir='ltr'>causa</span> <span class='ocrx_word' id='word_1_591' title='bbox 1708 1698 1777 1721; x_wconf 90' lang='lat' dir='ltr'>non</span> <span class='ocrx_word' id='word_1_592' title='bbox 1806 1683 1960 1738; x_wconf 85' lang='lat' dir='ltr'>accipio,</span> <span class='ocrx_word' id='word_1_593' title='bbox 1982 1683 2080 1733; x_wconf 89' lang='lat' dir='ltr'>quod</span> <span class='ocrx_word' id='word_1_594' title='bbox 2100 1697 2176 1721; x_wconf 89' lang='lat' dir='ltr'>me—</span> 
     </span>
    </p>

    <p class='ocr_par' dir='ltr' id='par_1_21' title="bbox 1175 1743 2176 1920">
     <span class='ocr_line' id='line_1_76' title="bbox 1175 1743 2175 1785; baseline -0.002 -1"><span class='ocrx_word' id='word_1_595' title='bbox 1175 1756 1288 1785; x_wconf 86' lang='lat' dir='ltr'>tuam.</span> <span class='ocrx_word' id='word_1_596' title='bbox 1314 1748 1440 1785; x_wconf 90' lang='lat' dir='ltr'>Annon</span> <span class='ocrx_word' id='word_1_597' title='bbox 1466 1746 1593 1785; x_wconf 88' lang='lat' dir='ltr'>metuis</span> <span class='ocrx_word' id='word_1_598' title='bbox 1620 1746 1670 1784; x_wconf 85' lang='lat' dir='ltr'>sic</span> <span class='ocrx_word' id='word_1_599' title='bbox 1701 1759 1747 1783; x_wconf 76' lang='lat' dir='ltr'>ex</span> <span class='ocrx_word' id='word_1_600' title='bbox 1775 1745 1842 1783; x_wconf 80' lang='lat' dir='ltr'>hac</span> <span class='ocrx_word' id='word_1_601' title='bbox 1871 1745 1946 1783; x_wconf 87' lang='lat' dir='ltr'>vita</span> <span class='ocrx_word' id='word_1_602' title='bbox 1976 1743 2175 1783; x_wconf 73' lang='lat' dir='ltr'>decedere?</span> 
     </span>
     <span class='ocr_line' id='line_1_77' title="bbox 1177 1805 2172 1858; baseline -0.002 -13"><span class='ocrx_word' id='word_1_603' title='bbox 1177 1808 1357 1856; x_wconf 83' lang='lat' dir='ltr'>Clemens,</span> <span class='ocrx_word' id='word_1_604' title='bbox 1373 1807 1506 1858; x_wconf 89' lang='lat' dir='ltr'>inquit,</span> <span class='ocrx_word' id='word_1_605' title='bbox 1522 1816 1573 1845; x_wconf 89' lang='lat' dir='ltr'>est</span> <span class='ocrx_word' id='word_1_606' title='bbox 1589 1809 1698 1845; x_wconf 89' lang='lat' dir='ltr'>Deus.</span> <span class='ocrx_word' id='word_1_607' title='bbox 1714 1806 1831 1857; x_wconf 84' lang='lat' dir='ltr'>Igitur</span> <span class='ocrx_word' id='word_1_608' title='bbox 1847 1805 1967 1856; x_wconf 83' lang='lat' dir='ltr'>accipe</span> <span class='ocrx_word' id='word_1_609' title='bbox 1980 1805 2172 1857; x_wconf 82' lang='lat' dir='ltr'>baptisma:</span> 
     </span>
     <span class='ocr_line' id='line_1_78' title="bbox 1177 1866 2176 1920; baseline -0.001 -14"><span class='ocrx_word' id='word_1_610' title='bbox 1177 1869 1330 1907; x_wconf 87' lang='lat' dir='ltr'>clemens</span> <span class='ocrx_word' id='word_1_611' title='bbox 1345 1868 1440 1906; x_wconf 89' lang='lat' dir='ltr'>enim</span> <span class='ocrx_word' id='word_1_612' title='bbox 1456 1878 1507 1907; x_wconf 87' lang='lat' dir='ltr'>est</span> <span class='ocrx_word' id='word_1_613' title='bbox 1525 1877 1559 1906; x_wconf 87' lang='lat' dir='ltr'>et</span> <span class='ocrx_word' id='word_1_614' title='bbox 1574 1868 1787 1920; x_wconf 80' lang='lat' dir='ltr'>opitulatur.</span> <span class='ocrx_word' id='word_1_615' title='bbox 1812 1868 1870 1904; x_wconf 89' lang='lat' dir='ltr'>Tu</span> <span class='ocrx_word' id='word_1_616' title='bbox 1887 1879 1969 1904; x_wconf 87' lang='lat' dir='ltr'>Vero</span> <span class='ocrx_word' id='word_1_617' title='bbox 1990 1866 2052 1904; x_wconf 88' lang='lat' dir='ltr'>ubi</span> <span class='ocrx_word' id='word_1_618' title='bbox 2071 1881 2176 1919; x_wconf 91' lang='lat' dir='ltr'>opor-</span> 
     </span>
    </p>

    <p class='ocr_par' dir='ltr' id='par_1_22' title="bbox 1177 1927 2175 2100">
     <span class='ocr_line' id='line_1_79' title="bbox 1177 1927 2175 1980; baseline 0 -14"><span class='ocrx_word' id='word_1_619' title='bbox 1177 1938 1265 1968; x_wconf 89' lang='lat' dir='ltr'>teret</span> <span class='ocrx_word' id='word_1_620' title='bbox 1279 1928 1437 1967; x_wconf 85' lang='lat' dir='ltr'>studiose</span> <span class='ocrx_word' id='word_1_621' title='bbox 1457 1943 1532 1967; x_wconf 87' lang='lat' dir='ltr'>rem</span> <span class='ocrx_word' id='word_1_622' title='bbox 1547 1942 1668 1980; x_wconf 85' lang='lat' dir='ltr'>agere,</span> <span class='ocrx_word' id='word_1_623' title='bbox 1689 1928 1790 1965; x_wconf 88' lang='lat' dir='ltr'>illam</span> <span class='ocrx_word' id='word_1_624' title='bbox 1810 1940 1879 1965; x_wconf 89' lang='lat' dir='ltr'>non</span> <span class='ocrx_word' id='word_1_625' title='bbox 1899 1927 2090 1978; x_wconf 74' lang='lat' dir='ltr'>praetendis</span> <span class='ocrx_word' id='word_1_626' title='bbox 2105 1928 2175 1966; x_wconf 84' lang='lat' dir='ltr'>cle-</span> 
     </span>
     <span class='ocr_line' id='line_1_80' title="bbox 1179 1987 2175 2040; baseline 0 -14"><span class='ocrx_word' id='word_1_627' title='bbox 1179 1989 1349 2027; x_wconf 86' lang='lat' dir='ltr'>mentiam</span> <span class='ocrx_word' id='word_1_628' title='bbox 1360 2005 1372 2039; x_wconf 72' lang='grc'>,</span> <span class='ocrx_word' id='word_1_629' title='bbox 1393 1989 1456 2026; x_wconf 85' lang='lat' dir='ltr'>ubi</span> <span class='ocrx_word' id='word_1_630' title='bbox 1476 2003 1560 2027; x_wconf 90' lang='lat' dir='ltr'>vero</span> <span class='ocrx_word' id='word_1_631' title='bbox 1581 1988 1728 2026; x_wconf 87' lang='lat' dir='ltr'>differre</span> <span class='ocrx_word' id='word_1_632' title='bbox 1743 1997 1862 2040; x_wconf 84' lang='lat' dir='ltr'>optaS,</span> <span class='ocrx_word' id='word_1_633' title='bbox 1879 1996 1963 2024; x_wconf 83' lang='lat' dir='ltr'>tunc</span> <span class='ocrx_word' id='word_1_634' title='bbox 1983 1987 2084 2025; x_wconf 88' lang='lat' dir='ltr'>illam</span> <span class='ocrx_word' id='word_1_635' title='bbox 2105 1988 2175 2026; x_wconf 89' lang='lat' dir='ltr'>cle-</span> 
     </span>
     <span class='ocr_line' id='line_1_81' title="bbox 1178 2050 2175 2100; baseline -0.001 -12"><span class='ocrx_word' id='word_1_636' title='bbox 1178 2051 1348 2089; x_wconf 87' lang='lat' dir='ltr'>mentiam</span> <span class='ocrx_word' id='word_1_637' title='bbox 1367 2064 1555 2088; x_wconf 88' lang='lat' dir='ltr'>memoras.</span> <span class='ocrx_word' id='word_1_638' title='bbox 1577 2050 1685 2100; x_wconf 87' lang='lat' dir='ltr'>Atqui</span> <span class='ocrx_word' id='word_1_639' title='bbox 1706 2058 1791 2087; x_wconf 89' lang='lat' dir='ltr'>tunc</span> <span class='ocrx_word' id='word_1_640' title='bbox 1814 2057 1952 2100; x_wconf 89' lang='lat' dir='ltr'>tempus</span> <span class='ocrx_word' id='word_1_641' title='bbox 1971 2059 2059 2087; x_wconf 87' lang='lat' dir='ltr'>esset</span> <span class='ocrx_word' id='word_1_642' title='bbox 2078 2058 2175 2087; x_wconf 85' lang='lat' dir='ltr'>uten-</span> 
     </span>
    </p>

    <p class='ocr_par' dir='ltr' id='par_1_23' title="bbox 1178 2109 2177 2162">
     <span class='ocr_line' id='line_1_82' title="bbox 1178 2109 2177 2162; baseline -0.001 -13"><span class='ocrx_word' id='word_1_643' title='bbox 1178 2112 1217 2150; x_wconf 87' lang='lat' dir='ltr'>di</span> <span class='ocrx_word' id='word_1_644' title='bbox 1234 2112 1296 2149; x_wconf 87' lang='lat' dir='ltr'>illa</span> <span class='ocrx_word' id='word_1_645' title='bbox 1314 2111 1518 2160; x_wconf 81' lang='lat' dir='ltr'>clementia,</span> <span class='ocrx_word' id='word_1_646' title='bbox 1536 2120 1644 2162; x_wconf 85' lang='lat' dir='ltr'>atque</span> <span class='ocrx_word' id='word_1_647' title='bbox 1663 2111 1764 2148; x_wconf 88' lang='lat' dir='ltr'>illam</span> <span class='ocrx_word' id='word_1_648' title='bbox 1784 2119 1862 2147; x_wconf 91' lang='lat' dir='ltr'>tum</span> <span class='ocrx_word' id='word_1_649' title='bbox 1885 2109 1998 2161; x_wconf 79' lang='lat' dir='ltr'>magis</span> <span class='ocrx_word' id='word_1_650' title='bbox 2014 2124 2177 2161; x_wconf 84' lang='lat' dir='ltr'>asseque-</span> 
     </span>
    </p>

    <p class='ocr_par' dir='ltr' id='par_1_24' title="bbox 1179 2170 2175 2223">
     <span class='ocr_line' id='line_1_83' title="bbox 1179 2170 2175 2223; baseline 0 -14"><span class='ocrx_word' id='word_1_651' title='bbox 1179 2186 1271 2220; x_wconf 89' lang='lat' dir='ltr'>mur,</span> <span class='ocrx_word' id='word_1_652' title='bbox 1287 2186 1370 2209; x_wconf 88' lang='lat' dir='ltr'>cum</span> <span class='ocrx_word' id='word_1_653' title='bbox 1386 2186 1424 2209; x_wconf 87' lang='lat' dir='ltr'>ea</span> <span class='ocrx_word' id='word_1_654' title='bbox 1441 2186 1520 2222; x_wconf 84' lang='lat' dir='ltr'>quae</span> <span class='ocrx_word' id='word_1_655' title='bbox 1533 2185 1638 2223; x_wconf 85' lang='lat' dir='ltr'>penes</span> <span class='ocrx_word' id='word_1_656' title='bbox 1651 2185 1713 2208; x_wconf 87' lang='lat' dir='ltr'>nos</span> <span class='ocrx_word' id='word_1_657' title='bbox 1726 2179 1808 2208; x_wconf 85' lang='lat' dir='ltr'>sunt</span> <span class='ocrx_word' id='word_1_658' title='bbox 1820 2170 2019 2208; x_wconf 87' lang='lat' dir='ltr'>afferemus.</span> <span class='ocrx_word' id='word_1_659' title='bbox 2034 2170 2175 2209; x_wconf 88' lang='lat' dir='ltr'>Etenim</span> 
     </span>
    </p>

    <p class='ocr_par' dir='ltr' id='par_1_25' title="bbox 1178 2231 2176 2284">
     <span class='ocr_line' id='line_1_84' title="bbox 1178 2231 2176 2284; baseline 0.002 -15"><span class='ocrx_word' id='word_1_660' title='bbox 1178 2232 1228 2283; x_wconf 84' lang='lat' dir='ltr'>is,</span> <span class='ocrx_word' id='word_1_661' title='bbox 1253 2232 1316 2283; x_wconf 87' lang='lat' dir='ltr'>qui</span> <span class='ocrx_word' id='word_1_662' title='bbox 1336 2232 1456 2270; x_wconf 86' lang='lat' dir='ltr'>omnia</span> <span class='ocrx_word' id='word_1_663' title='bbox 1483 2233 1519 2270; x_wconf 91' lang='lat' dir='ltr'>in</span> <span class='ocrx_word' id='word_1_664' title='bbox 1538 2233 1657 2270; x_wconf 90' lang='lat' dir='ltr'>Deum</span> <span class='ocrx_word' id='word_1_665' title='bbox 1684 2231 1820 2284; x_wconf 86' lang='lat' dir='ltr'>rejicit,</span> <span class='ocrx_word' id='word_1_666' title='bbox 1839 2241 1874 2269; x_wconf 87' lang='lat' dir='ltr'>ct</span> <span class='ocrx_word' id='word_1_667' title='bbox 1897 2241 1978 2284; x_wconf 84' lang='lat' dir='ltr'>post</span> <span class='ocrx_word' id='word_1_668' title='bbox 1996 2233 2176 2284; x_wconf 83' lang='lat' dir='ltr'>baptisma</span> 
     </span>
    </p>

    <p class='ocr_par' dir='ltr' id='par_1_26' title="bbox 1177 2292 2176 2346">
     <span class='ocr_line' id='line_1_85' title="bbox 1177 2292 2176 2346; baseline 0 -15"><span class='ocrx_word' id='word_1_669' title='bbox 1177 2302 1299 2344; x_wconf 87' lang='lat' dir='ltr'>peccat</span> <span class='ocrx_word' id='word_1_670' title='bbox 1319 2302 1443 2346; x_wconf 88' lang='lat' dir='ltr'>utpote</span> <span class='ocrx_word' id='word_1_671' title='bbox 1457 2293 1564 2331; x_wconf 85' lang='lat' dir='ltr'>homo</span> <span class='ocrx_word' id='word_1_672' title='bbox 1574 2323 1586 2344; x_wconf 85' lang='lat'>,</span> <span class='ocrx_word' id='word_1_673' title='bbox 1608 2308 1672 2346; x_wconf 86' lang='lat' dir='ltr'>per</span> <span class='ocrx_word' id='word_1_674' title='bbox 1686 2292 1934 2346; x_wconf 86' lang='lat' dir='ltr'>poenitentiam</span> <span class='ocrx_word' id='word_1_675' title='bbox 1950 2293 2053 2332; x_wconf 84' lang='lat' dir='ltr'>venia</span> <span class='ocrx_word' id='word_1_676' title='bbox 2067 2294 2176 2332; x_wconf 84' lang='lat' dir='ltr'>dona-</span> 
     </span>
    </p>

    <p class='ocr_par' dir='ltr' id='par_1_27' title="bbox 1177 2354 2177 2406">
     <span class='ocr_line' id='line_1_86' title="bbox 1177 2354 2177 2406; baseline 0.001 -14"><span class='ocrx_word' id='word_1_677' title='bbox 1177 2355 1276 2393; x_wconf 86' lang='lat' dir='ltr'>bitur</span> <span class='ocrx_word' id='word_1_678' title='bbox 1310 2371 1317 2391; x_wconf 89' lang='lat'>:</span> <span class='ocrx_word' id='word_1_679' title='bbox 1352 2355 1415 2405; x_wconf 87' lang='lat' dir='ltr'>qui</span> <span class='ocrx_word' id='word_1_680' title='bbox 1437 2369 1522 2394; x_wconf 85' lang='lat' dir='ltr'>vero</span> <span class='ocrx_word' id='word_1_681' title='bbox 1543 2354 1588 2393; x_wconf 89' lang='lat' dir='ltr'>de</span> <span class='ocrx_word' id='word_1_682' title='bbox 1607 2354 1675 2393; x_wconf 87' lang='lat' dir='ltr'>Dei</span> <span class='ocrx_word' id='word_1_683' title='bbox 1705 2354 1893 2392; x_wconf 86' lang='lat' dir='ltr'>elementia</span> <span class='ocrx_word' id='word_1_684' title='bbox 1919 2354 2021 2405; x_wconf 85' lang='lat' dir='ltr'>quasi</span> <span class='ocrx_word' id='word_1_685' title='bbox 2050 2365 2177 2406; x_wconf 83' lang='lat' dir='ltr'>argute</span> 
     </span>
    </p>

    <p class='ocr_par' dir='ltr' id='par_1_28' title="bbox 1177 2414 2175 2529">
     <span class='ocr_line' id='line_1_87' title="bbox 1177 2414 2175 2468; baseline 0.001 -15"><span class='ocrx_word' id='word_1_686' title='bbox 1177 2416 1277 2468; x_wconf 82' lang='lat' dir='ltr'>agit,</span> <span class='ocrx_word' id='word_1_687' title='bbox 1311 2415 1341 2454; x_wconf 89' lang='lat' dir='ltr'>si</span> <span class='ocrx_word' id='word_1_688' title='bbox 1369 2417 1493 2467; x_wconf 84' lang='lat' dir='ltr'>gratiae</span> <span class='ocrx_word' id='word_1_689' title='bbox 1513 2430 1641 2468; x_wconf 80' lang='lat' dir='ltr'>expers</span> <span class='ocrx_word' id='word_1_690' title='bbox 1670 2415 1755 2453; x_wconf 91' lang='lat' dir='ltr'>hinc</span> <span class='ocrx_word' id='word_1_691' title='bbox 1774 2414 1944 2465; x_wconf 71' lang='lat' dir='ltr'>decedat,</span> <span class='ocrx_word' id='word_1_692' title='bbox 1975 2416 2175 2455; x_wconf 82' lang='lat' dir='ltr'>inevitabili</span> 
     </span>
     <span class='ocr_line' id='line_1_88' title="bbox 1178 2476 2174 2529; baseline 0.001 -15"><span class='ocrx_word' id='word_1_693' title='bbox 1178 2477 1357 2529; x_wconf 83' lang='lat' dir='ltr'>supplicio</span> <span class='ocrx_word' id='word_1_694' title='bbox 1370 2477 1555 2529; x_wconf 86' lang='lat' dir='ltr'>plectetur.</span> <span class='ocrx_word' id='word_1_695' title='bbox 1577 2478 1650 2515; x_wconf 88' lang='lat' dir='ltr'>Cur</span> <span class='ocrx_word' id='word_1_696' title='bbox 1669 2485 1787 2514; x_wconf 85' lang='lat' dir='ltr'>autem</span> <span class='ocrx_word' id='word_1_697' title='bbox 1798 2477 1874 2514; x_wconf 84' lang='lat' dir='ltr'>haec</span> <span class='ocrx_word' id='word_1_698' title='bbox 1893 2476 2065 2516; x_wconf 82' lang='lat' dir='ltr'>adversus</span> <span class='ocrx_word' id='word_1_699' title='bbox 2079 2478 2174 2515; x_wconf 86' lang='lat' dir='ltr'>salu-</span> 
     </span>
    </p>

    <p class='ocr_par' dir='ltr' id='par_1_29' title="bbox 1177 2539 2173 2593">
     <span class='ocr_line' id='line_1_89' title="bbox 1177 2539 2173 2593; baseline 0 -15"><span class='ocrx_word' id='word_1_700' title='bbox 1177 2550 1249 2578; x_wconf 87' lang='lat' dir='ltr'>tem</span> <span class='ocrx_word' id='word_1_701' title='bbox 1264 2550 1363 2578; x_wconf 88' lang='lat' dir='ltr'>tuam</span> <span class='ocrx_word' id='word_1_702' title='bbox 1376 2539 1590 2592; x_wconf 72' lang='lat' dir='ltr'>praetendis?</span> <span class='ocrx_word' id='word_1_703' title='bbox 1602 2539 1829 2592; x_wconf 85' lang='lat' dir='ltr'>Impossibile</span> <span class='ocrx_word' id='word_1_704' title='bbox 1842 2540 1937 2578; x_wconf 87' lang='lat' dir='ltr'>enim</span> <span class='ocrx_word' id='word_1_705' title='bbox 1957 2549 2026 2590; x_wconf 86' lang='lat' dir='ltr'>est,</span> <span class='ocrx_word' id='word_1_706' title='bbox 2040 2540 2173 2593; x_wconf 84' lang='lat' dir='ltr'>impos-</span> 
     </span>
    </p>

    <p class='ocr_par' dir='ltr' id='par_1_30' title="bbox 1173 2601 2174 2716">
     <span class='ocr_line' id='line_1_90' title="bbox 1173 2601 2173 2655; baseline 0 -14"><span class='ocrx_word' id='word_1_707' title='bbox 1173 2603 1278 2641; x_wconf 85' lang='lat' dir='ltr'>sibile</span> <span class='ocrx_word' id='word_1_708' title='bbox 1291 2612 1329 2640; x_wconf 89' lang='lat' dir='ltr'>ut</span> <span class='ocrx_word' id='word_1_709' title='bbox 1342 2611 1429 2655; x_wconf 87' lang='lat' dir='ltr'>puto</span> <span class='ocrx_word' id='word_1_710' title='bbox 1440 2611 1509 2652; x_wconf 85' lang='lat' dir='ltr'>est,</span> <span class='ocrx_word' id='word_1_711' title='bbox 1525 2616 1626 2650; x_wconf 87' lang='lat' dir='ltr'>eum,</span> <span class='ocrx_word' id='word_1_712' title='bbox 1647 2601 1709 2652; x_wconf 88' lang='lat' dir='ltr'>qui</span> <span class='ocrx_word' id='word_1_713' title='bbox 1723 2601 1787 2639; x_wconf 80' lang='lat' dir='ltr'>tali</span> <span class='ocrx_word' id='word_1_714' title='bbox 1809 2616 1872 2654; x_wconf 90' lang='lat' dir='ltr'>spe</span> <span class='ocrx_word' id='word_1_715' title='bbox 1895 2603 2007 2640; x_wconf 88' lang='lat' dir='ltr'>fultus</span> <span class='ocrx_word' id='word_1_716' title='bbox 2021 2601 2173 2653; x_wconf 81' lang='lat' dir='ltr'>differet,</span> 
     </span>
     <span class='ocr_line' id='line_1_91' title="bbox 1173 2663 2174 2716; baseline -0.002 -12"><span class='ocrx_word' id='word_1_717' title='bbox 1173 2675 1360 2704; x_wconf 85' lang='lat' dir='ltr'>strenuum</span> <span class='ocrx_word' id='word_1_718' title='bbox 1375 2663 1464 2716; x_wconf 88' lang='lat' dir='ltr'>quid</span> <span class='ocrx_word' id='word_1_719' title='bbox 1474 2664 1676 2702; x_wconf 85' lang='lat' dir='ltr'>autbonum</span> <span class='ocrx_word' id='word_1_720' title='bbox 1689 2663 1839 2715; x_wconf 84' lang='lat' dir='ltr'>operari.</span> <span class='ocrx_word' id='word_1_721' title='bbox 1854 2665 1913 2700; x_wconf 92' lang='lat' dir='ltr'>Tu</span> <span class='ocrx_word' id='word_1_722' title='bbox 1924 2678 2008 2702; x_wconf 86' lang='lat' dir='ltr'>vero</span> <span class='ocrx_word' id='word_1_723' title='bbox 2023 2677 2087 2702; x_wconf 89' lang='lat' dir='ltr'>cur</span> <span class='ocrx_word' id='word_1_724' title='bbox 2099 2673 2174 2702; x_wconf 88' lang='lat' dir='ltr'>tan-</span> 
     </span>
    </p>

    <p class='ocr_par' dir='ltr' id='par_1_31' title="bbox 1172 2725 2174 2779">
     <span class='ocr_line' id='line_1_92' title="bbox 1172 2725 2174 2779; baseline -0.002 -13"><span class='ocrx_word' id='word_1_725' title='bbox 1172 2740 1252 2768; x_wconf 87' lang='lat' dir='ltr'>tum</span> <span class='ocrx_word' id='word_1_726' title='bbox 1271 2737 1406 2765; x_wconf 87' lang='lat' dir='ltr'>metum</span> <span class='ocrx_word' id='word_1_727' title='bbox 1419 2727 1587 2779; x_wconf 83' lang='lat' dir='ltr'>suscipis,</span> <span class='ocrx_word' id='word_1_728' title='bbox 1605 2735 1638 2764; x_wconf 90' lang='lat' dir='ltr'>et</span> <span class='ocrx_word' id='word_1_729' title='bbox 1658 2725 1834 2764; x_wconf 87' lang='lat' dir='ltr'>incertum</span> <span class='ocrx_word' id='word_1_730' title='bbox 1847 2726 2010 2763; x_wconf 84' lang='lat' dir='ltr'>futurum</span> <span class='ocrx_word' id='word_1_731' title='bbox 2025 2736 2174 2778; x_wconf 77' lang='lat' dir='ltr'>praeten-</span> 
     </span>
    </p>

    <p class='ocr_par' dir='ltr' id='par_1_32' title="bbox 1172 2786 2173 2838">
     <span class='ocr_line' id='line_1_93' title="bbox 1172 2786 2173 2838; baseline -0.001 -11"><span class='ocrx_word' id='word_1_732' title='bbox 1172 2789 1252 2827; x_wconf 74' lang='lat' dir='ltr'>dis?</span> <span class='ocrx_word' id='word_1_733' title='bbox 1266 2803 1328 2827; x_wconf 83' lang='lat' dir='ltr'>cur</span> <span class='ocrx_word' id='word_1_734' title='bbox 1338 2803 1407 2827; x_wconf 90' lang='lat' dir='ltr'>non</span> <span class='ocrx_word' id='word_1_735' title='bbox 1418 2797 1552 2827; x_wconf 88' lang='lat' dir='ltr'>metum</span> <span class='ocrx_word' id='word_1_736' title='bbox 1565 2787 1669 2825; x_wconf 90' lang='lat' dir='ltr'>illum</span> <span class='ocrx_word' id='word_1_737' title='bbox 1684 2787 1720 2825; x_wconf 92' lang='lat' dir='ltr'>in</span> <span class='ocrx_word' id='word_1_738' title='bbox 1733 2787 1891 2824; x_wconf 85' lang='lat' dir='ltr'>laborem</span> <span class='ocrx_word' id='word_1_739' title='bbox 1903 2796 1936 2824; x_wconf 90' lang='lat' dir='ltr'>et</span> <span class='ocrx_word' id='word_1_740' title='bbox 1948 2786 2173 2838; x_wconf 82' lang='lat' dir='ltr'>diligentiam</span> 
     </span>
    </p>

    <p class='ocr_par' dir='ltr' id='par_1_33' title="bbox 1175 2848 2171 2901">
     <span class='ocr_line' id='line_1_94' title="bbox 1175 2848 2171 2901; baseline -0.001 -13"><span class='ocrx_word' id='word_1_741' title='bbox 1175 2859 1304 2900; x_wconf 88' lang='lat' dir='ltr'>mutas,</span> <span class='ocrx_word' id='word_1_742' title='bbox 1313 2859 1352 2888; x_wconf 86' lang='lat' dir='ltr'>ut</span> <span class='ocrx_word' id='word_1_743' title='bbox 1362 2850 1409 2888; x_wconf 89' lang='lat' dir='ltr'>sis</span> <span class='ocrx_word' id='word_1_744' title='bbox 1419 2863 1569 2901; x_wconf 80' lang='lat' dir='ltr'>magnus</span> <span class='ocrx_word' id='word_1_745' title='bbox 1580 2858 1614 2887; x_wconf 89' lang='lat' dir='ltr'>et</span> <span class='ocrx_word' id='word_1_746' title='bbox 1624 2848 1826 2886; x_wconf 77' lang='lat' dir='ltr'>mirabilis?</span> <span class='ocrx_word' id='word_1_747' title='bbox 1837 2857 1959 2885; x_wconf 88' lang='lat' dir='ltr'>utrum</span> <span class='ocrx_word' id='word_1_748' title='bbox 1967 2848 2093 2886; x_wconf 88' lang='lat' dir='ltr'>melius</span> <span class='ocrx_word' id='word_1_749' title='bbox 2106 2859 2171 2897; x_wconf 90' lang='lat' dir='ltr'>est,</span> 
     </span>
    </p>

    <p class='ocr_par' dir='ltr' id='par_1_34' title="bbox 1175 2910 2175 2963">
     <span class='ocr_line' id='line_1_95' title="bbox 1175 2910 2175 2963; baseline -0.002 -12"><span class='ocrx_word' id='word_1_750' title='bbox 1175 2913 1313 2963; x_wconf 80' lang='lat' dir='ltr'>timele,</span> <span class='ocrx_word' id='word_1_751' title='bbox 1341 2926 1386 2950; x_wconf 85' lang='lat' dir='ltr'>an</span> <span class='ocrx_word' id='word_1_752' title='bbox 1403 2912 1592 2950; x_wconf 70' lang='lat' dir='ltr'>laborate?</span> <span class='ocrx_word' id='word_1_753' title='bbox 1612 2911 1651 2949; x_wconf 88' lang='lat' dir='ltr'>Si</span> <span class='ocrx_word' id='word_1_754' title='bbox 1667 2910 1748 2962; x_wconf 87' lang='lat' dir='ltr'>quis</span> <span class='ocrx_word' id='word_1_755' title='bbox 1766 2920 1800 2948; x_wconf 90' lang='lat' dir='ltr'>te</span> <span class='ocrx_word' id='word_1_756' title='bbox 1816 2910 2002 2948; x_wconf 84' lang='lat' dir='ltr'>collocaiet</span> <span class='ocrx_word' id='word_1_757' title='bbox 2021 2910 2175 2949; x_wconf 86' lang='lat' dir='ltr'>otiosum</span> 
     </span>
    </p>

    <p class='ocr_par' dir='ltr' id='par_1_35' title="bbox 1145 2971 2173 3042">
     <span class='ocr_line' id='line_1_96' title="bbox 1145 2971 2173 3042; baseline -0.002 -29.938"><span class='ocrx_word' id='word_1_758' title='bbox 1145 2974 1214 3042; x_wconf 82' lang='lat' dir='ltr'>2in</span> <span class='ocrx_word' id='word_1_759' title='bbox 1238 2973 1344 3012; x_wconf 88' lang='lat' dir='ltr'>domo</span> <span class='ocrx_word' id='word_1_760' title='bbox 1378 2973 1490 3011; x_wconf 80' lang='lat' dir='ltr'>ruinae</span> <span class='ocrx_word' id='word_1_761' title='bbox 1515 2973 1702 3026; x_wconf 74' lang='lat' dir='ltr'>proxima,</span> <span class='ocrx_word' id='word_1_762' title='bbox 1733 2972 1830 3010; x_wconf 79' lang='lat' dir='ltr'>(hoel</span> <span class='ocrx_word' id='word_1_763' title='bbox 1833 2981 1955 3022; x_wconf 87' lang='lat' dir='ltr'>etque</span> <span class='ocrx_word' id='word_1_764' title='bbox 1991 2971 2173 3025; x_wconf 80' lang='lat' dir='ltr'>Exspecta</span> 
     </span>
    </p>
   </div>
   <div class='ocr_carea' id='block_1_9' title="bbox 84 3017 2174 3089">
    <p class='ocr_par' dir='ltr' id='par_1_36' title="bbox 84 3017 2174 3089">
     <span class='ocr_line' id='line_1_97' title="bbox 84 3017 2174 3089; baseline 0.001 -19"><span class='ocrx_word' id='word_1_765' title='bbox 84 3048 138 3086; x_wconf 83' lang='grc' dir='ltr'>ρον</span> <span class='ocrx_word' id='word_1_766' title='bbox 170 3049 255 3072; x_wconf 87' lang='grc' dir='ltr'>οικει</span> <span class='ocrx_word' id='word_1_767' title='bbox 289 3034 458 3085; x_wconf 77' lang='grc' dir='ltr'>Θάλαμον</span> <span class='ocrx_word' id='word_1_768' title='bbox 477 3034 511 3072; x_wconf 84' lang='grc' dir='ltr'>τί</span> <span class='ocrx_word' id='word_1_769' title='bbox 531 3035 570 3073; x_wconf 82' lang='grc' dir='ltr'>ἂν</span> <span class='ocrx_word' id='word_1_770' title='bbox 598 3035 690 3074; x_wconf 82' lang='grc' dir='ltr'>είλου</span> <span class='ocrx_word' id='word_1_771' title='bbox 712 3037 868 3087; x_wconf 81' lang='grc' dir='ltr'>μᾶλλον,</span> <span class='ocrx_word' id='word_1_772' title='bbox 889 3036 952 3084; x_wconf 77' lang='grc' dir='ltr'>τὴν</span> <span class='ocrx_word' id='word_1_773' title='bbox 984 3037 1106 3089; x_wconf 72' lang='grc' dir='ltr'>ἀργίαν</span> <span class='ocrx_word' id='word_1_774' title='bbox 1133 3057 1156 3084; x_wconf 84' lang='lat' dir='ltr'><strong>A</strong></span> <span class='ocrx_word' id='word_1_775' title='bbox 1145 3017 1289 3074; x_wconf 83' lang='lat' dir='ltr'>2donec</span> <span class='ocrx_word' id='word_1_776' title='bbox 1306 3036 1521 3088; x_wconf 80' lang='lat' dir='ltr'>contignatio</span> <span class='ocrx_word' id='word_1_777' title='bbox 1532 3036 1608 3087; x_wconf 85' lang='lat' dir='ltr'>jam</span> <span class='ocrx_word' id='word_1_778' title='bbox 1632 3034 1748 3087; x_wconf 81' lang='lat' dir='ltr'>putiis</span> <span class='ocrx_word' id='word_1_779' title='bbox 1769 3034 1803 3071; x_wconf 92' lang='lat' dir='ltr'>in</span> <span class='ocrx_word' id='word_1_780' title='bbox 1827 3043 1934 3085; x_wconf 88' lang='lat' dir='ltr'>caput</span> <span class='ocrx_word' id='word_1_781' title='bbox 1954 3043 2055 3072; x_wconf 86' lang='lat' dir='ltr'>tuum</span> <span class='ocrx_word' id='word_1_782' title='bbox 2072 3034 2174 3072; x_wconf 85' lang='lat' dir='ltr'>cadat</span> 
     </span>
    </p>
   </div>
   <div class='ocr_carea' id='block_1_10' title="bbox 81 3094 1107 3213">
    <p class='ocr_par' dir='ltr' id='par_1_37' title="bbox 81 3094 1107 3213">
     <span class='ocr_line' id='line_1_98' title="bbox 82 3094 1107 3150; baseline 0.005 -18"><span class='ocrx_word' id='word_1_783' title='bbox 82 3094 212 3142; x_wconf 79' lang='grc' dir='ltr'>ἐκείνην</span> <span class='ocrx_word' id='word_1_784' title='bbox 238 3096 325 3145; x_wconf 76' lang='grc' dir='ltr'>μετὰ</span> <span class='ocrx_word' id='word_1_785' title='bbox 339 3100 398 3134; x_wconf 91' lang='grc' dir='ltr'>τοῦ</span> <span class='ocrx_word' id='word_1_786' title='bbox 418 3095 582 3148; x_wconf 69' lang='grc' dir='ltr'>φόὸου,</span> <span class='ocrx_word' id='word_1_787' title='bbox 563 3113 585 3142; x_wconf 93' lang='grc' dir='ltr'>η</span> <span class='ocrx_word' id='word_1_788' title='bbox 601 3096 664 3144; x_wconf 84' lang='grc' dir='ltr'>τὴν</span> <span class='ocrx_word' id='word_1_789' title='bbox 680 3097 845 3150; x_wconf 82' lang='grc' dir='ltr'>ἐργασίαν</span> <span class='ocrx_word' id='word_1_790' title='bbox 866 3114 996 3145; x_wconf 89' lang='grc' dir='ltr'>ταυτην</span> <span class='ocrx_word' id='word_1_791' title='bbox 1019 3099 1107 3149; x_wconf 84' lang='grc' dir='ltr'>μετὰ</span> 
     </span>
     <span class='ocr_line' id='line_1_99' title="bbox 81 3156 1107 3213; baseline 0.006 -21"><span class='ocrx_word' id='word_1_792' title='bbox 81 3158 140 3194; x_wconf 73' lang='grc' dir='ltr'>τοῦ</span> <span class='ocrx_word' id='word_1_793' title='bbox 163 3157 319 3208; x_wconf 71' lang='grc' dir='ltr'>θαρρεῖν;</span> <span class='ocrx_word' id='word_1_794' title='bbox 339 3158 473 3195; x_wconf 79' lang='grc' dir='ltr'>Οὐκοῦν</span> <span class='ocrx_word' id='word_1_795' title='bbox 496 3156 586 3195; x_wconf 77' lang='grc' dir='ltr'>οὕτω</span> <span class='ocrx_word' id='word_1_796' title='bbox 606 3158 665 3195; x_wconf 82' lang='grc' dir='ltr'>καὶ</span> <span class='ocrx_word' id='word_1_797' title='bbox 683 3161 741 3196; x_wconf 88' lang='grc' dir='ltr'>νῦν</span> <span class='ocrx_word' id='word_1_798' title='bbox 762 3158 868 3197; x_wconf 85' lang='grc' dir='ltr'>ποίει.</span> <span class='ocrx_word' id='word_1_799' title='bbox 887 3159 940 3197; x_wconf 86' lang='grc' dir='ltr'>Τὸ</span> <span class='ocrx_word' id='word_1_800' title='bbox 959 3159 1020 3210; x_wconf 80' lang='grc' dir='ltr'>μὲν</span> <span class='ocrx_word' id='word_1_801' title='bbox 1041 3160 1107 3213; x_wconf 72' lang='grc' dir='ltr'>γὰρ</span> 
     </span>
    </p>
   </div>
   <div class='ocr_carea' id='block_1_11' title="bbox 86 3271 1094 3426">
    <p class='ocr_par' dir='ltr' id='par_1_38' title="bbox 86 3271 1094 3426">
     <span class='ocr_line' id='line_1_100' title="bbox 126 3271 736 3313; baseline 0.003 -10"><span class='ocrx_word' id='word_1_802' title='bbox 126 3284 139 3299; x_wconf 77' lang='lat' dir='ltr'>a</span> <span class='ocrx_word' id='word_1_803' title='bbox 163 3271 264 3305; x_wconf 79' lang='lat' dir='ltr'>Savil.</span> <span class='ocrx_word' id='word_1_804' title='bbox 281 3280 312 3304; x_wconf 82' lang='lat' dir='ltr'>et</span> <span class='ocrx_word' id='word_1_805' title='bbox 329 3271 413 3305; x_wconf 88' lang='lat' dir='ltr'>Cod.</span> <span class='ocrx_word' id='word_1_806' title='bbox 432 3285 515 3305; x_wconf 87' lang='lat' dir='ltr'>unus</span> <span class='ocrx_word' id='word_1_807' title='bbox 533 3277 628 3308; x_wconf 74' lang='grc' dir='ltr'>δίδωσι</span> <span class='ocrx_word' id='word_1_808' title='bbox 645 3277 736 3313; x_wconf 77' lang='grc' dir='ltr'>δίκην,</span> 
     </span>
     <span class='ocr_line' id='line_1_101' title="bbox 129 3323 1094 3371; baseline 0.004 -16"><span class='ocrx_word' id='word_1_809' title='bbox 129 3324 144 3348; x_wconf 77' lang='lat' dir='ltr'><strong>b</strong></span> <span class='ocrx_word' id='word_1_810' title='bbox 167 3323 284 3356; x_wconf 79' lang='lat' dir='ltr'>Morel.</span> <span class='ocrx_word' id='word_1_811' title='bbox 303 3330 331 3359; x_wconf 78' lang='grc' dir='ltr'>ἐν</span> <span class='ocrx_word' id='word_1_812' title='bbox 348 3331 416 3368; x_wconf 82' lang='grc' dir='ltr'>οἴκῳ</span> <span class='ocrx_word' id='word_1_813' title='bbox 434 3333 590 3367; x_wconf 58' lang='lat' dir='ltr'>sex-andri,</span> <span class='ocrx_word' id='word_1_814' title='bbox 609 3338 680 3369; x_wconf 85' lang='lat' dir='ltr'>quae</span> <span class='ocrx_word' id='word_1_815' title='bbox 696 3328 797 3358; x_wconf 76' lang='lat' dir='ltr'>etiam</span> <span class='ocrx_word' id='word_1_816' title='bbox 815 3326 913 3360; x_wconf 86' lang='lat' dir='ltr'>lectio</span> <span class='ocrx_word' id='word_1_817' title='bbox 930 3326 1094 3371; x_wconf 79' lang='lat' dir='ltr'>quadrare</span> 
     </span>
     <span class='ocr_line' id='line_1_102' title="bbox 86 3376 1049 3426; baseline 0.005 -20"><span class='ocrx_word' id='word_1_818' title='bbox 86 3382 206 3416; x_wconf 75' lang='lat' dir='ltr'>potest.</span> <span class='ocrx_word' id='word_1_819' title='bbox 220 3376 341 3418; x_wconf 83' lang='lat' dir='ltr'>[Paulo</span> <span class='ocrx_word' id='word_1_820' title='bbox 358 3385 434 3410; x_wconf 83' lang='lat' dir='ltr'>ante</span> <span class='ocrx_word' id='word_1_821' title='bbox 457 3383 506 3413; x_wconf 73' lang='grc' dir='ltr'>καὶ</span> <span class='ocrx_word' id='word_1_822' title='bbox 529 3383 578 3423; x_wconf 76' lang='grc' dir='ltr'>ἔσῃ</span> <span class='ocrx_word' id='word_1_823' title='bbox 595 3377 697 3411; x_wconf 79' lang='lat' dir='ltr'>Savil.</span> <span class='ocrx_word' id='word_1_824' title='bbox 713 3387 744 3411; x_wconf 80' lang='lat' dir='ltr'>et</span> <span class='ocrx_word' id='word_1_825' title='bbox 762 3379 799 3412; x_wconf 91' lang='lat' dir='ltr'>C.</span> <span class='ocrx_word' id='word_1_826' title='bbox 819 3382 853 3413; x_wconf 77' lang='grc' dir='ltr'>ἵν’</span> <span class='ocrx_word' id='word_1_827' title='bbox 871 3386 921 3426; x_wconf 69' lang='grc' dir='ltr'>ε”σρ</span> <span class='ocrx_word' id='word_1_828' title='bbox 939 3382 973 3412; x_wconf 88' lang='grc' dir='ltr'>Α.</span> <span class='ocrx_word' id='word_1_829' title='bbox 992 3381 1049 3422; x_wconf 88' lang='grc' dir='ltr'>Ι),]</span> 
     </span>
    </p>
   </div>
   <div class='ocr_carea' id='block_1_12' title="bbox 1178 3095 2172 3213">
    <p class='ocr_par' dir='ltr' id='par_1_39' title="bbox 1178 3095 2172 3213">
     <span class='ocr_line' id='line_1_103' title="bbox 1178 3095 2171 3149; baseline -0.002 -13"><span class='ocrx_word' id='word_1_830' title='bbox 1178 3102 1276 3147; x_wconf 82' lang='lat' dir='ltr'>(nam</span> <span class='ocrx_word' id='word_1_831' title='bbox 1292 3099 1347 3136; x_wconf 87' lang='lat' dir='ltr'>f01</span> <span class='ocrx_word' id='word_1_832' title='bbox 1350 3107 1382 3136; x_wconf 91' lang='lat' dir='ltr'>te</span> <span class='ocrx_word' id='word_1_833' title='bbox 1402 3097 1518 3147; x_wconf 85' lang='lat' dir='ltr'>cadet,</span> <span class='ocrx_word' id='word_1_834' title='bbox 1535 3098 1624 3135; x_wconf 87' lang='lat' dir='ltr'>forte</span> <span class='ocrx_word' id='word_1_835' title='bbox 1642 3110 1711 3134; x_wconf 87' lang='lat' dir='ltr'>non</span> <span class='ocrx_word' id='word_1_836' title='bbox 1728 3095 1864 3147; x_wconf 81' lang='lat' dir='ltr'>cadet),</span> <span class='ocrx_word' id='word_1_837' title='bbox 1886 3095 1938 3133; x_wconf 83' lang='lat' dir='ltr'>sin</span> <span class='ocrx_word' id='word_1_838' title='bbox 1956 3110 2026 3134; x_wconf 88' lang='lat' dir='ltr'>non</span> <span class='ocrx_word' id='word_1_839' title='bbox 2044 3097 2171 3149; x_wconf 86' lang='lat' dir='ltr'>placet,</span> 
     </span>
     <span class='ocr_line' id='line_1_104' title="bbox 1178 3157 2172 3213; baseline -0.003 -14"><span class='ocrx_word' id='word_1_840' title='bbox 1178 3174 1339 3213; x_wconf 79' lang='lat' dir='ltr'>ope1··,a1e</span> <span class='ocrx_word' id='word_1_841' title='bbox 1360 3169 1394 3198; x_wconf 88' lang='lat' dir='ltr'>et</span> <span class='ocrx_word' id='word_1_842' title='bbox 1420 3160 1455 3197; x_wconf 87' lang='lat' dir='ltr'>in</span> <span class='ocrx_word' id='word_1_843' title='bbox 1477 3159 1605 3197; x_wconf 76' lang='lat' dir='ltr'>tutiole</span> <span class='ocrx_word' id='word_1_844' title='bbox 1627 3157 1748 3196; x_wconf 74' lang='lat' dir='ltr'>habita</span> <span class='ocrx_word' id='word_1_845' title='bbox 1769 3158 1948 3196; x_wconf 82' lang='lat' dir='ltr'>thalamo:</span> <span class='ocrx_word' id='word_1_846' title='bbox 1968 3167 2088 3196; x_wconf 85' lang='lat' dir='ltr'>utrum</span> <span class='ocrx_word' id='word_1_847' title='bbox 2109 3173 2172 3211; x_wconf 86' lang='lat' dir='ltr'>po-</span> 
     </span>
    </p>
   </div>
   <div class='ocr_carea' id='block_1_13' title="bbox 1159 3272 2172 3372">
    <p class='ocr_par' dir='ltr' id='par_1_40' title="bbox 1159 3272 2172 3372">
     <span class='ocr_line' id='line_1_105' title="bbox 1204 3272 2172 3320; baseline -0.001 -13"><span class='ocrx_word' id='word_1_848' title='bbox 1204 3275 1220 3293; x_wconf 65' lang='lat'>*</span> <span class='ocrx_word' id='word_1_849' title='bbox 1245 3275 1384 3320; x_wconf 79' lang='lat' dir='ltr'>[Ve1·ba‚</span> <span class='ocrx_word' id='word_1_850' title='bbox 1402 3283 1467 3314; x_wconf 66' lang='grc' dir='ltr'>ἴσως</span> <span class='ocrx_word' id='word_1_851' title='bbox 1485 3279 1513 3309; x_wconf 69' lang='grc' dir='ltr'>δὲ</span> <span class='ocrx_word' id='word_1_852' title='bbox 1531 3278 1562 3309; x_wconf 69' lang='grc' dir='ltr'>οὐ</span> <span class='ocrx_word' id='word_1_853' title='bbox 1581 3281 1729 3313; x_wconf 72' lang='grc' dir='ltr'>πεσεῖται,</span> <span class='ocrx_word' id='word_1_854' title='bbox 1743 3284 1758 3304; x_wconf 82' lang='lat' dir='ltr'>e</span> <span class='ocrx_word' id='word_1_855' title='bbox 1773 3272 1874 3305; x_wconf 79' lang='lat' dir='ltr'>Savil.</span> <span class='ocrx_word' id='word_1_856' title='bbox 1891 3280 1923 3304; x_wconf 85' lang='lat' dir='ltr'>et</span> <span class='ocrx_word' id='word_1_857' title='bbox 1940 3272 2048 3305; x_wconf 78' lang='lat' dir='ltr'>Codd.</span> <span class='ocrx_word' id='word_1_858' title='bbox 2063 3285 2172 3306; x_wconf 64' lang='lat' dir='ltr'>acces-</span> 
     </span>
     <span class='ocr_line' id='line_1_106' title="bbox 1159 3328 1302 3372; baseline 0.014 -11"><span class='ocrx_word' id='word_1_859' title='bbox 1159 3328 1302 3372; x_wconf 48' lang='lat' dir='ltr'>serunt]</span> 
     </span>
    </p>
   </div>
  </div>
 </body>
</html>
