2466 3805
316 242 377 299 34
761 253 800 282 s.
835 249 1018 282 JOANNIS
1052 244 1294 278 cnursosr.
1334 240 1536 272 ARCfflEP.
1574 239 1931 269 CONSTANTINOP-

314 334 436 383 audes,
463 333 624 386 idipsum
649 332 735 370 facis
755 330 851 382 quod
880 329 982 367 Cain.
1005 328 1097 364 Cum
1115 325 1210 362 enim
1233 336 1294 373 ap-

314 395 464 447 probare
486 392 696 446 oportuisset
709 420 720 441 ,
753 403 844 440 aegre
865 397 898 426 et
927 387 1071 436 indigne
1101 383 1184 421 tulit
1203 382 1264 419 ille
1280 411 1292 431 ,

1369 320 1462 368 ξατο,
1483 319 1523 358 σὺ
1548 319 1584 358 δὲ
1610 321 1739 372 τολμᾷς
1765 320 1877 373 τούτῳ
1893 322 2112 371 ἀγανακτεῖν,
2131 318 2252 357 ταύτὸν
2272 323 2382 360 ποιεῖς

1369 374 1436 418 οἷον
1454 383 1471 418 ὃ
1487 379 1588 418 Κάϊν.
1608 379 1694 417 Δέον
1713 379 1781 432 γὰρ
1802 379 2052 427 ἀποδέξασθαι,
2078 382 2095 418 ὁ
2115 379 2149 418 δὲ
2169 379 2223 418 ὅτι
2241 389 2382 430 προετιὲ

313 455 412 506 quod
429 454 547 492 fratris
566 452 622 490 sui
647 451 794 489 victima
822 447 998 498 acceptior
1016 452 1105 482 esset
1118 458 1130 492 3
1153 441 1296 492 quando
1321 447 1348 478 D
1372 439 1466 490 μήθη
1493 442 1515 485 ἡ
1541 440 1643 477 θυσία
1669 442 1728 477 τοῦ
1757 440 1916 492 ἀδελφοῦ,
1939 440 2117 487 ἐλυπήθη·
2145 439 2382 488 ἠγανάκτησε,

315 515 505 568 compungi
524 512 722 564 oportebat.
745 510 822 560 Ego
841 522 924 547 vero
945 520 1014 544 non
1032 505 1101 542 hoe
1117 503 1212 553 dico,
1236 502 1297 542 sed

316 576 412 626 quod
445 576 541 611 Deus
571 571 658 609 sciat
687 583 762 607 rem
790 567 924 605 utiliter
949 566 1167 617 dispensare.
1197 564 1296 615 Saepe

312 647 461 683 namque
484 641 538 678 tu⁷
563 630 624 680 qui
650 628 810 666 moribus
837 640 872 664 es
901 624 1172 663 modestioribus
1189 653 1199 671 ,
1226 637 1297 661 non

311 704 426 732 tamen
448 693 592 729 idoneus
622 705 672 727 es.
690 691 828 727 Rursus
853 697 904 726 est
930 687 993 725 tibi
1024 687 1099 725 vita
1117 685 1297 738 inculpata

310 767 496 804 moresque
510 752 672 790 liberales
691 760 772 788 sunt
790 766 798 787 ε
818 763 929 800 neque
945 758 1062 786 tamen
1083 747 1120 784 in
1137 747 1297 785 Ecclesia

308 814 385 852 haec
403 814 486 851 satis
505 821 597 850 sunt.
617 811 784 862 Alioquin
816 823 900 849 vero
935 809 1026 847 alius
1055 807 1103 845 ad
1121 807 1223 845 aliud
1242 815 1296 844 est

310 874 472 912 idoneus.
494 876 620 911 Annon
654 872 766 921 vides,
792 879 962 922 quantam
987 868 1159 906 harumce
1176 881 1298 905 rerum

161 947 301 985 Episcopi
313 934 486 972 rationem
505 933 634 970 habeat
662 932 786 970 divina
822 929 1036 982 Scriptura?
1071 927 1141 967 Sed
1162 927 1294 974 dicam,

113 988 254 1016 officium.
314 1009 384 1045 qua
403 994 447 1032 de
468 1008 572 1032 causa
605 993 672 1030 hac
694 992 738 1030 de
759 1007 797 1030 re
825 990 975 1029 dissidia
1007 991 1167 1028 oriantur
1187 1004 1195 1024 :
1215 988 1299 1039 quia

313 1070 439 1108 nempe
455 1069 525 1093 non
545 1054 647 1105 quasi
676 1053 721 1091 ad
737 1053 983 1106 praefecturam
1005 1060 1038 1088 et
1060 1049 1299 1103 patrocinium

312 1117 465 1155 fratrum
484 1115 700 1164 accedimus,
721 1112 783 1151 sed
811 1113 912 1164 quasi
932 1112 978 1150 ad
996 1112 1167 1149 honorem
1188 1119 1222 1148 et
1239 1123 1296 1147 re-

314 1176 445 1227 quiem.
464 1175 503 1214 Si
530 1175 635 1212 scires
653 1174 748 1211 enim
771 1173 980 1225 episcopum
1016 1170 1175 1209 omnium
1209 1183 1296 1219 esse,

313 1236 474 1274 omnium
494 1249 600 1273 onera
619 1236 708 1272 ferre
726 1243 887 1286 oportere
894 1248 905 1283 3
923 1231 1019 1283 quod
1038 1232 1119 1269 aliis
1144 1231 1299 1268 irascen-

311 1296 410 1334 tibus
436 1296 541 1334 venia
560 1295 679 1344 detur,
704 1295 758 1332 illi
786 1308 868 1332 vero
902 1292 1070 1341 minime3
1090 1290 1186 1342 quod
1218 1290 1299 1328 aliis

312 1358 541 1411 peccantibus
567 1356 748 1395 excusatio
774 1355 900 1406 multa,
923 1354 991 1406 ipsi
1010 1367 1094 1392 vero
1114 1352 1213 1390 nulla
1227 1351 1272 1389 sit
1289 1366 1297 1387 :

311 1419 358 1456 ad
390 1419 484 1456 hanc
513 1417 724 1469 dignitatem
757 1431 826 1455 non
857 1415 1080 1454 accurrisses.
1099 1414 1166 1452 Hic
1204 1413 1299 1450 enim

314 1478 476 1517 omnium
509 1478 641 1529 linguis
661 1477 843 1529 expositus
873 1485 938 1526 est,
969 1475 1129 1513 omnium
1144 1473 1296 1526 judicio,

313 1539 527 1592 sapientium
541 1548 575 1577 et
588 1538 834 1591 insipientium
849 1553 856 1573 τ
872 1535 1088 1588 quotidianis
1107 1534 1202 1572 curis
1217 1542 1302 1571 atte-

311 1601 416 1650 ritur,
428 1600 499 1637 imo
518 1609 552 1637 et
568 1599 767 1637 nocturnis:
783 1599 979 1636 multorum
1000 1596 1298 1645 odio,multorum

312 1661 460 1700 invidiae
476 1670 583 1713 patet.
600 1662 652 1699 Ne
674 1661 765 1698 mihi
780 1661 874 1698 enim
894 1659 939 1697 de
954 1659 1025 1696 illis
1038 1658 1211 1708 loquaris,
1233 1656 1296 1707 qui

312 1722 431 1760 omnia
458 1722 506 1760 ad
531 1722 683 1773 gratiam
711 1721 859 1767 faciunt,
893 1729 925 1758 et
946 1719 1101 1758 dormire
1131 1718 1295 1770 cupiunt,

312 1783 375 1833 qui
400 1783 444 1820 ad
460 1782 527 1820 hoc
539 1782 719 1833 negotium
738 1782 840 1832 quasi
863 1781 909 1818 ad
937 1780 1095 1830 requiem
1113 1778 1297 1816 accedunt.

311 1845 366 1882 Dc
383 1844 440 1881 his
460 1857 528 1881 non
544 1843 681 1893 loquor,
698 1843 758 1880 sed
774 1842 836 1879 dei
843 1843 882 1890 is,
901 1841 962 1892 qui
981 1840 1132 1891 vigilant
1145 1853 1210 1891 pro
1222 1839 1299 1877 ani-

311 1903 438 1940 mabus
462 1903 604 1951 vestris,
623 1902 685 1953 qui
701 1902 928 1940 subditorum
948 1901 1099 1938 salutem
1113 1914 1183 1937 suae
1202 1908 1299 1936 ante-

312 1972 460 2016 ponunt.
476 1962 544 2000 Dic
568 1963 683 2000 mihi:
705 1963 735 2000 si
764 1962 806 2009 is,
838 1962 898 2012 qui
927 1961 1048 1999 decem
1069 1960 1163 1998 filios
1190 1959 1299 1998 habet

313 2025 490 2069 subditos,
505 2039 625 2062 secum
644 2038 781 2076 semper
801 2023 1013 2069 habitantes,
1030 2022 1104 2060 sine
1121 2022 1300 2059 intermis-

316 2086 414 2124 sione
443 2100 566 2123 curam
596 2086 741 2123 illorum
755 2085 884 2122 habere
903 2084 1043 2135 cogitur
1060 2099 1071 2133 3
1092 2082 1136 2130 is,
1169 2082 1231 2133 qui
1248 2091 1299 2120 tot

314 2146 437 2193 habet,
457 2159 526 2183 non
552 2146 619 2183 sub
648 2159 756 2183 manu
782 2145 930 2196 positos,
960 2156 1029 2180 non
1046 2142 1300 2190 cohabitantes,

315 2207 379 2246 sed
391 2207 591 2245 auctoritati
602 2221 672 2244 suae
693 2206 934 2256 obsequentes,
947 2204 1089 2254 qualem
1103 2216 1177 2240 esse
1196 2216 1301 2254 opor-

315 2269 391 2306 tet?
407 2268 493 2317 Sed,
516 2267 667 2319 inquies,
684 2267 720 2304 in
741 2267 875 2304 honore
890 2265 1053 2303 habetur.
1073 2265 1114 2302 In
1144 2277 1214 2313 quo
1235 2263 1303 2300 ho-

318 2330 431 2368 nore?
450 2332 628 2380 Pauperes
644 2328 812 2366 vilissimi
834 2328 870 2365 in
894 2327 970 2364 foro
989 2326 1108 2377 ipsum
1137 2324 1304 2361 conviciis

317 2390 564 2428 lacerant.Cur
578 2402 661 2440 ergo
673 2388 745 2426 illis
758 2402 827 2426 non
842 2402 881 2425 os
895 2385 1078 2425 occludit?
1093 2384 1192 2423 Belle
1205 2398 1304 2433 sane;

319 2451 383 2490 sed
398 2465 466 2488 non
487 2464 576 2502 opus
596 2449 753 2501 episcopi
779 2463 911 2486 narras.
931 2449 1072 2485 Rursus
1097 2445 1165 2483 nisi
1193 2444 1307 2483 omni-

319 2512 388 2550 bus
400 2511 587 2563 largiatur,
600 2519 673 2548 tam
685 2510 821 2560 otiosis,
837 2523 945 2560 quam
962 2508 1018 2557 iis,
1031 2507 1092 2558 qui
1106 2515 1308 2558 operantur,

321 2576 421 2614 mille
443 2574 601 2624 undique
630 2573 940 2612 criminationibus
961 2570 1145 2622 impetitur
1167 2584 1175 2605 :
1205 2582 1308 2607 nemo

322 2636 423 2674 timet
442 2635 546 2673 illum
558 2647 721 2672 accusare
742 2643 776 2672 et
790 2631 983 2672 criminari.
998 2631 1091 2668 Nam
1112 2642 1194 2681 erga
1211 2629 1309 2681 prin-

323 2695 418 2746 cipes
437 2704 551 2732 metus
571 2693 725 2741 cohibet,
741 2705 824 2743 erga
846 2692 911 2729 hos
930 2691 1090 2729 minime.
1105 2691 1210 2743 Apud
1228 2691 1309 2728 illos

323 2756 419 2794 enim
437 2756 545 2794 timor
575 2755 643 2793 Dei
673 2753 766 2791 nihil
797 2753 904 2791 valet.
937 2752 1028 2799 Quis
1061 2761 1311 2804 repraesentare

324 2818 436 2869 possit
460 2831 585 2855 curam
617 2816 662 2854 de
680 2815 789 2854 verbo
802 2823 836 2852 et
860 2813 1038 2864 doctrina,
1062 2814 1312 2852 difficultatem

325 2879 362 2916 in
397 2876 712 2917 ordinationibus?
740 2877 903 2914 Fortasse
939 2875 998 2915 vel
1025 2888 1089 2926 ego
1117 2873 1311 2912 admodum

324 2939 525 2977 imbecillus
539 2952 630 2987 sum,
642 2937 763 2986 miser,
778 2944 812 2974 et
820 2935 956 2974 nullius
973 2935 1080 2988 pretii
1089 2950 1099 2984 3
1115 2935 1172 2974 vel
1189 2949 1242 2972 res
1259 2935 1309 2971 ita

325 3014 361 3038 se
383 3000 490 3038 habet
502 3029 514 3049 ,
536 3008 575 3037 ut
605 2998 697 3036 dico.
718 2996 918 3037 Sacerdotis
943 2996 1061 3033 anima
1079 2995 1170 3033 nihil
1189 2995 1310 3033 differt

325 3075 345 3098 a
374 3061 456 3100 navi
490 3060 660 3099 fluctibus
693 3059 847 3111 agitata:
868 3056 1027 3108 undique
1053 3057 1240 3109 pungitur,
1263 3056 1309 3094 ab

1370 500 1444 539 δέον
1463 503 1714 552 κατανυγῆναι.
1749 499 1846 550 Ἐγὼ
1871 500 1906 537 δὲ
1922 503 1959 538 οὐ
1978 505 2077 539 τοῦτο
2092 500 2184 552 λέγω
2197 530 2206 548 ,
2235 500 2311 537 ἀλλ’
2331 497 2384 535 ὅτι

1369 560 1612 614 συμφερόντως
1631 554 1717 598 οἶδεν
1739 562 1929 610 οἰκονομεῖν
1949 563 1966 597 ὁ
1985 560 2085 603 Θεός.
2118 559 2296 602 Πολλάκις
2317 558 2384 610 γὰρ

1368 622 1408 660 τὸ
1428 621 1490 672 μὲν
1505 616 1586 667 ἦθος
1611 620 1863 673 ἐπιεικέστερος
1881 619 1935 668 σὺ,
1953 621 2016 657 οὒκ
2033 620 2224 666 ἐπιτήδειος
2242 619 2289 658 δέ.
2311 618 2386 656 Πά-

1368 683 1421 720 λιν
1439 682 1512 720 ἔστι
1532 681 1586 720 σοὶ
1607 681 1668 732 μὲν
1691 681 1762 733 βίος
1782 682 1936 728 ἄληπτος
1958 681 2017 719 καὶ
2032 675 2112 727 ἦθος
2126 680 2327 732 ἐλευθέριον,
2349 680 2384 715 ἐν

1369 742 1405 781 δὲ
1423 742 1620 794 Ἐκκλησία
1637 744 1674 781 οὗ
1694 742 1822 781 τούτων
1840 744 1890 780 δεῖ
1907 742 2021 793 μόνον.
2052 741 2183 784 Ἄλλως
2199 740 2235 779 δὲ
2251 740 2310 778 καὶ
2324 741 2386 778 ἄλ-

1368 804 1425 846 λος
1452 803 1536 855 πρὸς
1559 804 1645 842 ἄλλο
1666 803 1830 856 ἂρμόδιός
1850 806 1956 842 ἐστιν.
1987 805 2066 855 Οὐχ
2089 806 2182 855 ὁρᾷς,
2203 801 2280 840 ὅσον
2297 800 2383 851 ὑπὲρ

1366 864 1494 902 τούτων
1524 864 1714 910 πεποίηται
1732 864 1832 916 λόγον
1855 868 1877 910 ἡ
1904 863 1978 901 θεία
2002 864 2148 915 Γραφή,
2171 864 2263 901 Ἀλλ’
2284 861 2384 908 εἴπω,

1368 924 1459 968 τίνος
1472 925 1584 963 ἕνεκεν
1603 925 1844 976 περιμάχητον
1859 924 1898 962 τὸ
1913 931 2062 977 πρᾶγμα
2081 925 2217 975 γέγονεν
2229 940 2236 947 ·
2253 924 2305 961 ὅτι
2323 925 2388 974 οὐχ

1369 988 1417 1028 ὡς
1445 985 1502 1023 ἐπὶ
1526 985 1660 1038 ἀρχὴν,
1694 985 1753 1023 καὶ
1777 985 1991 1038 προστασίαν
2021 986 2176 1036 ἀδελφῶν
2203 984 2387 1036 ἐρχόμεθα,

1371 1046 1447 1083 ἀλλ’
1472 1047 1519 1088 ὡς
1540 1045 1596 1083 ἐπὶ
1619 1045 1724 1095 τιμὴν
1739 1045 1799 1084 καὶ
1817 1046 2024 1084 ἀνάπαυσιν.
2051 1046 2096 1083 Εἰ
2111 1047 2176 1097 γὰρ
2192 1043 2307 1096 ᾔδεις,
2334 1043 2386 1082 ὅτι

1369 1106 1508 1144 πάντων
1530 1106 1658 1158 ὀφείλει
1688 1100 1776 1144 εἶναι
1805 1108 1822 1144 ὃ
1853 1105 2052 1153 ἐπίσκοπος,
2071 1105 2115 1144 τὰ
2136 1106 2276 1144 πάντων
2294 1105 2385 1157 βάρη

1371 1167 1554 1218 βαστάζων
1569 1182 1576 1190 ·
1605 1166 1659 1205 ὅτι
1687 1173 1758 1211 τοῖς
1776 1165 1838 1218 μὲν
1860 1167 1976 1210 ἄλλοις
1994 1167 2225 1218 ὀργιζομένοις
2240 1165 2390 1217 συγγνώ-

1371 1244 1433 1279 μη,
1461 1229 1554 1280 αὐτῷ
1584 1227 1620 1266 δὲ
1649 1229 1819 1279 οὐδαμοῦ·
1843 1228 1895 1265 ὅτι
1921 1233 1991 1270 τοῖς
2011 1228 2130 1270 ἄλλοις
2149 1227 2389 1280 ἁμαρτάνουσι

1369 1288 1581 1340 παραίτησις
1602 1287 1736 1334 επολλὴ
1749 1318 1759 1336 ,
1790 1289 1884 1340 αὗτῷ
1909 1287 1944 1326 δὲ
1965 1290 2027 1326 οὐκ
2048 1287 2111 1336 ἔτι,
2131 1291 2193 1325 οὐκ
2209 1288 2249 1326 ἂν
2266 1288 2388 1326 ἔσπευ-

1370 1365 1433 1392 σας
1460 1350 1516 1388 ἐπὶ
1544 1349 1607 1397 τὴν
1638 1349 1763 1402 ἀρχὴν,
1792 1351 1854 1388 οὐκ
1877 1349 1916 1386 ἂν
1936 1348 2094 1401 ἔδραμες.
2125 1349 2197 1387 Καὶ
2212 1348 2279 1402 γὰρ
2293 1343 2390 1391 οἶτος

1369 1417 1440 1454 τοῖς
1467 1410 1628 1449 ἁπάντων
1649 1410 1831 1448 ὑπόκειται
1851 1409 2000 1461 στόμασι
2016 1438 2025 1457 ,
2044 1415 2119 1453 ταῖς
2135 1410 2298 1448 ἁπάντων
2316 1409 2390 1461 κρί-

1369 1486 1456 1517 σεσι,
1476 1471 1535 1509 καὶ
1555 1474 1682 1523 σοφῶν,
1702 1471 1761 1509 καὶ
1782 1470 1938 1523 ἀσόφων·
1966 1470 2122 1524 φροντίσι
2140 1469 2219 1508 καθ’
2240 1470 2390 1516 ἑκάστην

1369 1532 1536 1571 κόπτεται
1553 1531 1615 1579 τὴν
1644 1531 1801 1584 ἡμέραν,
1825 1533 1901 1570 καθ’
1929 1532 2080 1579 ἑκάστην
2098 1531 2225 1570 νύκτα·
2245 1531 2393 1575 πολλοὺς

1371 1593 1443 1645 ἔχει
1461 1591 1540 1636 τοὺς
1567 1597 1765 1643 μισοῦντας,
1789 1593 1938 1636 πολλοὺς
1961 1592 2034 1645 ἔχει
2051 1591 2129 1635 τοὺς
2146 1593 2394 1644 διαφθονουμέν

1370 1669 1459 1696 νους.
1475 1652 1536 1700 Μὴ
1557 1653 1623 1705 γάρ
1644 1669 1703 1704 μοι
1718 1653 1798 1704 περὶ
1814 1652 1952 1691 ἐκείνων
1969 1652 2070 1705 εἴπῃς
2084 1656 2177 1691 ίιτῶν
2197 1653 2312 1691 πάντα
2323 1668 2394 1704 χα-

1373 1713 1576 1765 ριζομένων,
1604 1716 1671 1751 τῶν
1696 1713 1869 1751 καθεύδειν
1891 1712 2129 1765 βουλομένων,
2162 1714 2229 1751 τῶν
2257 1715 2304 1755 ὣς
2339 1711 2396 1750 ἐπὶ

1373 1776 1567 1814 ἀνάπαυσιν
1588 1777 1634 1819 εἰς
1665 1775 1705 1813 τὸ
1731 1782 1878 1828 πρᾶγμα
1897 1776 2104 1827 ἐρχομένων.
2134 1776 2186 1814 Οὐ
2211 1774 2292 1826 περὶ
2319 1772 2396 1811 τού-

1371 1853 1439 1874 των
1478 1839 1495 1874 ὁ
1530 1836 1647 1887 λόγος,
1682 1836 1771 1874 ἀλλὰ
1801 1836 1881 1888 περὶ
1912 1836 2051 1874 ἐκείνων
2091 1839 2160 1874 τῶν
2183 1833 2395 1887 ἀγρυπνούν-

1372 1913 1440 1934 των
1463 1896 1550 1949 ὑπὲρ
1573 1899 1642 1934 τῶν
1667 1899 1789 1949 ψυχῶν
1825 1899 1939 1948 ὑμῶν,
1970 1899 2038 1935 τῶν
2067 1900 2129 1944 τῆς
2165 1895 2293 1939 οἰκείας
2321 1911 2395 1933 σω-

1372 1958 1495 2011 τηρίας
1517 1958 1580 2004 τὴν
1608 1960 1676 1995 τῶν
1703 1957 1906 2010 ἀρχομένων
1935 1958 2176 2010 προτιθέντων.
2205 1956 2297 1997 Εἰπέ
2317 1973 2395 2007 μοι,

1373 2020 1404 2056 εἰ
1437 2018 1522 2056 δέκα
1553 2034 1606 2061 τις
1636 2019 1764 2061 παῖδας
1798 2017 1885 2070 ἔχων
1910 2018 2128 2070 ὑποχειρίους
2159 2023 2397 2061 συνοικοῦντας

1372 2081 1465 2132 αὐτῷ
1500 2079 1686 2122 διαπαντὸς
1703 2110 1712 2127 ,
1749 2079 1980 2122 ἀδιαλείπτως
2015 2082 2127 2118 αὐτῶν
2165 2079 2396 2131 ἀναγκάζεται

1372 2140 1574 2193 φροντίζειν,
1592 2139 1772 2182 τοσούτους
1803 2139 1892 2191 ἔχων
1920 2135 2016 2184 οὗτος
2040 2142 2133 2192 ³057.
2160 2139 2398 2193 ὑποχειρίους,

1374 2201 1412 2238 οὗ
1445 2204 1705 2246 συνοικοῦντας,
1728 2201 1804 2237 ἀλλ’
1830 2202 1864 2237 ἐν
1895 2203 1937 2251 τῇ
1965 2200 2035 2253 ἰδίᾳ
2062 2200 2198 2251 ἐξουσίᾳ
2221 2200 2283 2247 τὴν
2303 2202 2398 2238 ὓπα-

1375 2260 1458 2307 κοὴν
1495 2259 1655 2311 ἔχοντας,
1675 2259 1727 2302 τίς
1759 2261 1822 2298 οὐκ
1856 2261 1986 2313 ὀφείλει
2021 2261 2320 2312 γενέσθαι;Ἀλλὰ
2347 2277 2399 2298 τι-

1376 2330 1505 2374 μᾶται,
1540 2322 1654 2376 φησίν.
1694 2322 1787 2372 Ποίᾳ
1817 2325 1922 2372 τιμῇ,
1952 2321 2105 2367 Πένητες
2136 2322 2400 2374 τριωὲολιμαῖοι

1379 2387 1641 2436 βλασφημοῦσιν
1672 2383 1772 2421 αὐτὸν
1793 2384 1850 2421 ἐπὶ
1867 2385 1929 2428 τῆς
1965 2385 2105 2436 ἀγορᾶς.
2128 2383 2175 2421 Τί
2201 2378 2257 2421 οῦν
2279 2383 2400 2427 αὐτοὺς

1379 2447 1441 2484 οὐκ
1476 2443 1708 2495 ἐπιστομίζει,
1730 2444 1830 2482 Πάνυ
1861 2460 1910 2494 γε.
1940 2445 1992 2482 Οὐ
2025 2443 2093 2496 γὰρ
2129 2443 2319 2483 ἐπισκόπου
2345 2443 2401 2482 λέ-

1379 2522 1450 2558 γεις
1471 2506 1580 2557 ἔργον.
1602 2504 1730 2552 Πάλιν,
1752 2503 1791 2542 ἂν
1813 2504 1862 2555 μὴ
1891 2510 1978 2542 πᾶσι
2002 2504 2163 2557 παρέχῃ,
2186 2505 2246 2543 καὶ
2264 2510 2335 2548 τοῖς
2366 2507 2400 2543 ἐν

1381 2566 1506 2620 ἀργίᾳ,
1546 2564 1606 2603 καὶ
1637 2571 1707 2608 τοῖς
1739 2565 1999 2618 ἐργαζομένοις,
2041 2566 2148 2617 μυρία
2184 2566 2400 2618 πανταχόθεν

1381 2627 1606 2679 ἐγκλήματα·
1644 2626 1752 2669 οὐδεὶς
1782 2625 1912 2664 δέδοικε
1943 2629 2184 2679 κατηγορῆσαι
2201 2627 2260 2665 καὶ
2278 2626 2401 2665 διαδα-

1381 2691 1451 2727 λεῖν
1465 2704 1472 2711 ·
1498 2688 1554 2726 ἐπὶ
1578 2687 1639 2738 μὲν
1655 2687 1722 2739 γὰρ
1741 2689 1808 2724 τῶν
1830 2687 2036 2739 ἀρχόντωνὸ
2053 2687 2156 2738 φόὸος
2172 2687 2323 2733 ἔπεστιν,
2344 2688 2401 2726 ἐπὶ

1382 2749 1417 2788 δὲ
1446 2749 1575 2787 τούτων
1595 2748 1686 2801 οὐχί.
1708 2748 1752 2787 Ὁ
1766 2748 1832 2800 γὰρ
1849 2748 1951 2800 φόὲος
1977 2752 2036 2786 τοῦ
2064 2749 2155 2787 Θεοῦ
2183 2750 2265 2799 παρ’
2289 2751 2402 2791 αὐτοῖς

1383 2809 1477 2848 οὐδὲν
1497 2809 1621 2862 ἰσχύει.
1644 2809 1690 2847 Τί
1709 2809 1750 2846 άν
1771 2824 1822 2851 τις
1841 2808 1932 2847 εἴποι
1956 2808 2018 2855 τὴν
2037 2807 2116 2861 περὶ
2141 2808 2197 2846 τὸν
2221 2808 2322 2859 λόγον
2343 2808 2403 2846 καὶ

1382 2870 1443 2918 τὴν
1460 2870 1684 2909 διδασκαλίαν
1702 2870 1886 2922 φροντίδα,
1913 2869 1976 2915 τὴν
1991 2868 2172 2906 δυσκολίαν
2193 2868 2256 2915 τὴν
2278 2872 2311 2907 ἐν
2329 2875 2403 2912 ταῖς

1382 2930 1609 2984 χειροτονίαις
1623 2948 1632 2978 ;
1648 2931 1755 2982 Τάχα
1772 2929 1794 2976 ἢ
1814 2929 1945 2982 σφόδρα
1974 2928 2119 2975 ἀσθενὴς
2151 2928 2218 2980 ἐγὼ
2242 2929 2403 2981 τυγχάνω

1383 2993 1442 3031 καὶ
1461 2992 1683 3044 ταλαίπωρος
1711 2991 1770 3029 καὶ
1788 2991 1986 3041 οὗδαμινὸς,
2005 2989 2027 3034 ἢ
2046 2990 2086 3028 τὸ
2117 2996 2264 3041 πρᾶγμα
2297 2991 2404 3033 οὕτως

1382 3054 1468 3106 ἔχει.
1490 3053 1600 3092 Οὐδὲν
1624 3051 1744 3091 πλοίου
1765 3050 2055 3101 κλυδωνιζομένου
2076 3050 2270 3103 διενήνοχεν
2295 3055 2317 3097 ἡ
2345 3055 2404 3090 τοῦ

326 3121 461 3171 amicis,
479 3121 523 3159 ab
542 3120 696 3159 inimicis
704 3135 715 3169 3
733 3134 753 3158 a
772 3119 857 3169 suis,
877 3118 923 3156 ab
942 3117 1077 3156 alienis.
1098 3119 1223 3155 Annon
1246 3132 1307 3155 or-
1337 3123 1360 3153 C
1382 3115 1499 3167 ἱερέως
1528 3113 1643 3166 ψυχή·
1667 3112 1909 3164 1’πανταχόθεν
1947 3111 2115 3158 στίζεται,
2148 3112 2246 3163 παρὰ
2277 3113 2403 3164 φίλων,

373 3263 385 3277 ⁰
413 3257 509 3291 πολλή
545 3252 637 3285 deest
653 3253 686 3284 in
703 3249 915 3295 quibusdam.

372 3304 388 3328 ἃ
412 3302 473 3336 Alii
487 3311 545 3337 τῶν
562 3312 631 3338 πᾶσι
645 3309 862 3348 χαριζομένων.

372 3367 384 3379 ³¹
411 3358 463 3396 οὐχ
479 3357 659 3399 ὑποχειρίους
685 3353 775 3386 ἀθεεὶ
800 3354 833 3386 in
858 3353 933 3384 Mss.
963 3352 1101 3391 nostris,
1120 3349 1176 3382 sed
1198 3349 1338 3381 habetur

1400 3249 1432 3279 in
1448 3245 1549 3280 Savil.
1566 3253 1598 3277 et
1614 3244 1728 3277 Morel.
1747 3242 1844 3287 [Mox
1860 3244 1901 3276 D.
1920 3249 1949 3277 τί
1965 3247 2014 3276 οὐκ
2033 3245 2096 3289 ὀμ]

1447 3299 1462 3321 b
1487 3297 1544 3329 Sax
1554 3296 1587 3329 il.
1599 3305 1629 3329 et
1644 3295 1779 3339 quidam
1790 3295 2055 3337 Mssmvwxfflzv
2070 3298 2289 3337 μαστιζομὲνου
2306 3302 2399 3339 παρα.
