2502 3810
692 265 735 294 IN
772 263 913 294 EPIST.

60 346 242 396 ἐπίδειξις,
264 348 323 386 καὶ
343 349 524 400 δογμάτων
548 348 689 400 ὀρθότης
715 347 938 399 ἐλυμαίνετο,
957 346 1016 384 καὶ
1031 346 1078 383 δι-

40 398 250 451 χδασκαλίας
270 408 472 460 φιλοσοφία
495 408 553 446 καὶ
572 409 614 446 δι’
636 410 750 446 ἐκεῖνα
770 407 830 458 μὲν
860 408 1078 457 δαιμονῶντα

58 467 214 515 ἐκάλουν,
239 467 295 505 διὰ
314 467 349 506 δὲ
366 472 477 506 ταῦτα
498 467 667 507 ἀντίθεον·
682 467 767 519 ὑπὲρ
785 467 820 506 δὲ
834 470 902 505 τῶν
924 465 1077 515 σημείων

58 528 117 565 καὶ
136 530 288 580 ἀναιρεῖν
310 529 520 582 ἐπεχείρουν.
543 529 587 567 Ὁ
609 529 725 580 μέντοι
752 528 884 580 λῃστὴς
912 525 1079 579 σταυρού-

59 602 176 637 μενος,
191 589 491 641 προσηλούμενος,
509 589 786 642 λοιδορούμενος,
807 587 913 640 μυρία
932 587 1077 638 πάσχων

952 263 1011 291 ΑΙ)
1049 262 1158 292 ROM.
1194 260 1349 292 HOMIL-
1387 261 1467 291 XV·

2039 238 2130 302 (357

1151 344 1207 393 iis,
1220 345 1283 396 qui
1302 359 1371 383 non
1385 344 1543 396 diligunt
1557 342 1676 391 illum,
1695 355 1734 379 ea
1753 354 1831 392 quae
1850 340 1954 380 utilia
1967 340 2135 380 videntur

1151 420 1238 455 esse,
1260 416 1396 444 nocent.
1423 405 1567 446 Judaeos
1585 404 1680 442 enim
1707 412 1740 441 et
1766 403 1865 454 signa
1887 401 1996 449 edita,
2017 410 2052 439 et
2070 401 2135 439 do-

1152 476 1268 517 gmata
1287 476 1393 514 recta,
1407 476 1440 504 et
1455 465 1690 518 philosophiae
1706 464 1866 502 doctrina
1883 462 2134 516 perdiderunt:

1153 535 1186 563 et
1204 536 1350 578 propter
1369 526 1430 564 illa
1452 526 1555 563 illum
1569 525 1829 563 daemoniacum
1843 523 2030 571 vocabant,
2052 535 2135 574 pro-

1153 596 1231 638 pter
1256 588 1331 626 haec
1351 587 1537 625 inimicum
1564 588 1661 636 De03
1689 586 1735 624 ob
1759 585 1859 636 signa
1885 593 2003 622 autem
2028 583 2135 621 illum

60 649 173 698 δεινὰ,
193 652 230 687 οὐ
261 650 361 700 μόνον
394 651 488 689 οὐδὲν
509 651 716 703 παρεέλάὸη
729 680 738 698 ,
759 649 848 688 ἀλλὰ
876 648 935 686 καὶ
956 647 999 685 τὰ
1019 646 1081 698 μέ·
1093 670 1139 695 595
1154 647 1348 685 interficere
1363 647 1555 685 tentabant.
1570 648 1676 684 Latro
1691 655 1782 684 certe
1801 645 2008 690 crucifixus,
2025 643 2135 682 clavis

58 725 163 759 γιστα
195 711 347 749 ἐντεῦθεν
381 712 574 764 ἐκέρδανεν.
605 706 704 754 Εἶδες
724 713 797 754 πῶς
818 716 888 752 τοῖς
917 709 1081 759 ἀγαπῶσι
1104 707 1130 735 Α
1153 708 1297 754 affixus,
1309 708 1477 747 conviciis
1494 716 1672 754 oneratus,
1686 706 1780 743 mala
1793 707 1976 743 innumera
1988 705 2136 757 patiens,

59 770 116 807 τὸν
138 770 228 809 Θεὸν
246 771 362 811 πάντα
393 779 548 825 συνεργεῖ
571 774 618 815 εἷς
647 771 793 824 ἀγαθόν;
814 769 936 809 Εἰπὼν
968 767 1080 806 τοίνυν

60 829 99 868 τὸ
118 830 208 882 μέγα
240 836 340 871 τοῦτο
361 834 503 884 ἀγαθὸν,
523 833 582 871 καὶ
614 832 745 884 σφόδρα
766 831 828 878 τὴν
861 828 1079 880 ἀνθρωπίνην

61 890 161 942 φύσιν
180 893 399 943 ὖπερδαῖνον,
419 893 536 939 ἐπειδὴ
565 894 704 935 πολλοῖς
723 892 782 929 καὶ
809 891 954 928 ἄπιστον
979 892 1081 927 τοῦτο

61 945 148 989 εῖναι
177 952 304 1002 ἐδόκει,
321 955 390 992 ἀπὸ
409 958 477 993 τῶν
497 955 737 1005 παρελθόντων
769 951 852 989 αὐτὸ
874 953 1080 994 πιστοῦται,

60 1011 148 1049 οὕτω
173 1013 282 1064 λέγων
298 1030 306 1038 ·
322 1017 404 1057 Τοῖς
430 1014 519 1052 κατὰ
547 1013 708 1065 πρόθεσιν
729 1013 869 1059 κλητοῖς
890 1005 977 1049 οῧσι.
994 1009 1082 1048 Σκό-

59 1087 116 1109 πει
137 1073 204 1125 γὰρ
233 1074 355 1116 εὐθέως
374 1074 442 1112 ἀπὸ
472 1077 534 1120 τῆς
564 1074 718 1121 κλήσεως
738 1072 776 1110 τὸ
800 1070 991 1125 εἰρημένον.
1014 1068 1081 1107 Διὰ

59 1130 94 1168 ‘cz'
117 1131 183 1184 γὰρ
204 1133 252 1182 μὴ
274 1133 308 1177 ἓξ
337 1136 449 1186 ἀρχῆς
463 1135 595 1177 πάντας
615 1134 758 1172 ἐκάλεσε
771 1163 780 1180 ,
797 1131 819 1178 ἢ
840 1132 857 1151 *
873 1130 961 1181 μηδὲ
979 1129 1079 1167 αὐτὸν

60 1192 202 1230 Παῦλον
222 1193 310 1242 μετὰ
326 1196 393 1231 τῶν
414 1195 527 1232 ἄλλων
545 1194 686 1243 εὐθέως,
705 1187 742 1231 οὗ
762 1191 870 1232 ἐδόκει
884 1195 905 1237 ἡ
926 1188 1079 1236 ἀναέολὴ

61 1252 242 1304 ἐπιζήμιος
260 1248 368 1302 sivetu
383 1255 475 1293 Ἀλλ’
492 1255 586 1305 ὅμως
601 1255 737 1306 ἐδείχθη
757 1253 814 1291 διὰ
832 1255 900 1291 τῶν
916 1250 1082 1305 πραγμά-

60 1329 142 1361 των,
161 1314 214 1352 &ei
233 1314 418 1367 χρησίμως
439 1315 571 1367 γέγονε.
594 1314 763 1366 Πρόθεσιν
786 1313 822 1352 δὲ
849 1312 995 1351 ἐνταῦθά
1017 1328 1081 1363 φη-
1106 1321 1129 1350 Β

61 1389 128 1419 σιν,
142 1373 198 1412 ἵνα
219 1374 267 1425 μὴ
286 1374 325 1413 τὸ
352 1382 422 1413 πᾶν
440 1379 482 1428 τῇ
499 1375 622 1422 κλήσει
646 1376 716 1426 ξιδῷ
728 1391 735 1398 ·
766 1374 842 1412 ἐπεὶ
859 1373 968 1416 οὕτως
983 1373 1085 1423 ἔμελ-

60 1435 119 1472 λον
140 1435 198 1472 καὶ
222 1434 394 1482 ςΈλληνες
425 1436 615 1487 ἀντιλέγειν
635 1436 694 1473 καὶ
713 1436 886 1473 Ἰουδαῖοι.
909 1436 955 1472 Ei
975 1433 1042 1486 γὰρ
1061 1436 1082 1479 ἡ

61 1496 184 1542 κλῆσις
199 1495 298 1549 ἤρκει
316 1495 431 1546 μόνον,
447 1495 538 1541 τίνος
552 1498 665 1535 ἕνεκεν
682 1497 720 1533 οὐ
736 1496 864 1537 πάντες
882 1496 1084 1542 ἓσώθησαν;

62 1555 131 1593 Διὰ
145 1556 245 1595 τοῦτό
261 1573 377 1608 φησιν,
395 1557 448 1596 ὅτι
464 1560 528 1609 οὐχ
541 1561 562 1604 ἡ
580 1558 702 1603 κλῆσις
727 1556 841 1607 μόνον,
857 1555 947 1593 ἀλλὰ
973 1555 1032 1593 καὶ
1060 1559 1082 1602 ἠ

61 1617 223 1669 πρόθεσις
240 1620 308 1656 τῶν
328 1618 551 1668 καλουμένων
582 1618 644 1665 τὴν
675 1616 849 1668 σωτηρίαν
875 1616 1081 1669 εἰργάσατο·

63 1678 187 1730 οὐγὰρ
215 1679 464 1730 ἠναγκασμένη
493 1678 629 1729 γέγονεν
664 1681 685 1724 ἦ
715 1679 838 1724 κλῆσις
867 1677 944 1715 οὐδὲ
966 1677 1084 1728 fisem-

63 1741 187 1791 σμένη.
207 1740 342 1783 Πάντες
356 1743 436 1791 γοῦν
465 1739 678 1787 ἐκλήθησαν,
699 1741 774 1777 ἀλλ’
797 1741 834 1777 οὔ
856 1739 982 1782 πάντες
996 1738 1084 1785 ὑπή-

63 1816 203 1840 κουσαν.
225 1801 309 1839 ζὈτι
341 1801 397 1843 οὒς
427 1801 606 1853 προέγνω,
633 1800 692 1838 καὶ
720 1799 895 1851 προώρισε
921 1800 1084 1853 συμμόρ-

62 1878 142 1913 φους
159 1865 222 1908 τῆς
243 1861 370 1904 εἰκόνος
387 1865 446 1899 τοῦ
467 1862 552 1899 Υἱοῧ
574 1863 688 1898 αὐτοῦ.
708 1854 809 1904 Εἶδες
837 1876 867 1897 τι
875 1863 941 1910 μῆς
960 1861 1059 1912 ὄγκον
1071 1876 1082 1910 5

62 1921 178 1974 “Oret-:p
196 1921 263 1974 γὰρ
287 1925 304 1960 ὃ
333 1921 534 1973 Μονογενὴς
553 1915 594 1967 ἦν
623 1920 744 1973 φύσει,
776 1924 877 1959 τοῦτο
906 1921 966 1958 καὶ
989 1921 1085 1959 αὐτοὶ

61 1982 224 2034 γεγόνασι
241 1983 330 2021 κατὰ
353 1982 468 2034 χάριν.
485 1982 578 2020 Ἀλλ’
594 1981 688 2031 ὅμως
707 1983 770 2020 οὒκ
795 1981 948 2034 ἠρκέσθη
976 1982 1084 2034 τούτῳ
1108 1995 1132 2025 C

62 2046 111 2096 τῷ
131 2045 252 2091 εἰπεῖν,
275 2044 505 2096 Συμμόρφους
520 2073 529 2091 ,
551 2042 641 2080 ἀλλὰ
673 2043 732 2080 καὶ
765 2041 881 2093 ἕτερον
914 2042 1084 2093 προσέθη-

62 2120 141 2142 κεν·
163 2106 225 2148 Εἷς
243 2106 282 2143 τὸ
313 2099 401 2142 εἶναι
421 2104 523 2142 αὐτὸν
555 2103 788 2155 πρωτότοκον.
820 2103 891 2141 Καὶ
926 2103 1000 2141 οὐδὲ
1032 2106 1086 2142 ἐν-

62 2169 171 2203 ταῦθα
190 2165 292 2214 ἔστη,
311 2165 400 2203 ἀλλὰ
420 2165 479 2203 καὶ
496 2164 585 2215 μετὰ
602 2164 722 2202 τούτου
742 2164 846 2202 πάλιν
868 2163 982 2215 ἕτερον
997 2165 1085 2202 ἐπά-

61 2243 136 2277 γει,
154 2226 283 2278 λέγων·
304 2226 364 2265 Ἐν
385 2229 525 2270 πολλοῖς
551 2227 725 2277 ἀδελφοῖς·
748 2224 804 2263 διὰ
824 2225 964 2263 πάντων
989 2229 1082 2278 σαφῆ

61 2287 123 2333 τὴν
140 2286 338 2339 συγγένειαν
353 2287 522 2331 ἐπιδεῖξαι
543 2285 759 2337 βουλόμενος.
775 2288 900 2324 Ταῦτα
914 2286 948 2323 δὲ
967 2286 1084 2324 πάντα

61 2348 140 2400 περὶ
158 2351 219 2394 τῆς
242 2347 437 2399 οἰκονομίας
453 2350 611 2400 εἰρῆσθαι
632 2347 770 2398 νόμιζε·
801 2346 892 2385 κατὰ
922 2347 989 2399 γὰρ
1019 2348 1084 2394 τὴν

62 2409 207 2458 θεότητα
229 2409 438 2461 Μονογενής.

116 2709 216 2758 Εἶδες
234 2713 326 2752 πόσα
345 2716 430 2763 ἡμῖν
449 2714 654 2766 {lapion-»03
672 2711 735 2759 Μὴ
754 2711 868 2750 τοίνυν
883 2710 1082 2763 ἀμφίὸαλλε

61 2777 141 2830 περὶ
158 2780 226 2815 τῶν
247 2775 443 2826 μελλόντων
458 2791 466 2799 ·
486 2775 545 2813 καὶ
570 2774 637 2827 γὰρ
668 2773 728 2811 καὶ
754 2773 917 2825 ἑτέρωθεν
946 2772 1082 2810 δείκνυ-

61 2854 115 2876 σιν
129 2840 233 2875 αὐτοῦ
248 2836 309 2884 τὴν
324 2836 548 2886 κηδεμονίαν,
562 2838 611 2887 τῷ
626 2835 738 2885 λέγειν
754 2834 882 2872 ἄνωθεν
900 2833 987 2872 αὐτὰ
1000 2849 1083 2887 προ·

60 2901 280 2936 τετυπῶσθαι
299 2895 622 2947 οὕτως.Ἄνθρωποι
645 2894 707 2945 μὲν
728 2893 797 2946 γὰρ
816 2894 885 2932 ἀπὸ
900 2896 968 2931 τῶν
987 2909 1081 2945 πρα·

59 2958 203 3009 γμοίτων
222 2958 284 3001 τὰς
303 2957 389 3010 ὑπὲρ
416 2959 528 2995 αὐτῶν
547 2955 688 3007 γνώμας
706 2955 946 3005 λαμὲάνουσι,
972 2957 1021 3006 τῷ
1047 2954 1082 2992 δὲ

59 3022 141 3072 Θεῷ
161 3019 271 3058 πάλαι
290 3022 402 3057 ταῦτα
429 3018 540 3063 ἔδοξε,
561 3017 620 3055 καὶ
640 3017 769 3055 ἄνωθεν
789 3016 874 3067 πρὸς
895 3017 988 3065 ἡμᾶς
1015 3014 1082 3052 διέ-

60 3096 152 3118 κειτο
168 3096 176 3104 ·
193 3079 209 3100 ¹³

288 3081 296 3091 ι
358 3074 378 3082 ‘⁹
471 3084 477 3091 .
555 3078 563 3092 x
641 3078 650 3091 J
822 3077 830 3089 1
979 3076 985 3087 ι
1016 3076 1048 3089 ,κ

217 3096 320 3132 φησιν
341 3084 412 3126 οὖν,
437 3079 510 3123 Οὓς
532 3081 568 3117 δε
588 3081 731 3116 ε’καλεσε
746 3107 755 3125 ,
772 3093 913 3119 τουτους
933 3091 992 3113 και
1011 3091 1082 3113 εοι-

60 3141 221 3178 καίωσεν.
239 3140 447 3178 Ἑδικαίωσε
470 3140 527 3178 διὰ
548 3143 610 3186 τῆς
625 3144 684 3178 τοῦ
710 3141 853 3189 λουτροῦ
870 3138 1079 3187 παλιγγενε-

60 3202 148 3244 σίας.
172 3202 243 3245 Οὒς
266 3202 301 3238 δὲ
320 3201 522 3248 ἐδικαίωσε,
545 3200 684 3243 τούτους
709 3199 768 3237 καὶ
785 3197 955 3242 ἐδόξασεν.
977 3197 1077 3236 Ἐδό-

105 3321 114 3330 “
140 3319 150 3360 [
165 3325 183 3356 ἥ
195 3317 374 3359 adjecimus
389 3330 426 3350 ex
445 3319 499 3363 A.]

106 3381 118 3393 ⁵*
144 3371 221 3412 [δῷς-
246 3369 333 3402 idem
358 3383 432 3403 cnm
455 3382 561 3412 marg.
580 3369 695 3410 Savil.5
715 3369 804 3412 quod
830 3369 1067 3413 praeferendum

65 3420 221 3463 ridetur]

1155 782 1224 806 non
1244 768 1349 807 modo
1372 768 1464 805 nihil
1483 766 1606 804 damni
1624 765 1774 816 accepit,
1793 765 1855 802 sed
1869 765 1973 802 etiam
1994 765 2136 803 lucrum

1154 829 1355 866 maximum
1373 827 1454 865 inde
1472 827 1605 864 retulit.
1626 825 1758 865 Viden’
1775 825 1952 874 quomodo
1977 825 2136 876 diligen-

1152 888 1251 926 tibus
1269 890 1387 925 Deum
1414 886 1533 924 omnia
1558 893 1789 936 cooperentur
1806 884 1842 921 in
1860 884 2023 922 bonum?
2045 885 2136 922 Cum

1154 947 1305 985 dixisset
1333 946 1445 998 igitur
1472 945 1541 983 hoc
1573 958 1741 996 magnum
1768 948 1840 982 esse
1866 945 2016 995 bonum,
2041 945 2138 995 quod

1154 1007 1347 1045 humanam
1382 1015 1547 1043 naturam
1575 1005 1770 1043 admodum
1802 1014 1982 1056 superaret
2013 1021 2020 1041 :
2055 1006 2139 1055 quia

1154 1069 1278 1107 multis
1303 1068 1370 1105 hoc
1399 1067 1608 1109 incredibile
1635 1065 1826 1104 videbatur
1856 1080 1943 1113 esse,
1965 1080 1985 1103 a
2008 1077 2141 1118 praete-

1155 1131 1235 1169 ritis
1254 1129 1347 1167 illud
1370 1130 1568 1178 confirmat,
1586 1128 1643 1166 his
1661 1127 1783 1167 verbis
1801 1143 1809 1164 :
1828 1130 1884 1165 Iis
1906 1131 1975 1179 qui
2000 1141 2138 1165 secun—

1155 1192 1246 1229 dum
1269 1194 1507 1242 propositum
1538 1192 1673 1227 vocati
1704 1197 1808 1227 sunt.
1838 1188 2023 1240 Perpende
2047 1189 2140 1226 enim

1155 1252 1222 1290 hoc
1249 1252 1368 1290 statim
1387 1253 1432 1290 ab
1462 1252 1540 1304 ipsa
1570 1250 1754 1289 vocatione
1777 1250 1925 1287 dictum.
1946 1250 2019 1287 Cur
2046 1251 2141 1288 enim

1154 1327 1224 1351 non
1254 1313 1373 1351 statim
1402 1313 1448 1350 ab
1477 1312 1580 1350 initio
1607 1325 1726 1349 omnes
1754 1311 1915 1360 vocavit,
1937 1320 1999 1348 aut
2030 1325 2142 1361 neque

1156 1374 1275 1426 ipsum
1297 1374 1449 1412 Paulum
1473 1387 1552 1411 cum
1571 1372 1666 1419 aliis,
1688 1385 1767 1409 cum
1787 1371 1864 1408 haec
1892 1370 2018 1409 dilatio
2040 1371 2140 1409 vide-

1156 1443 1254 1472 retur
1280 1433 1448 1471 damnosa
1468 1432 1569 1471 esse?
1589 1434 1754 1470 Attamen
1782 1445 1820 1469 re
1840 1431 1916 1483 ipsa
1934 1432 2143 1484 comproba-

1156 1503 1233 1533 tum
1260 1504 1328 1542 est,
1363 1494 1403 1532 id
1431 1494 1569 1532 utiliter
1599 1493 1733 1531 factum
1760 1492 1882 1533 fuisse.
1915 1493 2142 1545 Propositum

1157 1564 1275 1593 autem
1300 1555 1360 1593 hic
1378 1554 1482 1604 dicit,
1508 1563 1548 1591 ut
1565 1567 1610 1591 ne
1631 1562 1746 1591 totum
1770 1553 1949 1592 vocationi
1969 1553 2142 1591 tribuere-

1157 1625 1214 1654 tur
1236 1632 1243 1653 :
1265 1615 1424 1666 alioquin
1447 1628 1530 1653 vero
1546 1614 1706 1651 futurum
1727 1622 1814 1660 erat,
1835 1621 1875 1650 ut
1893 1622 1927 1651 ct
1947 1613 2094 1665 gentiles
2110 1623 2144 1652 et

1157 1679 1275 1719 Judaei
1298 1677 1586 1717 contradicerent.
1613 1677 1651 1715 Si
1678 1675 1773 1714 enim
1791 1676 1866 1714 sola
1885 1676 2024 1714 vocatio
2043 1677 2144 1714 suffi-

1159 1740 1287 1789 ciebat,
1308 1754 1371 1778 cur
1387 1753 1455 1777 non
1476 1752 1597 1777 omnes
1622 1737 1713 1776 salvi
1731 1737 1814 1774 sacti
1841 1737 1948 1774 sunt?
1967 1737 2052 1775 Ideo
2076 1738 2140 1789 ait7

1157 1817 1227 1842 non
1254 1803 1475 1841 vocationem
1505 1810 1655 1848 tantum,
1687 1799 1749 1838 sed
1774 1799 1876 1838 etiam
1907 1800 2141 1852 propositum,

1158 1872 1366 1903 vocatorum
1384 1862 1531 1900 salutem
1547 1861 1724 1899 effecisse:
1746 1874 1860 1911 neque
1877 1861 1971 1898 enim
1992 1861 2141 1899 necessi-

1159 1934 1264 1963 tatem
1290 1923 1412 1962 intulit
1430 1913 1580 1962 voc'atio.
1601 1924 1733 1961 Omnes
1762 1922 1872 1972 igitur
1899 1931 1981 1959 sunt
2005 1923 2138 1971 vocati,

1158 1985 1219 2023 sed
1248 1999 1317 2023 non
1342 1998 1463 2022 omnes
1487 1983 1710 2021 obedierunt.
1733 1983 1798 2021 99.
1828 1983 2020 2032 Quoniam
2047 1997 2141 2034 quos

1156 2048 1359 2098 proescivit,
1378 2046 1530 2082 eosdem
1549 2052 1585 2081 et
1607 2044 1899 2095 praedestinavit
1925 2044 2141 2093 conformes

1158 2109 1340 2159 imaginis
1353 2107 1452 2143 Filii
1465 2108 1536 2144 sui.
1551 2104 1684 2143 Viden’
1698 2103 1846 2141 honoris
1857 2103 1995 2140 culmen
2005 2104 2022 2139 ἶ)
2033 2103 2141 2152 Quod

1157 2167 1250 2205 enim
1266 2165 1481 2217 Unigenitus
1499 2173 1624 2202 natura
1639 2173 1724 2212 crat,
1744 2163 1810 2201 hoc
1831 2171 1863 2201 et
1879 2163 1932 2200 illi
1947 2163 2142 2201 secundum

1157 2227 1306 2278 gratiam
1327 2227 1408 2263 facti
1427 2234 1522 2263 sunt.
1547 2225 1621 2262 Nec
1637 2232 1753 2260 tamen
1772 2223 1855 2260 satis
1880 2223 1935 2260 illi
1963 2224 2030 2261 fuit
2058 2238 2142 2261 con-

1157 2289 1285 2326 formes
1301 2286 1451 2333 dixisse,
1469 2284 1530 2323 sed
1550 2292 1584 2321 et
1602 2283 1704 2320 aliud
1721 2282 1861 2321 addidit
1881 2299 1889 2320 ε
1916 2285 1966 2321 Ut
1987 2286 2037 2321 sit
2064 2286 2143 2335 ipse

1153 2351 1444 2402 primogenitus.
1462 2349 1508 2385 At
1528 2360 1598 2385 non
1618 2346 1678 2384 hic
1694 2345 1874 2395 substitit3
1898 2346 1956 2384 sed
1978 2356 2056 2398 post
2068 2347 2144 2385 haec

1154 2410 1285 2448 iterum
1296 2407 1395 2448 aliud
1407 2408 1561 2456 addidit,
1575 2407 1696 2445 dicens
1708 2423 1716 2445 :
1728 2409 1778 2443 In
1789 2407 1922 2445 multis
1930 2408 2124 2459 fratribus
2127 2425 2142 2453 ;

1155 2485 1220 2523 per
1235 2470 1351 2509 omnia
1369 2469 1492 2508 volens
1510 2467 1733 2506 manifestam
1751 2467 1934 2505 ostendere
1953 2469 2143 2520 cognatio-

1156 2545 1251 2569 nem.
1287 2531 1372 2568 Haec
1403 2543 1510 2580 porro
1542 2527 1661 2565 omnia
1695 2526 1740 2564 de
1773 2527 2014 2566 incarnatione
2047 2528 2141 2566 dicta

1156 2591 1355 2629 existimato
1369 2603 1472 2627 :nam
1482 2587 1678 2626 secundum
1687 2586 1911 2625 divinitatem
1929 2589 1996 2627 Uni
2001 2589 2142 2639 genitus

1156 2659 1219 2687 est.

1209 2712 1246 2748 2³2.
1261 2708 1394 2750 Viden’
1409 2716 1496 2758 quot
1508 2714 1711 2758 quantaque
1728 2706 1878 2757 largitus
1897 2707 1970 2744 sit?
1990 2709 2042 2746 Ne
2058 2722 2140 2760 ergo

1156 2769 1201 2807 de
1219 2769 1349 2806 futuris
1363 2768 1523 2818 ambigas
1546 2783 1554 2803 :
1577 2780 1659 2803 nam
1678 2775 1711 2804 et
1731 2766 1875 2804 aliunde
1897 2781 2019 2805 curam
2039 2783 2139 2807 suam

1156 2828 1329 2872 ostendit,
1357 2841 1440 2866 cum
1456 2827 1505 2864 ait
1522 2826 1599 2864 haec
1623 2828 1697 2878 jam
1723 2826 1811 2864 olim
1843 2826 1894 2864 sic
1912 2829 2140 2879 praefignrata

1156 2891 1277 2928 fuisse.
1294 2888 1464 2926 Homines
1484 2886 1577 2924 enim
1596 2900 1639 2924 ex
1655 2885 1763 2924 rebus
1782 2888 1969 2926 sententias
1988 2888 2033 2926 de
2054 2889 2140 2941 ipsis

1156 2958 1385 2998 mutuantur;
1406 2950 1480 2986 Deo
1496 2956 1615 2985 autem
1625 2947 1701 2999 jam
1713 2947 1800 2985 olim
1818 2947 1867 2985 ita
1885 2948 2005 2986 visum
2025 2959 2090 2999 est,
2107 2959 2140 2988 et

1155 3026 1221 3064 pro
1240 3011 1342 3049 nobis
1359 3009 1409 3047 ita
1426 3009 1574 3046 affectus
1593 3017 1667 3046 erat
1688 3024 1697 3046 ι
1720 3008 1770 3046 ait
1785 3008 1896 3060 igitur
1921 3025 1929 3046 ε
1951 3011 2014 3049 50.
2037 3012 2139 3061 Quos

1156 3082 1285 3111 autem
1304 3073 1477 3118 vocavit,
1498 3070 1587 3108 illos
1607 3070 1900 3122 etjustificavit.
1921 3071 2141 3111 Justificavit

1154 3148 1217 3189 per
1227 3134 1412 3171 lavacrum
1425 3129 1710 3181 regenerationis.
1731 3131 1834 3180 Quos
1851 3139 1980 3169 aulem
1991 3134 2141 3185 justifi-

1154 3194 1366 3243 cavit,illos
1377 3200 1411 3230 et
1418 3191 1663 3243 glorificavit.
1674 3190 1899 3230 Glorificavit
1908 3207 1970 3244 per
1978 3194 2142 3245 gratiam,

1180 3317 1196 3340 ἶ·
1223 3313 1353 3355 [Iidem
1381 3317 1463 3356 φησιν
1487 3311 1551 3345 οὖν’
1572 3313 1618 3348 οὓς
1636 3313 1665 3344 δὲ
1684 3317 1847 3356 προώρισε,
1867 3314 1985 3350 τούτους
2002 3316 2050 3346 καὶ
2074 3318 2142 3347 ἑκά.-

1138 3373 1212 3408 λεσε,
1230 3371 1279 3399 καὶ
1296 3369 1342 3403 οὓς
1354 3368 1484 3406 ἐκάλεσε,
1503 3368 1621 3404 rosato&
1639 3371 1686 3398 καὶ
1704 3368 1851 3398 ἐδικαίωσε
1867 3366 1914 3398 διὸ.
1931 3373 1992 3403 τῆς.
2008 3366 2050 3397 Et
2065 3377 2141 3397 mox

1136 3418 1233 3453 semel
1251 3416 1374 3450 liabent
1392 3416 1538 3460 {oligua}
