2502 3810
92 642 274 672 Lucam&

299 244 387 287 510
740 254 776 281 5.
815 249 999 280 ,ιοΑΝΝι5
1035 244 1273 275 cunx‘sosr.

294 352 388 385 sum,
408 336 468 374 sed
487 350 581 383 cura,
603 341 639 369 ut
658 330 778 368 abbae
793 327 1052 368 existimatione
1069 334 1100 362 te
1117 324 1245 360 liberes
1261 338 1268 358 :

294 413 337 435 nc
351 398 448 435 dieas
474 404 634 439 tantum,
654 392 713 429 sed
731 400 764 427 et
784 390 915 426 doleas.
932 387 970 424 Si
990 386 1107 434 doles,
1127 398 1270 436 operam

293 457 456 502 adhihes3
475 455 505 491 si
538 466 605 489 uon
635 463 779 501 operam
809 448 971 493 adhibes,
1004 460 1073 483 non
1099 444 1211 493 doles,
1241 443 1270 480 si

293 529 360 552 uon
401 515 508 560 doles,
538 510 675 548 irrides,
715 509 805 554 Quis
838 507 973 556 dicens,
1005 506 1167 556 AEgroto,
1201 517 1270 541 non

291 575 406 611 onmia
434 572 518 622 agit,
542 580 581 607 ut
603 569 769 607 sanetur?
786 570 962 617 Magnum
989 565 1099 602 telum
1116 573 1168 601 est
1187 577 1267 601 ora-

293 634 349 671 tio.
368 634 407 671 Si
427 645 511 677 vos,
531 629 660 680 inquit,
683 631 801 666 nostis
823 631 924 664 hona
943 628 1039 663 data
1060 626 1154 662 dare
1165 625 1269 677 filiis

289 695 440 737 vestrm,
476 698 622 741 quanto
650 691 772 740 magis
792 689 913 725 Pater
938 690 1090 723 vester?
1110 685 1182 722 Cur
1200 698 1269 722 non

288 754 342 790 vis
361 750 552 789 accedere?
574 752 626 787 Tc
639 758 745 798 amat,
764 749 845 800 plus
868 756 981 799 potest
1008 761 1117 797 quam
1131 760 1267 783 omnes:

288 823 320 850 et
339 813 417 851 vult
439 821 471 849 et
489 820 618 862 potest;
639 809 726 860 quid
747 809 923 860 impedit?
945 808 1057 845 Nihil.
1075 807 1172 858 Ergo
1189 820 1270 844 cum

287 872 358 910 side
388 871 617 909 accedamus:
635 869 842 907 accedamus
869 868 961 906 dona
982 869 1165 905 offerentes
1192 881 1270 917 quae

288 931 603 984 vult,injuriarum
622 930 852 977 oblivionem,
878 928 1146 979 benignitatem,
1170 941 1269 964 man-

288 994 523 1032 suetudinem.
541 992 617 1030 Etsi
636 1000 797 1043 peccator
811 990 870 1040 sis,
885 1005 965 1027 cum
985 989 1118 1027 fiducia
1132 989 1177 1025 ab
1194 989 1270 1041 ipso

292 1055 532 1092 remissionem
551 1062 774 1106 peccatorum
793 1061 903 1105 petes,
919 1052 946 1089 si
962 1051 1073 1103 possis
1091 1050 1271 1088 ostendere

288 1117 356 1153 hoc
375 1117 492 1167 ipsum
511 1130 530 1152 a
550 1125 583 1152 te
597 1115 728 1152 sactum
743 1128 834 1151 esse:
849 1113 878 1151 si
899 1127 983 1152 vero
998 1113 1114 1164 justus
1132 1112 1191 1160 sis,
1207 1125 1271 1149 nee

290 1177 502 1228 injuriarum
523 1176 738 1214 oblivionem
756 1175 900 1225 habeas,
922 1175 1015 1211 nihil
1030 1174 1096 1211 tibi
1116 1173 1270 1225 prodest.

289 1238 365 1274 Non
386 1245 498 1288 potest
518 1236 578 1286 qui
598 1236 761 1288 proximo
786 1235 936 1283 dimisit,
954 1249 1023 1272 non
1042 1235 1183 1286 plenam
1202 1248 1269 1271 ve-

289 1297 385 1333 niam
408 1296 572 1346 consequi
588 1312 595 1332 :
611 1296 685 1333 sine
700 1296 772 1332 ulla
803 1296 898 1333 enim
917 1295 1177 1346 comparatione
1196 1295 1267 1331 cle-

290 1357 440 1394 mentior
452 1357 553 1394 nobis
566 1365 617 1394 est
631 1358 743 1394 Deus:
755 1356 822 1394 hoc
839 1356 952 1393 cuivis
962 1356 1080 1407 palam
1096 1365 1156 1394 est.
1172 1355 1269 1401 Quid

290 1416 403 1453 dicis?
417 1416 455 1454 Si
475 1415 634 1464 dixeris,
656 1416 777 1453 Laesus
795 1416 859 1464 fui,
876 1418 965 1453 iram
984 1415 1120 1459 domui,
1141 1416 1270 1453 furoris

291 1475 363 1514 vim
383 1475 513 1526 pertuli
541 1484 685 1527 propter
712 1484 927 1527 praeeeptum
959 1485 1076 1524 tuum,
1102 1489 1215 1513 annon
1236 1485 1271 1513 et

290 1538 364 1588 ipse
380 1537 562 1575 dimittet?
587 1538 741 1575 Omnino
758 1546 850 1574 certe
871 1537 1037 1575 dimittet.
1056 1538 1179 1586 Itaque
1195 1537 1270 1573 ani-

290 1612 384 1634 mam
403 1611 594 1648 purgemus
613 1598 658 1635 ab
677 1598 887 1648 injuriarum
921 1597 1100 1634 memoria.
1130 1596 1270 1633 Sufficit

289 1658 357 1695 hoc
375 1658 490 1707 nobis,
512 1668 551 1695 ut
571 1657 817 1705 exaudiamur,
843 1672 883 1694 ac
910 1657 1101 1707 vigilanter
1129 1666 1162 1693 et
1189 1670 1270 1693 cum

289 1717 545 1768 perseverantia
566 1731 762 1769 precemur,
780 1726 818 1754 ut
835 1717 974 1767 copiose
994 1717 1068 1767 ejus
1088 1715 1271 1753 clementia

290 1778 454 1827 fruentes,
474 1778 645 1829 promissa
663 1791 892 1827 assequamur
905 1777 1008 1825 bona,
1029 1777 1141 1828 gratia
1161 1785 1193 1813 et
1211 1776 1272 1813 be-

290 1837 460 1887 nignitate
479 1837 625 1874 Domini
644 1837 753 1874 nostri
773 1839 853 1875 Jesu
877 1837 1024 1883 Christi,
1040 1837 1187 1888 quicum
1206 1839 1272 1876 Pa·
1284 1856 1331 1880 230

291 1897 334 1933 tri
360 1906 392 1933 et
411 1897 560 1948 Spiritui
580 1906 710 1946 saneto,
744 1897 878 1948 gloria,
906 1897 1117 1949 imperium,
1136 1898 1270 1946 honor,
1296 1893 1318 1921 A

292 1972 383 1995 nunc
396 1967 428 1995 et
444 1972 591 2010 semper,
607 1967 640 1997 et
657 1958 692 1996 in
711 1958 839 1996 saeeula
853 1959 1075 1996 saeculorum.
1098 1960 1216 1997 Amen.

339 2332 350 2345 c
375 2320 480 2361 Illud,
499 2325 585 2354 τοῦτο
601 2324 689 2354 παντὶ
705 2322 803 2361 δῆλον,
821 2318 912 2351 deest
928 2319 960 2351 in
979 2330 1055 2351 uno.

341 2374 356 2396 ¹¹
382 2372 441 2404 Alii
458 2377 505 2405 καὶ
518 2375 589 2405 αὐτὸ
607 2378 695 2414 μόνον
708 2376 795 2406 τοῦτο
812 2375 943 2417 πληρῶν.
962 2369 1077 2412 [Paulo
1090 2377 1167 2402 ante
1183 2371 1224 2402 D.
1243 2374 1291 2404 031.

571 2575 781 2614 HOMILIA
810 2574 1008 2615 XXXVII.

301 2699 390 2735 CAP.
411 2697 530 2736 XVII.
552 2711 588 2735 v.
614 2699 648 2734 1.
671 2698 767 2734 Cum
794 2705 923 2734 autem
945 2697 1282 2747 perambulassent

352 2759 619 2810 Amphipolim
633 2767 670 2796 et
680 2758 954 2810 Apolloniam,
965 2767 1154 2795 venerunt
1169 2759 1201 2794 Τ
1201 2759 1282 2795 kes-

352 2821 587 2864 salonicam,
613 2821 679 2857 uhi
704 2829 789 2857 erat
808 2833 1011 2871 synagoga
1039 2820 1278 2857 Judoeorum.

353 2884 388 2918 9.
409 2882 624 2918 Secundum
645 2882 960 2918 consuetudinem
980 2888 1110 2917 autem
1132 2880 1283 2918 Paulus

353 2944 526 2978 introivit
542 2943 596 2977 ad
609 2955 672 2978 eos
691 2957 701 2976 .-
719 2949 757 2977 et
769 2954 838 2991 per
854 2942 1017 2978 sabbata
1033 2942 1108 2976 tria
1125 2940 1283 2976 dissere-

354 3005 419 3039 bat
441 3005 494 3039 eis
513 3003 561 3038 de
583 3002 799 3052 Scripturis,
820 3002 855 3039 5.
878 3001 1106 3050 adaperiens
1131 3008 1165 3036 et
1187 3002 1281 3036 insi-

355 3077 493 3108 nuans,
512 3065 605 3114 quia
620 3064 815 3099 Christum
829 3063 995 3112 oportuit
1007 3063 1093 3111 pati
1105 3069 1142 3097 et
1159 3074 1283 3098 resur-

352 3137 439 3174 gere
461 3138 485 3160 a
504 3125 680 3165 mortuis;
698 3131 733 3159 et
750 3124 843 3174 quia
861 3122 923 3158 hio
941 3130 998 3158 est
1019 3122 1194 3159 Christus
1217 3122 1282 3159 Je-

354 3196 428 3231 sus,
445 3197 553 3234 quern
569 3196 636 3234 ego
654 3184 846 3219 annuntio
865 3183 989 3218 vobis.

353 3313 368 3347 1
382 3341 388 3347 .
418 3313 553 3348 Rursus
568 3325 695 3362 parvas
711 3319 986 3363 praetercurrunt
1001 3310 1174 3360 civitates,
1187 3320 1219 3348 et
1235 3312 1280 3349 ad

300 3371 448 3422 majores
474 3371 652 3420 festinant,
672 3371 767 3421 quod
792 3371 873 3410 inde
891 3371 991 3422 quasi
1020 3385 1063 3409 ex
1085 3371 1180 3409 fonte
1200 3386 1278 3411 ver-

1316 242 1502 271 ARCHIEP
1512 261 1520 270 .
1558 240 1892 269 CONSTANTINOP
1903 259 1910 267 .

1343 338 1402 359 ται
1427 321 1490 364 ἕως
1521 321 1561 358 ἂν
1582 321 1695 371 λάὃῃ·
1725 324 1742 357 ὁ
1767 321 1802 358 δὲ
1831 321 1949 361 ἁπλῶς
1981 318 2224 370 ἀφοσιούμενος
2242 347 2250 363 ,
2274 316 2358 353 “’κα“ι

1345 384 1438 433 αὐτῷ
1470 381 1581 432 τούτῳ
1614 381 1716 430 νόμον
1744 383 1900 432 πληρῶν,
1932 382 1992 417 οὐκ
2007 378 2044 416 Δἐν
2078 377 2222 428 ἀληθείᾳ
2247 379 2357 413 καλεῖ.

1343 444 1419 485 Πᾶς
1444 441 1536 484 ὅστις
1562 441 1601 477 ἂν
1617 435 1657 491 ἧς
1673 468 1681 484 ,
1700 440 1746 489 μὴ
1764 439 1843 490 λε’γε
1858 439 1910 476 ὅτι
1927 438 2132 490 ἁμαρτωλός
2152 440 2224 487 εἶμι
2244 436 2359 486 μόνον,

1344 502 1434 541 ἀλλὰ
1447 502 1506 539 καὶ
1522 502 1694 544 σπούδαζε
1716 499 1914 542 ἀπαλλάξαι
1934 499 2058 536 σαυτὸν
2077 498 2201 544 ταύτης
2221 501 2282 543 τῆς
2301 497 2357 533 δό-

1344 562 1402 608 ξης
1414 578 1421 585 ·
1438 561 1486 611 μὴ
1501 560 1593 611 λέγε,
1610 560 1700 598 ἀλλὰ
1716 559 1774 597 καὶ
1791 559 1900 609 ἄλγει.
1917 560 1963 596 Εἰ
1980 559 2094 608 ἀλγεῖς
2108 586 2117 602 ,
2139 558 2358 600 σπουδάζεις

1344 625 1372 660 εἷ
1395 622 1443 672 μὴ
1472 622 1697 672 σπουδάζεις,
1720 622 1781 658 οὐκ
1805 621 1931 670 ἀλγεῖς·
1955 620 1984 655 εἰ
2008 618 2056 668 μὴ
2077 620 2204 667 ἀλγεῖς,
2226 617 2358 668 χλευά-

1344 686 1420 726 ζεις.
1439 682 1503 724 Τίς
1521 681 1631 732 λέγων
1654 681 1705 718 ὅτι
1722 683 1829 727 νοσῶ,
1850 681 1887 718 οὐ
1904 680 2020 717 πάντα
2039 684 2129 715 ποιεῖ
2145 678 2235 716 ὥστε
2251 681 2357 716 ἀπαλ-

1344 746 1513 794 λαγῆναι,
1539 742 1640 792 Μέγα
1660 741 1765 779 ὅπλον
1786 740 1882 792 εὐχή.
1911 742 1953 778 Εἰ
1979 743 2076 789 ὑμεῖς
2097 738 2231 785 οἴδατε,
2253 739 2337 789 φησὶ
2351 768 2361 783 ,

1345 804 1480 853 δόματα
1499 802 1612 853 ἀγαθὰ
1632 802 1760 840 διδόναι
1778 807 1848 844 τοῖς
1869 800 2000 842 τέκνοις
2019 802 2128 849 ὑμῶν,
2151 799 2249 850 πόσῳ
2270 799 2362 848 μᾶλ-

1343 865 1401 901 λον
1424 866 1442 901 ὁ
1462 862 1588 914 Πατὴρ
1603 865 1718 912 ὑμῶν,
1738 861 1805 899 Διὰ
1820 860 1852 898 τί
1871 863 1908 898 οὐ
1928 860 2036 903 θέλεις
2055 861 2277 910 προσελθεῖν,
2295 860 2361 896 Φι-

1344 928 1395 963 λεῖ
1421 941 1458 963 σε
1474 955 1483 970 ,
1519 923 1661 961 δύναται
1693 923 1831 960 πάντων
1857 921 1960 959 πλέον
1974 936 1981 943 ·
2018 921 2076 958 καὶ
2113 920 2271 971 βούλεται
2303 920 2362 956 καὶ

1346 986 1511 1032 δύναται,
1533 985 1566 1022 τί
1599 985 1639 1022 τὸ
1671 984 1824 1029 κωλύον,
1854 982 1978 1021 Οὐδέν.
2006 983 2143 1020 Οὐκοῦν
2163 981 2362 1031 προσίωμεν

1346 1046 1434 1097 μετὰ
1459 1046 1626 1088 πίστεως,
1658 1045 1857 1095 προσίωμεν
1878 1042 1922 1080 τὰ
1951 1045 2044 1114 δωρα
2074 1041 2321 1094 προσφέροντες
2341 1041 2362 1077 ἃ

1347 1106 1528 1156 βούλεται,

1343 1166 1416 1205 Κᾶν
1437 1166 1641 1217 ἁμαρτω)ος
1660 1169 1720 1215 ᾐς,
1744 1180 1831 1215 μετα
1859 1163 2057 1216 παρρησίας
2076 1163 2175 1201 αὐτον
2211 1161 2360 1206 ἀπαιτη-

1570 1104 1841 1155 ἀμνησικακίαν,
1874 1103 2120 1179 γρπγστότητα,
2164 1101 2360 1153 πραότητα.

1343 1243 1413 1270 σεις
1431 1244 1493 1273 ττν
1518 1226 1738 1278 συγχώρησιν
1760 1228 1828 1262 τῶν
1848 1227 2020 1277 ἁααρτημ
2023 1224 2062 1261 ά
2046 1239 2128 1269 των,
2147 1223 2236 1296 {7ow
2257 1221 2361 1265 δείξαι

1343 1289 1436 1340 παρὰ
1468 1290 1584 1325 σαυτῶ
1612 1290 1713 1324 τοῦτο
1741 1286 1994 1337 γεγενημένον·
2022 1285 2060 1322 ἂν
2092 1284 2127 1321 δὲ
2147 1284 2276 1325 δίκαιος
2296 1286 2337 1333 ᾐς
2355 1312 2364 1326 ,

1343 1365 1400 1386 και
1420 1353 1518 1386 τοῦτο
1549 1347 1597 1397 μὴ
1620 1347 1702 1399 ἔχῃς
1733 1362 1772 1383 το
1798 1349 2015 1395 ἀμνησικακε
2018 1352 2061 1389 ῖν,
2089 1344 2185 1382 ουδὲν
2216 1342 2362 1388 ὤνησας.

1343 1411 1419 1447 Οὐκ
1438 1408 1530 1446 ἔστιν
1552 1408 1729 1459 ἄνθρωπον
1747 1405 1877 1455 ἀφέντα
1893 1408 1942 1456 τῷ
1956 1403 2116 1450 πλησίον,
2139 1403 2186 1453 μὴ
2202 1401 2365 1454 ἀκριὸοῧς

1343 1475 1458 1520 τυχεῖν
1477 1471 1538 1514 τῆς
1550 1467 1714 1518 ἀφέσεως·
1730 1464 2047 1516 φιλανθρωπότερος
2064 1464 2130 1515 γὰρ
2144 1465 2244 1513 ἡμῶν
2260 1464 2364 1512 ἀσυγ-

1343 1529 1467 1580 κρίτως
1483 1528 1574 1565 ἐστὶν
1589 1531 1606 1565 ὃ
1622 1527 1710 1570 Θεός
1722 1543 1729 1549 ·
1764 1531 1888 1564 ετοῦτο
1906 1526 2011 1563 παντὶ
2029 1526 2144 1570 δῆλον.
2163 1524 2210 1562 Τί
2229 1523 2340 1574 λέγεις
2355 1539 2364 1569 ;

1343 1588 1429 1627 Ἐὰν
1449 1588 1548 1639 εἴπῃς
1561 1618 1570 1634 ,
1591 1587 1760 1634 ἠδικήθην
1772 1618 1781 1634 ,
1798 1589 1901 1638 ὀργῆς
1933 1586 2110 1638 ἐκράτησα
2123 1616 2132 1632 ,
2149 1589 2255 1635 θυμοῦ
2277 1584 2365 1630 ἐπί,-

1347 1665 1439 1700 ρειαν
1461 1648 1586 1686 ἔπαθον
1610 1647 1667 1686 διὰ
1685 1647 1723 1685 τὸ
1751 1647 1809 1684 σὸν
1830 1647 2059 1698 πρόσταγμα,
2077 1647 2138 1683 οὐκ
2159 1645 2286 1696 ἀφήσει
2306 1645 2366 1682 καὶ

1347 1708 1467 1756 αὐτός,
1488 1707 1635 1750 Πάντως
1653 1712 1732 1758 γοῦν
1758 1707 1895 1759 ἀφήσει.
1910 1706 2022 1745 “stote
2041 1706 2284 1757 καθαρίσωμεν
2303 1704 2365 1750 τὴν

1347 1768 1461 1820 ψυχὴν
1495 1772 1557 1815 τῆς
1586 1767 1830 1819 μνησικακίας.
1847 1767 1960 1820 Ἀρκεῖ
1984 1770 2093 1811 γτοῦτο
2119 1770 2203 1816 ἡμῖν
2223 1765 2307 1816 πρὸς
2328 1765 2369 1802 τὸ

1348 1830 1577 1876 ἀκουσθῆναι,
1607 1828 1667 1866 καὶ
1701 1828 1789 1878 μετὰ
1809 1828 1945 1880 νήψεως
1974 1825 2274 1879 προσευχώμεθα,
2308 1825 2368 1862 καὶ

1346 1890 1478 1934 πολλῆς
1504 1892 1565 1935 τῆς
1584 1888 1810 1940 προσεδρίας,
1826 1887 1882 1925 ἵνα
1902 1888 2064 1938 δαψιλοῦς
2081 1890 2144 1932 τῆς
2162 1886 2244 1937 παρ’
2267 1885 2369 1941 αὐτοῦ

1347 1949 1605 2002 φιλανθρωπίας
1648 1948 1906 1990 ἀπολαύσαντες
1926 1976 1936 1993 ,
1983 1946 2252 1996 καταξιωθῶμεν
2299 1946 2367 1981 τῶν

1347 2011 1616 2062 ἐπηγγελμένων
1645 2012 1796 2061 ἀγαθῶν,
1826 2010 1947 2061 χάριτι
1971 2007 2030 2046 καὶ
2050 2005 2290 2058 φιλανθρωπίᾳ
2309 2008 2367 2042 τοῦ

1346 2071 1475 2122 Κυρίου
1495 2072 1595 2120 ἡμῶν
1614 2069 1731 2116 Ἰησοῦ
1752 2071 1903 2120 Χριστοῦ
1918 2100 1927 2117 ,
1947 2071 2020 2119 μεθ’
2042 2062 2080 2106 οἷ
2100 2070 2149 2118 τῷ
2163 2066 2279 2117 Πατρὶ
2294 2066 2369 2115 ἅμα

1345 2134 1394 2182 τῷ
1415 2130 1502 2181 ἁγίῳ
1519 2129 1702 2179 Πνεύματι
1723 2129 1822 2177 δόξα,
1842 2130 1988 2181 κράτος,
2005 2127 2111 2178 τιμὴ,
2132 2132 2188 2166 νῦν
2211 2127 2270 2164 καὶ
2291 2124 2368 2171 ἀεὶ,

1347 2192 1405 2229 καὶ
1421 2193 1467 2234 εἷς
1481 2190 1559 2234 τοὺς
1575 2193 1705 2234 αἰῶνας
1723 2194 1792 2228 τῶν
1812 2190 1960 2228 αἰώνων.
1979 2189 2103 2238 Ἀμην.

1358 2323 1522 2364 ἀφίσταται
1546 2318 1614 2349 siue
1631 2322 1690 2351 καί.
1708 2318 1791 2349 Item
1809 2315 1917 2348 meteri
1933 2314 2058 2357 Codd.]

1720 2578 1897 2614 OMIAIA
1938 2576 2000 2619 λζ’.

1351 2698 1598 2740 Διοδεύσαντες
1631 2698 1665 2735 δὲ
1702 2698 1765 2744 τὴν
1798 2699 2002 2750 Ἀμφίπολιν
2037 2700 2096 2736 καὶ
2124 2698 2370 2745 Ἀπολλωνίαν,

1406 2755 1509 2806 ἦλθον
1530 2762 1577 2803 εἷς
1596 2759 1870 2805 Θεσσαλονίκην,
1891 2759 1973 2797 ὅπου
1994 2754 2035 2805 ἦν
2060 2762 2078 2804 ἡ
2100 2757 2282 2808 συναγωγὴ
2302 2761 2369 2796 τῶν

1404 2820 1595 2858 Ἰουδαίων.
1619 2820 1720 2858 Κατὰ
1741 2819 1775 2857 δὲ
1798 2820 1837 2857 τὸ
1857 2820 1973 2862 εἰωθὸς
2001 2822 2051 2870 τῷ
2081 2818 2214 2869 Παύλῳ
2235 2821 2371 2864 εἰσῆλθε

1405 2882 1489 2932 πρὸς
1509 2880 1649 2927 αὐτοὺς,
1670 2881 1728 2917 καὶ
1757 2880 1814 2918 ἐπὶ
1839 2879 1997 2918 affigam
2016 2878 2095 2930 τρία
2116 2879 2284 2929 διελέγετο
2306 2881 2370 2916 αὐ-

1405 2948 1475 2984 τοῖς
1492 2942 1559 2979 ἀπὸ
1576 2945 1642 2979 τῶν
1670 2943 1831 2993 Γραφῶν,
1855 2939 2033 2990 διανοίγων
2051 2939 2108 2976 καὶ
2130 2939 2369 2992 παρατιθέμε-

1405 3019 1476 3049 νος,
1493 3003 1545 3040 ὅτι
1558 3003 1615 3040 τὸν
1635 3002 1784 3052 Χριστὸν
1801 3001 1868 3038 ἔδει
1885 3004 2020 3047 παθεῖν,
2041 3000 2098 3037 καὶ
2120 3003 2312 3046 ἀναστῆναι
2332 3003 2371 3037 ἐκ

1404 3066 1546 3115 νεκρῶν,
1563 3064 1622 3101 καὶ
1637 3063 1689 3100 ὅτι
1708 3057 1804 3104 οὗτός
1821 3064 1895 3100 ἐστι
1909 3061 2057 3112 Χριστὸς
2076 3061 2226 3107 Ἰησοῦς,
2247 3062 2282 3099 ὃν
2303 3061 2371 3111 ἐγὼ

1405 3125 1631 3175 καταγγέλλω
1651 3127 1742 3173 ὑμῖν.

1404 3313 1518 3350 Πάλιν
1543 3313 1604 3354 τὰς
1634 3311 1694 3362 μὲν
1724 3310 1849 3364 μικρὰς
1870 3311 2130 3363 παρατρέχουσι
2149 3310 2286 3357 πόλεις,
2312 3310 2370 3347 ἐπὶ

1352 3373 1385 3412 δὲ
1406 3373 1467 3415 τὰς
1488 3372 1620 3422 μείζους
1642 3371 1858 3422 ἐπείγονται,
1883 3373 2010 3409 ἐκεῖθεν
2031 3371 2187 3421 καθάπερ
2216 3371 2253 3409 ἔκ
2280 3385 2369 3412 τινος
