2502 3810
155 2948 242 2977 -Ῐυηη,
253 2949 338 2988 424.

386 239 479 301 476
839 248 875 276 s.
913 245 1095 275 mmsis
1132 242 1371 272 cnmsos‘r.

385 336 432 372 sit
453 349 461 370 ε
479 334 516 370 in
535 330 699 383 precibus
718 325 956 373 circumferre,
977 323 1085 373 idque
1106 320 1355 366 indesinenter,

384 394 498 444 cogita
522 390 643 440 quanti
663 389 708 425 sit
732 387 877 424 affectus
901 393 934 423 et
958 383 1102 421 amoris.
1125 383 1217 420 Cum
1240 390 1357 419 autem
1371 415 1418 441 458

1410 242 1619 271 AnCfflEP.

1655 242 1738 270 CON
1745 242 1990 274 §TANTINOP
1999 263 2007 271 .

1431 336 1534 368 νοιτο,
1555 323 1584 358 εἰ
1603 320 1652 370 μὴ
1674 322 1743 359 ἀπὸ
1769 322 1907 372 ἀγάπης
1924 323 2072 369 πολλῆς·
2105 321 2143 359 τὸ
2163 324 2197 360 ἐν
2219 322 2335 373 εὐχαῖς
2353 322 2444 373 ἔχειν

1431 382 1491 419 καὶ
1507 380 1737 424 ἀδιαλείπτως
1755 382 1861 432 ἔχειν,
1875 383 2033 429 ἐννόησον
2050 381 2159 429 πόσης
2175 382 2248 420 ἔστι
2262 382 2447 425 διαθέσεως

382 454 470 490 dicit
484 482 493 500 ,
516 453 590 489 Cui
612 451 735 487 servio
759 451 800 485 in
820 449 958 498 spiritu
979 459 1074 491 meo,
1094 447 1136 482 in
1159 443 1359 494 evangelio
1383 452 1408 480 A
1431 440 1489 478 καὶ
1523 440 1647 493 φιλίας.
1661 440 1776 479 (Ὅταν
1793 441 1828 480 δὲ
1847 441 1928 494 εἴπῃ
1944 473 1955 491 ,
1981 437 2032 497 ’ᾯ
2051 442 2205 494 λατρεύω
2225 443 2259 479 ἐν
2276 444 2326 493 τῷ
2345 442 2447 479 πνεύ-

381 511 478 547 Filii
507 511 611 560 ejus,
642 507 708 545 Dei
737 506 887 557 gratiam
908 504 1036 552 simul,
1062 512 1095 541 et
1117 501 1359 540 humilitatem

379 584 478 608 suam
503 569 604 607 nobis
631 568 776 606 exhibet
800 582 808 603 ε
829 566 895 604 Dei
918 566 1080 616 gratiam,
1105 562 1202 615 quod
1224 571 1359 601 tantam

378 644 450 667 rem
464 630 532 682 ipsi
547 628 764 667 commiserit
778 643 785 668 ;
806 626 1044 664 humilitatem
1058 638 1172 671 suam,
1191 623 1274 674 quia
1288 637 1359 660 non

376 690 495 728 studio
514 704 590 739 suo,
612 689 673 727 sed
693 688 849 740 Spiritus
873 686 1012 725 auxilio
1036 694 1150 723 totum
1169 683 1353 722 adscribit.

375 752 468 790 Cum
495 761 613 790 autem
641 750 865 802 evangelium
888 747 1003 796 addit,
1031 746 1219 784 ministerii
1247 759 1357 797 genus

375 812 520 850 indicat.
559 813 653 850 Nam
688 810 795 848 multi
823 818 857 848 et
891 808 1024 847 diversi
1053 815 1135 845 sunt
1167 806 1355 844 ministerii

374 874 489 923 modi,
515 873 701 923 cultusque
724 870 900 909 similiter.
920 867 1234 920 Quemadmodum
1261 867 1356 905 enim

374 934 469 985 apud
488 947 586 985 reges
601 947 720 971 omnes
739 932 806 969 sub
825 921 895 969 uno
913 939 994 969 sunt
1012 929 1186 982 principe,
1205 928 1266 966 sed
1284 942 1353 967 non

372 996 468 1034 idem
494 1010 614 1034 omnes
642 994 880 1032 ministerium
907 1000 1071 1031 exercent
1100 1007 1108 1028 :
1137 990 1228 1028 alius
1259 990 1355 1028 enim

373 1057 546 1095 exercitui
566 1057 732 1108 imperat,
755 1055 846 1093 alius
865 1054 970 1092 urbes
992 1052 1095 1103 regit,
1119 1052 1212 1089 alius
1230 1051 1267 1089 in
1290 1065 1352 1103 pe-

373 1118 506 1156 nuariis
530 1118 698 1170 pecunias
723 1125 842 1154 servat
869 1132 876 1152 :
900 1115 950 1152 sic
970 1123 1003 1152 et
1026 1114 1062 1150 in
1087 1112 1349 1165 spiritualibus,

371 1179 463 1217 alius
476 1193 538 1231 per
555 1179 665 1216 fidem
681 1180 798 1216 Deum
814 1176 898 1214 colit
920 1175 1059 1227 ipsique
1075 1174 1200 1224 servit,
1222 1173 1352 1211 vitam-

372 1255 440 1290 que
462 1254 563 1278 suam
581 1249 674 1278 recte
701 1238 856 1276 instituit
885 1253 893 1274 :
915 1236 1007 1274 alius
1025 1235 1180 1287 hospites
1205 1234 1351 1286 excipit,

370 1301 461 1338 alius
475 1301 624 1352 inopum
641 1313 763 1337 curam
781 1297 900 1350 gerit·:
919 1295 1220 1346 quemadmodum
1244 1295 1350 1333 etiam

370 1361 467 1413 apud
490 1361 666 1413 apostolos
694 1359 893 1412 Stephanus
920 1372 983 1410 per
1008 1356 1200 1395 viduarum
1227 1356 1350 1408 praesi-

368 1423 471 1460 dium
487 1432 520 1460 et
538 1436 660 1460 curam
673 1424 748 1460 Deo
763 1420 952 1468 serviebat3
971 1419 1062 1456 alius
1075 1433 1139 1470 per
1150 1417 1350 1456 doctrinam

368 1482 488 1531 verbi;
511 1496 555 1521 ex
583 1495 735 1533 quorum
760 1493 906 1518 numero
935 1478 1067 1516 Paulus
1094 1487 1189 1528 erat,
1219 1478 1282 1528 qui
1312 1478 1348 1515 in

368 1542 617 1595 praedicatione
635 1540 811 1591 evangelii
829 1542 902 1578 Deo
922 1539 1096 1576 serviebat
1116 1553 1125 1573 z
1148 1547 1181 1575 et
1199 1538 1255 1575 hic
1276 1546 1350 1575 erat

365 1604 479 1655 ipsius
494 1602 675 1641 servitutis
685 1601 812 1638 modus
827 1616 834 1636 :
851 1600 918 1637 hoc
930 1599 1025 1636 enim
1039 1598 1107 1650 ipsi
1118 1598 1347 1635 commissum

364 1667 490 1702 fuerat.
511 1663 593 1700 Ideo
619 1676 688 1700 non
711 1661 818 1699 modo
850 1662 964 1698 Deum
996 1668 1119 1696 testem
1138 1667 1258 1708 vocat,
1286 1658 1348 1697 sed

363 1725 402 1762 id
428 1724 497 1762 sibi
519 1722 763 1761 concreditum
791 1735 864 1758 esse
889 1719 993 1768 dicit,
1021 1719 1202 1757 declarans
1233 1733 1269 1757 se
1288 1720 1347 1757 cui

362 1785 446 1822 talia
472 1783 659 1823 commissa
688 1783 839 1830 fuerant,
857 1780 1132 1819 committentem
1153 1779 1222 1817 sibi
1237 1779 1273 1817 in
1288 1789 1344 1818 te—

361 1856 449 1885 stem
464 1860 530 1899 pro
550 1860 587 1883 re
601 1845 688 1882 falsa
711 1857 909 1893 numquam
926 1850 1137 1880 vocaturum
1156 1840 1273 1879 fuisse.
1289 1842 1345 1880 Ad

359 1908 436 1945 baec
448 1907 555 1945 etiam
570 1905 663 1943 illud
677 1904 754 1943 vult
768 1902 962 1951 ostendere,
978 1902 1160 1940 caritatem
1175 1911 1208 1940 et
1222 1917 1344 1941 curam

361 1985 466 2021 quam
484 1969 528 2008 de
549 1969 623 2007 illis
651 1969 792 2020 gerebat
817 1965 1050 2004 necessariam
1068 1980 1153 2004 esse.
1177 1967 1230 2004 Ne
1247 1966 1343 2004 dice-

360 2041 436 2070 rent
456 2032 550 2070 enim
571 2047 578 2067 :
596 2032 655 2068 Tu
674 2029 752 2081 quis
774 2043 824 2075 es,
844 2037 877 2066 et
899 2028 992 2065 unde
1005 2027 1160 2067 civitatis
1179 2037 1284 2066 tantae
1303 2043 1343 2067 ac

359 2093 464 2144 regiae
491 2106 613 2130 curam
640 2101 674 2129 te
704 2090 880 2142 suscipere
913 2088 1027 2126 dicis?
1058 2088 1210 2126 ostendit
1243 2089 1343 2127 illam

361 2171 461 2194 suam
483 2154 758 2194 sollicitudinem
777 2152 1008 2191 necessariam
1034 2167 1110 2191 esse
1129 2168 1136 2189 ε
1162 2152 1343 2203 siquidem

360 2217 418 2256 hic
431 2217 485 2254 illi
501 2215 679 2254 servitutis
694 2214 820 2252 modus
835 2213 1045 2251 constitutus
1059 2222 1122 2261 est,
1139 2222 1178 2250 ut
1193 2227 1343 2265 evange-

360 2277 452 2314 lium
470 2275 663 2313 annuntiet.
688 2275 780 2311 Nam
798 2273 841 2320 is,
860 2273 917 2309 cui
934 2271 1002 2309 hoc
1023 2285 1154 2309 munus
1170 2273 1342 2310 traditum

361 2346 424 2385 est,
443 2335 637 2374 necessario
661 2334 765 2372 debet
790 2347 865 2381 eos,
886 2332 946 2382 qui
974 2332 1124 2370 verbum
1144 2333 1342 2384 suscepturi

361 2406 455 2446 sunt,
471 2410 608 2449 semper
633 2396 670 2433 in
686 2403 800 2432 mente
812 2393 952 2431 hahere.
976 2392 1085 2430 Aliud
1105 2392 1212 2430 etiam
1231 2393 1341 2444 signi-

360 2459 464 2507 ficat,
485 2471 568 2495 cum
594 2456 682 2494 dicit
701 2471 708 2491 :
730 2457 779 2492 Ιη
797 2456 933 2505 spiritu
960 2467 1042 2490 meo
1065 2469 1075 2488 :
1093 2452 1190 2503 quod
1215 2467 1340 2505 nempe

360 2520 462 2572 longe
476 2517 663 2556 sublimior
682 2516 758 2553 haec
778 2514 903 2566 religio
925 2529 1033 2565 quam
1053 2514 1192 2565 gentilis
1218 2524 1250 2552 et
1270 2516 1339 2554 Ju—

359 2579 460 2616 daica
477 2596 485 2616 :
504 2592 587 2616 nam
599 2577 739 2629 gentilis
752 2584 785 2614 et
797 2589 941 2614 erronea
959 2584 992 2612 et
1008 2574 1158 2612 carnalis
1174 2583 1259 2623 erat,
1275 2577 1295 2615 J
1300 2590 1339 2612 u-

357 2640 458 2678 daica
473 2648 590 2677 autem
599 2652 682 2677 vera
693 2636 852 2688 quidem,
871 2635 933 2674 sed
947 2635 1096 2674 carnalis
1111 2644 1144 2673 et
1159 2635 1235 2687 ipsa
1248 2645 1335 2687 erat,

358 2700 524 2738 Ecclesiae
541 2713 646 2752 porro
665 2698 793 2747 cultus,
814 2696 938 2748 gentili
959 2696 1168 2745 contrarius,
1188 2696 1338 2736 Judaico

355 2771 471 2800 autem
490 2761 595 2812 longe
612 2759 801 2798 sublimior
826 2766 888 2796 est.
908 2758 988 2795 Non
1008 2757 1102 2795 enim
1121 2771 1217 2806 oves,
1240 2758 1338 2797 vitu—

355 2823 423 2872 los,
438 2823 577 2860 fumum
592 2830 626 2860 et
647 2820 813 2858 nidorem
835 2818 952 2856 cultus
972 2827 1090 2856 noster
1103 2818 1261 2869 adhibet,
1277 2820 1337 2858 sed

354 2898 418 2935 per
451 2884 607 2921 animam
642 2881 863 2933 spiritualem
898 2880 938 2917 fit
975 2895 984 2915 ι
1023 2879 1119 2930 quod
1152 2880 1337 2919 ostendens

353 2944 519 2984 Christus
541 2943 680 2981 dicebat
701 2958 709 2979 ε
733 2942 898 2993 Spiritus
917 2949 971 2978 est
989 2941 1110 2989 Deus,
1134 2949 1171 2979 et
1190 2954 1253 2979 eos
1269 2945 1336 2994 qui

353 3008 466 3044 illum
488 3007 671 3053 adorant,
689 3007 730 3041 in
754 3006 891 3055 spiritu
919 3011 956 3040 et
976 3005 1143 3040 veritate
1169 3004 1337 3042 adorare

351 3076 509 3120 oportet.
531 3069 580 3104 In
599 3066 800 3117 evangelio
811 3065 909 3102 Filii
929 3065 1025 3116 ejus.
1055 3066 1147 3103 Cum
1172 3065 1333 3117 superius

349 3129 498 3168 dixisset
525 3127 749 3178 evangelium
777 3125 891 3164 Patris
922 3139 1015 3175 esse,
1047 3125 1107 3164 hic
1134 3126 1225 3165 Filii
1261 3141 1334 3166 esse

348 3189 431 3228 dicit
455 3206 461 3227 :
481 3189 528 3227 ita
541 3187 780 3225 indifferenter
795 3185 911 3224 Patris
927 3194 960 3223 et
974 3186 1058 3224 Filii
1077 3185 1222 3225 dicitur.
1243 3187 1331 3226 Edi-

388 3305 399 3317 -‘⁴
426 3296 497 3325 Duo
515 3294 588 3324 3155,
607 3296 711 3327 πολλοὶ
729 3300 779 3330 τῆς
799 3296 935 3335 λατρείας
963 3297 987 3325 οἱ
1012 3299 1115 3337 τρόποι
1135 3298 1183 3327 καὶ
1200 3296 1342 3338 διάφοροι.

344 3346 414 3388 [Sic
430 3347 480 3378 A]
499 3350 545 3377 καὶ
564 3350 698 3387 καθάπερ
716 3348 759 3377 ἐπὶ
779 3353 835 3376 τῶν
852 3348 1010 3384 βασιλέων.

389 3399 402 3422 ¹³
426 3396 529 3429 Iidem
553 3401 781 3439 μετ’]χειρὲζειψ
802 3395 868 3437 [δὶς
888 3396 921 3427 A.
948 3393 1040 3427 Idem
1058 3395 1157 3439 paulo
1183 3405 1257 3429 autc
1275 3403 1346 3430 2222.-

1435 500 1519 552 ματί
1553 517 1616 551 μου
1634 531 1643 548 ,
1678 503 1712 539 ἐν
1745 504 1794 553 τῷ
1814 502 2002 554 εὐαγγελίῳ
2021 507 2081 540 τοῦ
2100 504 2184 541 Υἱοῦ
2206 504 2309 540 αὐτοῦ
2322 531 2332 548 ,
2360 505 2446 553 ὁμοῦ

1430 560 1491 612 μὲν
1510 560 1573 607 τὴν
1594 564 1652 599 τοῦ
1669 563 1760 599 Θεοῦ
1779 562 1902 613 χάριν,
1922 565 2008 612 ὁμοῦ
2029 562 2064 601 δὲ
2083 563 2144 610 τὴν
2165 565 2269 600 αὑτοῦ
2286 578 2446 601 ταπεινο-

1429 620 1609 673 φροσύνην,
1619 621 1829 660 ἐνδείκνυται
1852 626 1935 672 ἡμῖν
1949 639 1956 646 ·
1976 622 2039 669 τὴν
2058 622 2120 673 μὲν
2138 627 2197 661 τοῦ
2216 625 2308 662 Θεοῦ
2327 623 2445 675 χάριν,

1428 682 1480 720 ὅτι
1514 686 1674 722 τοσοῦτον
1706 685 1801 734 αὐτῷ
1823 690 1973 736 πρᾶγμα
1993 683 2176 737 ἐπέτρεψε,
2198 685 2261 731 τὴν
2282 685 2318 722 δὲ
2338 687 2442 723 αὑτοῦ

1427 742 1756 796 ταπεινοφροσύνην,
1781 743 1836 783 ὅτι
1857 743 1937 795 οὐχὶ
1962 747 2004 796 τῇ
2025 746 2148 782 ἑαυτοῦ
2175 745 2328 796 σπουδῇ,
2353 743 2444 782 ἀλλὰ

1426 806 1468 855 τῇ
1495 808 1554 841 τοῦ
1584 802 1790 854 Πνεύματος
1821 803 1963 858 βοηθείᾳ
1981 804 2020 842 τὸ
2037 811 2107 842 πᾶν
2124 804 2311 856 λογίζεται.
2343 804 2389 842 ‘H
2407 803 2444 842 δὲ

1425 868 1484 903 τοῦ
1499 865 1699 917 εὐαγγελίου
1716 866 1898 919 προσθήκη
1914 865 1953 904 τὸ
1967 859 2054 909 εἶδος
2070 866 2168 913 δηλοῖ
2182 869 2244 913 τῆς
2259 865 2444 910 διακονίας.

1425 925 1495 963 Καὶ
1527 924 1595 977 γὰρ
1619 926 1766 964 ἔ’πολλοὶ
1784 928 1847 972 τῆς
1865 926 2041 970 διακονίας
2058 928 2089 963 οἱ
2106 925 2228 979 τρόποι
2247 926 2307 964 καὶ
2327 926 2444 978 διάφο-

1425 1000 1491 1038 ροι,
1516 986 1577 1024 καὶ
1595 990 1657 1033 τῆς
1675 986 1837 1039 λατρείας
1856 985 1892 1025 δὲ
1912 986 2090 1030 ὡσαύτως,
2113 986 2282 1039 Καθάπερ
2300 987 2367 1040 γὰρ
2387 988 2444 1025 ἐπὶ

1422 1050 1490 1084 τῶν
1510 1046 1681 1097 βασιλέων
1702 1046 1828 1091 πάντες
1849 1046 1911 1098 μέν
1934 1049 2020 1085 εἰσιν
2036 1049 2091 1099 ὑφ’
2110 1046 2160 1085 ἑνὶ
2175 1048 2380 1098 τεταγμένοι
2394 1051 2445 1099 τῷ

1427 1106 1670 1157 βασιλεύοντι,
1697 1107 1936 1145 διακονοῦνται
1970 1106 2006 1144 δὲ
2035 1109 2072 1145 οὖ
2104 1107 2231 1151 πάντες
2263 1107 2308 1145 τὰ
2341 1108 2442 1156 αὐτὰ,

1376 1172 1399 1202 Β
1423 1167 1512 1206 ἀλλὰ
1530 1171 1580 1220 τῷ
1601 1168 1663 1218 μέν
1680 1169 1772 1206 ἐστιν
1789 1171 1810 1213 ἡ
1829 1167 1983 1206 διακονία
2000 1171 2032 1206 ἐν
2050 1171 2100 1220 τῷ
2120 1167 2362 1220 στρατοπέδων
2380 1168 2442 1219 ἄρ-

1421 1244 1508 1280 χειν,
1528 1232 1577 1280 τῷ
1602 1228 1638 1267 δὲ
1660 1229 1693 1266 ἓν
1713 1230 1763 1280 τῷ
1782 1228 1900 1271 πόλεις
1919 1230 2126 1279 οἰκονομεῖν,
2157 1227 2263 1280 ἑτέρῳ
2281 1227 2386 1266 πάλιν
2405 1229 2441 1264 ἐν

1420 1292 1470 1340 τῷ
1502 1289 1686 1341 φυλάττειν
1717 1289 1762 1327 τὰ
1787 1291 1821 1328 ἐν
1841 1295 1915 1332 τοῖς
1933 1288 2102 1339 ταμιείοις
2128 1288 2316 1340 χρήματα·
2351 1287 2442 1326 οὕτω

1420 1351 1480 1388 καὶ
1499 1350 1557 1388 ἐπὶ
1575 1353 1643 1388 τῶν
1663 1352 1907 1400 πνευματικῶν
1928 1352 1945 1387 ὁ
1965 1349 2025 1399 μὲν
2046 1349 2205 1400 λατρεύει
2220 1352 2269 1400 τῷ
2283 1351 2366 1401 Θεῷ
2381 1349 2441 1387 καὶ

1420 1410 1572 1449 δουλεύει
1593 1413 1626 1448 ἐν
1646 1413 1695 1462 τῷ
1713 1409 1888 1448 πιστεύειν
1907 1410 1967 1448 καὶ
1983 1409 2039 1447 τὸν
2064 1410 2138 1460 βίον
2156 1409 2214 1447 τὸν
2233 1411 2355 1447 ἑαυτοῦ
2376 1424 2439 1447 κα·-

1418 1472 1487 1514 λῶς
1503 1473 1705 1521 οἰκονομεῖν,
1726 1474 1743 1508 ὃ
1764 1471 1799 1510 δὲ
1818 1474 1852 1510 ἐν
1870 1473 1919 1523 τῷ
1940 1470 2042 1515 ξένων
2059 1470 2245 1523 θεραπείαν
2265 1471 2438 1522 ἀναδέχε-

1419 1535 1520 1579 σθαι,
1537 1535 1556 1569 ὃ
1577 1531 1615 1570 δὲ
1630 1533 1664 1570 ἐν
1679 1535 1729 1584 τῷ
1747 1532 1810 1578 τὴν
1829 1532 2043 1583 προστασίαν
2064 1535 2131 1570 τῶν
2153 1531 2323 1582 δεομένων
2347 1531 2364 1551 ¹³
2377 1548 2437 1583 με-

1418 1591 1675 1645 ταχειρίζεσθαι
1691 1607 1699 1615 ·
1729 1592 1886 1644 καθάπερ
1905 1593 1965 1629 καὶ
1991 1591 2048 1629 ἐπὶ
2065 1594 2134 1629 τῶν
2150 1591 2352 1630 ἀποστόλων
2374 1595 2437 1630 αὐ-

1417 1655 1486 1690 τῶν
1506 1655 1537 1690 οἱ
1560 1652 1640 1705 περὶ
1660 1652 1717 1690 τὸν
1739 1652 1915 1703 Στέφανον
1937 1654 1970 1690 ἐν
1991 1655 2034 1704 τῇ
2054 1654 2122 1689 τῶν
2152 1655 2271 1704 χηρῶν
2289 1667 2441 1704 προστα-

1417 1712 1476 1764 σίᾳ
1501 1712 1676 1751 ἐδούλευον
1696 1715 1745 1765 τῷ
1765 1715 1847 1765 Θεῷ
1862 1743 1872 1760 ,
1896 1713 2000 1757 ἄλλος
2021 1714 2055 1750 ἐν
2075 1715 2119 1764 τῇ
2135 1717 2194 1750 τοῦ
2214 1711 2318 1765 λόγου
2335 1715 2437 1752 διδα-

1417 1773 1568 1824 σκαλίᾳ,
1591 1766 1639 1810 ὧν
1662 1773 1721 1811 καὶ
1749 1776 1766 1811 ὃ
1794 1774 1934 1817 Παῦλος
1965 1768 2028 1820 ἦν,
2061 1775 2096 1812 ἕν
2126 1776 2176 1826 τῷ
2204 1773 2244 1811 τὸ
2274 1773 2439 1826 κήρυγμα

1417 1833 1698 1885 εὐαγγελίζεσθαι
1713 1833 1890 1886 λατρεύων
1905 1849 1913 1856 ·
1931 1834 1992 1872 καὶ
2007 1827 2104 1876 οὗτος
2119 1827 2160 1880 ἦν
2177 1836 2194 1871 ὁ
2207 1837 2268 1881 τῆς
2285 1834 2439 1878 δουλείας

1416 1897 1520 1933 αὐτοῦ
1552 1895 1678 1947 τρόπος
1691 1911 1698 1918 ·
1745 1900 1844 1934 τοῦτο
1877 1894 1944 1947 γὰρ
1973 1889 2015 1942 ἦν
2046 1894 2325 1946 ἐπιτεταγμένος.
2369 1895 2439 1933 Διὰ

1414 1961 1513 1995 τοῦτο
1540 1959 1578 1994 οὐ
1612 1956 1772 2009 μάρτυρα
1800 1957 1899 1994 καλεῖ
1929 1956 1986 1994 τὸν
2007 1956 2095 1996 Θεὸν
2118 1955 2235 2006 μόνον,
2267 1956 2356 1994 ἀλλὰ
2375 1957 2438 1994 καὶ

1414 2016 1498 2068 ὅπερ
1526 2016 1745 2064 ἐνεπιστεύθη
1764 2016 1872 2068 λέγει,
1891 2017 2021 2060 δεικνὺς
2037 2017 2090 2055 ὅτι
2104 2019 2166 2055 οὐκ
2187 2017 2226 2055 ἂν
2245 2019 2438 2065 τηλικαῦτα

1415 2078 1638 2130 ἐγχειρισθεὶς
1650 2108 1661 2125 ,
1681 2078 1738 2115 τὸν
1759 2077 2040 2128 ἐμπιστεύσαντα
2061 2077 2219 2131 μάρτυρα
2238 2078 2295 2116 ἐπὶ
2317 2078 2436 2130 ψευδέ-

1416 2154 1469 2177 σιν
1484 2143 1497 2158 ⁰
1512 2138 1642 2176 ἐκάλει.
1674 2137 1776 2176 Μετὰ
1796 2138 1831 2176 δὲ
1845 2138 1966 2176 τούτου
1983 2141 2122 2177 κάκεῖνο
2137 2138 2244 2182 δεῖξαι
2261 2139 2435 2190 βούλεται,

1412 2199 1476 2246 τὴν
1498 2199 1637 2250 ἀγάπην
1657 2199 1720 2246 τὴν
1743 2199 1830 2252 ὑπὲρ
1851 2202 1976 2249 αὐτῶν,
1996 2201 2056 2238 καὶ
2074 2200 2137 2248 τὴν
2157 2200 2321 2253 φροντίδα
2346 2204 2435 2239 ἀνα-

1412 2259 1538 2309 γκαίαν
1557 2253 1674 2297 οῧσαν.
1695 2259 1775 2297 Ἵνα
1793 2259 1860 2310 γὰρ
1881 2260 1929 2310 μὴ
1945 2260 2086 2311 λέγωσι,
2103 2261 2144 2298 σὺ
2164 2261 2215 2304 τίς
2234 2260 2281 2299 ὢν
2294 2261 2354 2298 καὶ
2367 2261 2432 2299 πό-

1413 2323 1482 2366 θεν,
1511 2319 1610 2356 πόλιν
1643 2319 1733 2356 οὕτω
1755 2320 1909 2370 μεγάλην
1941 2321 1999 2357 καὶ
2027 2320 2306 2371 βασιλικωτάτην
2329 2337 2432 2373 μερι-

1413 2385 1500 2430 μνᾷν
1522 2378 1607 2429 φῄς,
1628 2378 1797 2416 δείκνυσιν
1820 2378 2010 2430 ἀναγκαίαν
2031 2373 2134 2418 οὖσαν
2156 2382 2248 2430 αὐτῷ
2272 2380 2335 2427 τὴν
2355 2395 2432 2417 τοι-

1412 2438 1519 2486 αύτην
1543 2438 1705 2492 φροντίδα
1716 2469 1726 2486 ,
1746 2439 1780 2477 εἴ
1796 2455 1835 2490 γε
1852 2442 1945 2491 αὐτῷ
1965 2444 2026 2487 τῆς
2042 2441 2197 2485 δουλείας
2213 2435 2310 2484 οἶτος
2325 2445 2342 2479 ὃ
2357 2441 2433 2492 τρό-

1410 2516 1472 2543 πος
1493 2499 1727 2547 ἐπιτέτακται,
1756 2500 1795 2538 τὸ
1820 2500 2069 2551 καταγγέλλειν
2092 2501 2131 2538 τὸ
2150 2500 2360 2552 εὐαγγέλιον.
2386 2501 2432 2540 ‘O

1410 2559 1475 2611 γὰρ
1508 2562 1608 2598 τοῦτο
1637 2560 1937 2613 ἐγκεχειρισμένος
1967 2561 2122 2612 ἀνάγκην
2153 2561 2225 2613 ἔχει
2244 2561 2323 2604 τοὺς
2342 2561 2429 2613 μέλ-

1408 2622 1530 2664 λοντας
1549 2621 1778 2673 ὑποδέχεσθαι
1794 2621 1852 2659 τὸν
1868 2622 1970 2670 λόγον
1984 2622 2170 2665 διαπαντὸς
2188 2621 2279 2674 ἔχειν
2295 2622 2354 2660 ἐπὶ
2370 2625 2432 2669 τ’ἥς

1410 2682 1573 2725 διανοίας,
1606 2684 1714 2729 Δηλοῖ
1744 2681 1779 2720 δὲ
1811 2682 1870 2720 καὶ
1896 2682 2010 2735 ἕτερον
2043 2683 2128 2735 πρὸς
2155 2682 2288 2726 τούτοις
2307 2682 2428 2732 εἰπὼν,

1408 2740 1470 2778 Ἓν
1498 2744 1547 2794 τῷ
1577 2742 1752 2792 πνεύματί
1774 2758 1839 2793 μου
1854 2758 1861 2765 ·
1882 2743 1935 2780 ὅτι
1955 2741 2043 2781 πολὺ
2063 2742 2123 2781 καὶ
2137 2746 2199 2789 τ’ἧς
2218 2742 2430 2789 Ἑλληνικῆς

1407 2801 1466 2838 καὶ
1494 2804 1555 2847 τῆς
1584 2802 1777 2850 Ἰουδαϊκῆς
1797 2802 1959 2856 λατρείας
1985 2802 2140 2855 ἀνωτέρα
2164 2803 2265 2850 αὕτη.
2299 2802 2344 2841 ‘H
2365 2802 2428 2853 μὲν

1406 2862 1473 2915 γὰρ
1491 2862 1683 2910 εΕλληνικῆ
1700 2894 1709 2911 ,
1730 2864 1788 2902 καὶ
1807 2863 2060 2913 πεπλανημένη
2076 2863 2135 2900 καὶ
2153 2863 2304 2915 σαρκική
2316 2880 2323 2887 ·
2343 2867 2365 2911 ἡ
2391 2864 2427 2902 δὲ

1405 2922 1601 2971 Ἰουδαῖκῆ,
1635 2926 1766 2971 ἀληθὴς
1786 2923 1866 2974 μὲν,
1898 2923 2049 2974 σαρκικὴ
2071 2923 2106 2962 δὲ
2126 2923 2185 2962 καὶ
2204 2924 2291 2971 αὐτή
2309 2940 2316 2948 ·
2344 2927 2366 2971 ἡ
2390 2924 2425 2962 δὲ

1404 2987 1466 3030 τῆς
1498 2984 1733 3032 Ἔκκλησίας,
1760 2987 1821 3030 τῆς
1842 2983 1902 3034 μὲν
1926 2983 2135 3031 Ἑλληνικῆς
2167 2985 2329 3033 ἐναντία,
2362 2988 2425 3031 τῆς

1404 3053 1440 3091 δὲ
1471 3051 1664 3096 Ἰουδαϊκῆς
1688 3049 1884 3102 ὑψηλοτέρα
1905 3052 2025 3102 πολλῷ
2047 3053 2095 3103 τῷ
2120 3051 2247 3104 μέτρῳ.
2278 3053 2330 3090 Οὐ
2354 3051 2422 3104 γὰρ

1403 3119 1463 3158 διὰ
1480 3118 1664 3171 προὸάτων
1690 3117 1748 3155 καὶ
1772 3117 1914 3169 μόσχων
1933 3118 1992 3156 καὶ
2016 3124 2147 3158 καπνοῦ
2165 3119 2224 3157 καὶ
2245 3119 2386 3166 κνίσσης
2404 3123 2422 3158 ὁ

1403 3190 1464 3234 τῆς
1483 3186 1654 3239 ἡμετέρας
1673 3185 1833 3238 λατρείας
1855 3186 1990 3238 τρόπος,
2009 3187 2098 3226 ἀλλὰ
2118 3187 2173 3226 διὰ
2189 3189 2303 3240 ψυχῆς
2319 3204 2420 3226 πνευ-

1414 3297 1547 3336 δεδέχθαι
1564 3294 1575 3335 ]

1456 3356 1465 3369 ι
1494 3344 1598 3376 Iidem
1616 3342 1660 3387 [rt
1681 3342 1734 3387 A]
1752 3348 1881 3377 ἐκάλεσε.
