2502 3810
774 270 815 298 IN
855 269 995 298 EPIST.

133 356 192 393 καὶ
222 354 403 405 στόματος.
436 353 526 392 Οὐδὲ
554 352 620 406 γὰρ
653 353 795 392 ἀκόντια
823 353 882 391 καὶ
919 353 1002 404 βέλη
1037 352 1152 404 μόνον,

135 415 225 455 ἀλλὰ
244 415 303 453 καὶ
324 414 463 468 ῥήματα
496 412 585 451 πολὺ
607 417 674 452 τῶν
704 416 812 465 βελῶν
838 414 1028 466 πικρότεροι
1048 412 1152 464 ἐργά-

132 477 228 521 ζεται
253 474 448 527 τραύματα.
480 474 548 511 Καὶ
567 477 640 516 πῶς
659 474 873 524 δυνησόμεθα
895 479 1013 512 τοῦτον
1039 487 1153 511 κατα-

130 539 233 575 λῦσαι
265 536 322 574 τὸν
354 535 520 586 πόλεμον,
553 534 676 586 φησίν,
703 533 764 573 Ἂν
794 534 979 586 ἐννοήσῃς,
1010 535 1062 572 ὅτι
1094 533 1152 571 τὸν

133 598 277 650 ἀδελφὸν
297 596 408 647 λέγων
435 599 571 643 κακῶς,
603 596 766 648 βόρὲορον
798 597 866 635 ἀπὸ
891 600 950 634 τοῦ
981 593 1152 645 στόματός

133 675 192 697 σου
214 658 392 710 προχέεις,
416 657 455 694 ἂν
478 657 639 708 ἐννοήσῃς
651 686 659 701 ,
677 656 730 694 ὅτι
746 657 785 695 τὸ
802 657 903 707 μέλος
920 660 978 694 τοῦ
995 657 1149 708 Χριστοῦ

132 717 341 765 διαέοίλλεις,
360 717 412 755 ὅτι
427 717 488 761 τὰς
511 717 640 770 σάρκας
657 717 847 760 κατεσθίεις
863 716 925 759 τὰς
944 715 1005 759 σὰς
1018 746 1027 763 ,
1047 713 1152 752 ὅτιτὸ

133 779 354 832 δικαστήριόν
375 795 429 816 σοι
452 778 655 831 πικρότερον
676 783 784 821 ποιεῖς
810 778 849 816 τὸ
868 776 1013 829 φοῧερδν
1040 777 1150 812 ἐκεῖνο

130 841 189 879 καὶ
207 841 410 887 ἀδέκαστον,
430 839 482 879 ὅτι
505 839 543 876 τὸ
565 839 663 890 βέλος
686 840 722 876 οὗ
748 838 806 876 τὸν
832 838 1030 888 πληγέντα,
1061 833 1149 872 ἀλλὰ

131 901 168 939 σὲ
193 901 250 939 τὸν
271 901 480 945 τοξεύσαντα
509 901 652 950 ἀναιρεῖ.
671 898 762 936 Ἀλλ’
783 897 930 944 ἠδίκησέ
951 913 984 933 τι
1003 895 1061 933 καὶ
1081 910 1148 931 κα-

131 964 200 1005 κῶς
219 961 381 1008 ἐποίησε,
409 959 591 1007 Στέναξον,
624 958 671 1009 μὴ
692 962 808 1002 κακῶς
825 957 923 1008 εἴπῃς
937 972 944 980 ·
966 955 1149 1007 δάκρυσον,

133 1022 180 1073 μὴ
208 1021 264 1060 διὰ
285 1021 349 1067 τὴν
370 1021 432 1067 σὴν
450 1019 598 1066 ἀδικίαν,
628 1019 716 1056 ἀλλὰ
734 1018 790 1055 διὰ
803 1017 865 1063 τὴν
886 1016 1062 1054 ἀπώλειαν
1085 1014 1148 1060 τὴν

129 1082 277 1130 ἐκείνου,
319 1080 432 1123 καθὼς
475 1079 533 1117 καὶ
555 1081 572 1115 ὁ
597 1079 653 1121 σὸς
692 1077 872 1123 Δεσπότης
909 1077 965 1114 τὸν
1013 1073 1148 1114 Ἰούδαν

128 1143 330 1192 ἐδάκρυσεν,
379 1142 440 1177 οὐκ
486 1138 605 1185 ἐπειδὴ
655 1139 755 1182 αὐτὸς
799 1140 1027 1189 ἐσταυροῧτο,
1070 1136 1145 1172 ἀλλ’

128 1202 246 1249 ἐπειδὴ
266 1204 394 1245 ἐκεῖνος
409 1200 602 1253 προεδίδου.
620 1199 773 1252 ἼΈρισέ
791 1216 830 1238 σε
849 1198 908 1237 καὶ
930 1196 1146 1249 ἐλοιδόρησε,

129 1263 382 1315 Παρακάλεσον
413 1262 471 1299 τὸν
507 1261 609 1309 Θεὸν,
644 1263 733 1303 ὥστε
753 1260 856 1298 ἵλεων
875 1261 968 1311 αὐτῷ
987 1257 1146 1310 γενέσθαι

126 1324 273 1377 ταχέως.
297 1323 455 1376 Ἀδελφός
487 1325 560 1362 ἐστι
592 1323 667 1370 σὸς,
701 1321 763 1366 τὰς
799 1321 904 1365 αὐτάς
936 1336 989 1360 σοι
1027 1319 1146 1358 ἔλυσεν

128 1387 272 1430 ὠδῖνας*
294 1385 396 1435 μέλος
415 1385 488 1423 ἐστὶ
510 1385 581 1432 σὸν,
603 1384 658 1422 ἐπὶ
673 1384 735 1432 τὴν
756 1383 861 1432 αὐτὴν
882 1382 1034 1429 figat-4073
1062 1380 1146 1433 τροί-

127 1449 246 1491 πεζαν.
267 1445 372 1486 Ἀλλὰ
391 1445 494 1483 πλέον
517 1446 719 1496 ἐπεμὲαίνει
758 1462 833 1496 μοι,
866 1444 981 1498 φησίν.
1008 1445 1146 1482 Οὐκοῦν

129 1508 254 1559 μείζων
283 1506 342 1545 καὶ
375 1506 503 1545 πλείων
539 1509 556 1544 ὁ
593 1506 723 1556 μισθός.
753 1506 875 1557 Ταύτῃ
910 1504 1062 1555 μάλιστα
1088 1505 1144 1542 τὸν

129 1569 234 1619 θυμὸν
263 1570 400 1619 ἀφεῖναι
428 1566 572 1612 δίκαιον,
609 1566 728 1613 ἐπειδὴ
757 1565 895 1619 καιρίαν
919 1565 1056 1609 ἐδέξατο
1080 1564 1145 1611 τὴν

127 1628 278 1679 πληγὴν,
309 1627 427 1674 ἐπειδὴ
456 1627 604 1679 ἔτρωσεν
634 1627 734 1665 αὐτὸν
767 1630 783 1665 ὁ
812 1627 982 1670 διοίὲολος.

182 1689 243 1736 Μὴ
257 1689 367 1727 τοίνυν
386 1688 578 1739 ἐπιπλήξῃς
597 1688 655 1726 καὶ
673 1687 725 1734 σὺ,
746 1687 832 1738 μηδὲ
847 1688 1048 1737 naratha-42:
1065 1703 1148 1725 σαυ-

127 1750 185 1788 τὸν
202 1751 276 1800 μετ’
293 1749 440 1787 ἐκείνου·
461 1749 525 1791 ἕως
547 1748 608 1799 μὲν
628 1748 694 1800 γὰρ
714 1749 733 1767 ³*
746 1748 785 1785 ἂν
808 1749 978 1800 ἕστηκας,
1002 1747 1145 1786 δύνασαι

127 1813 286 1858 κάκεῖνον
304 1812 491 1848 διασῶσαι·
510 1810 550 1847 ἂν
568 1810 603 1849 δὲ
620 1811 742 1848 σαυτὸν
763 1809 983 1863 καταῤῥήξῃς
1009 1809 1065 1847 διὰ
1086 1813 1146 1848 τοῧ

128 1871 349 1923 ἀνθυὸρίσαι,
377 1870 428 1914 τίς
454 1874 543 1921 ὑμᾶς
571 1871 759 1918 ἀναστήσει
789 1873 929 1917 λοιπόν;
969 1873 1096 1915 ἐκεῖνος
1130 1874 1147 1909 ὁ

127 1932 290 1985 τρωθείς,
310 1932 400 1977 Ἀλλ’
420 1934 457 1973 οὐ
479 1931 663 1977 δυνήσεται
685 1931 968 1983 κείμενος.Ἀλλὰ
987 1931 1027 1969 σὺ
1051 1936 1068 1970 ὃ
1084 1948 1147 1969 πε-

130 1993 200 2031 σὼν
229 1994 303 2043 μετ’
330 1992 479 2039 ἐκείνου,
503 1993 572 2030 Καὶ
596 1996 691 2040 πῶς,
721 1995 781 2030 οὐκ
810 1992 958 2044 ἀρκέσας
986 1994 1146 2044 8σεαυτῷ

128 2059 229 2107 χεῖρα
247 2055 374 2100 δοῦναι,
392 2053 544 2105 ἰσχύσεις
565 2053 692 2106 ἑτέρως
710 2055 820 2099 Στῆθι
835 2052 947 2091 τοίνυν
970 2053 1146 2104 γενναίως,

130 2114 189 2151 καὶ
223 2112 285 2159 τὴν
319 2113 450 2151 ἀσπίδα
478 2114 782 2164 προὲαλ).όμενος,
820 2113 879 2151 καὶ
909 2113 1028 2163 νεκρὸν
1065 2113 1148 2150 ὄντα

129 2173 275 2211 ἕλκυσον
295 2174 364 2211 ἀπὸ
384 2176 445 2219 τῆς
463 2174 578 2225 μάχης
595 2174 652 2212 τὸν
678 2174 735 2212 σὀν
757 2174 900 2225 ἀδελφὸν
922 2173 978 2210 διὰ
995 2177 1057 2219 τῆς
1080 2189 1146 2223 μα-

128 2233 327 2287 κροθυμίας.
345 2234 524 2286 ’Έτρωσεν
550 2235 651 2273 αὐτὸν
668 2238 684 2273 ὅ
701 2234 822 2284 θυμός;
846 2233 907 2280 Μὴ
930 2232 1066 2285 τρώσῃς
1088 2233 1147 2271 καὶ

128 2294 168 2332 σὺ
181 2325 190 2342 ,
219 2294 308 2333 ἀλλὰ
327 2296 386 2333 καὶ
403 2296 442 2333 τὸ
462 2296 627 2348 πρότερον
648 2295 774 2333 ἔκὸαλε
792 2294 902 2345 βέλος.
922 2294 982 2332 Ἂν
999 2294 1066 2346 γὰρ
1091 2293 1148 2332 οῧέ

124 2371 192 2398 τως
213 2356 374 2402 ἀλλήλοις
394 2358 584 2407 ὁμιλῶμεν,
613 2355 747 2407 ταχέως
777 2355 904 2398 πάντες
935 2358 1040 2406 ὑγιεῖς
1072 2355 1147 2393 ἐσό-

126 2419 234 2466 μεθα·
274 2416 313 2453 ἂν
361 2415 395 2455 δὲ
443 2418 520 2454 κατ’
569 2416 729 2463 ἀλλήλων
774 2415 997 2466 ὁπλιζώμεθα
1012 2445 1021 2462 ,
1069 2414 1146 2454 οὐδὲ

125 2481 185 2514 τοῦ
205 2476 365 2515 διαὸόλου
385 2476 486 2528 χρεία
509 2477 629 2515 λοιπὸν
653 2476 737 2529 πρὸς
764 2476 825 2523 τὴν
852 2476 1024 2527 ἡμετέραν
1046 2475 1147 2513 ἀπόν-

126 2537 234 2574 λειαν.
257 2536 367 2580 Ἅπας
393 2538 453 2586 μὲν
473 2536 540 2589 γὰρ
556 2541 573 2575 ὃ
593 2537 742 2587 πόλεμος
777 2537 931 2589 χαλεπὸς
947 2567 956 2583 ,
992 2536 1146 2586 μάλιστα

125 2595 160 2635 δὲ
193 2600 210 2635 ὃ
247 2597 424 2650 ἐμφύλιος.
463 2592 575 2641 Οῧτος
608 2598 644 2636 δὲ
673 2598 733 2635 καὶ
756 2602 814 2636 τοῦ
844 2597 1008 2649 ἐμφυλίου
1037 2599 1145 2649 χαλε-

124 2657 298 2709 πώτερος,
332 2657 401 2711 ὅσῳ
437 2658 576 2708 μείζονα
605 2663 666 2705 τῆς
699 2658 874 2701 πολιτείας
905 2661 988 2708 ἡμῖν
1015 2658 1056 2696 τὰ
1095 2659 1144 2695 δι-

125 2718 312 2769 καιώματα
324 2750 333 2766 ,
352 2720 482 2768 μᾶλλον
499 2718 533 2757 δὲ
549 2719 607 2756 καὶ
622 2723 683 2765 τῆς
699 2718 896 2770 συγγενείας
911 2721 1028 2764 αὐτῆς.
1046 2718 1144 2756 Ἀπέ-

125 2779 238 2817 κτεινέ
268 2795 352 2817 ποτε
377 2779 433 2817 τὸν
465 2778 570 2817 Ἄέελ
588 2782 604 2816 ὅ
623 2779 785 2831 ἀδελφὸς,
817 2778 876 2816 καὶ
906 2773 994 2828 αἷμα
1029 2778 1144 2829 ἐξέχεε

127 2839 327 2890 συγγενικόν
340 2855 347 2863 ·
372 2840 448 2878 ἀλλ’
473 2834 569 2883 οὗτος
589 2840 717 2878 ἐκείνου
740 2838 1032 2891 παρανομώτερος
1051 2843 1068 2877 ὁ
1084 2839 1144 2890 φό-

124 2915 200 2947 νος,
220 2900 291 2952 ὅσῳ
313 2900 372 2938 καὶ
390 2903 434 2937 τὰ
460 2902 522 2945 τῆς
550 2900 751 2952 ἀγχιστείας
772 2899 899 2950 μείζω,
919 2900 979 2937 καὶ
1010 2899 1054 2937 τὰ
1085 2903 1143 2937 τοῦ

125 2961 271 2999 θανάτου
302 2960 544 3013 χαλεπώτερα.
580 2961 735 3004 Ἐκεῖνος
768 2961 829 3012 μὲν
861 2961 928 3012 γὰρ
963 2961 1002 2998 τὸ
1040 2961 1144 3010 σῶμα

125 3023 268 3075 ἔτρωσε,
290 3023 330 3061 σὺ
359 3023 394 3061 ’δὲ
422 3023 513 3061 κατὰ
536 3026 597 3069 τῆς
625 3025 738 3075 ψυχῆς
765 3024 804 3061 τὸ
835 3023 927 3074 ξίφος
956 3022 1141 3069 ἠκόνησας.

123 3083 214 3122 Ἀλλ’
232 3084 354 3127 ἔπαθες
369 3088 504 3134 πρῶτος
518 3086 633 3126 κακῶς
640 3101 649 3131 ;
669 3086 758 3122 Ἀλλ’
781 3084 819 3121 οὗ
837 3084 877 3122 τὸ
898 3087 1032 3130 παθεῖν,
1053 3082 1142 3120 ἀλλὰ

126 3143 165 3181 τὸ
183 3147 330 3190 ποιῆσαι
348 3148 480 3193 κακῶς,
500 3150 599 3184 τοῦτο
619 3145 691 3183 ἔστι
706 3145 745 3183 το
763 3148 883 3182 παθεῖν
903 3147 1030 3188 κακῶς.
1051 3143 1144 3182 Σκό-

168 3280 181 3298 ‘¹
205 3279 258 3321 [A.
275 3283 429 3317 ἐκλήθητε.
443 3280 519 3311 Mox
531 3279 616 3312 idem
629 3285 808 3323 ἐπεμὸαίνει,
825 3286 903 3326 φησί.
922 3285 1021 3314 οὐκοῦν
1035 3282 1128 3324 ταύτῃ

129 3346 171 3364 σοι
187 3336 297 3372 μείζων
311 3334 325 3363 ὁ
340 3335 456 3371 μισθός.
473 3330 565 3362 Infra
581 3335 695 3373 πληγήν
711 3333 781 3364 Siue
796 3331 948 3364 articulo.
966 3332 977 3373 ]

171 3384 180 3392 '
204 3383 253 3423 [αν
265 3381 454 3422 omitum„
467 3389 502 3413 ut.
520 3382 687 3424 postulant
702 3383 785 3424 leges
801 3383 941 3426 purioris
957 3382 1127 3415 sermonis.

128 3433 193 3466 Sed
213 3434 280 3466 vid.
299 3445 332 3476 p.
348 3435 422 3474 7¹0,
439 3435 473 3467 B.
492 3435 554 3466 Pro
572 3439 696 3473 ἕστηκας
721 3435 882 3468 Commel.
901 3444 932 3468 et
951 3448 1052 3479 marg.
1074 3437 1128 3468 Sa<

1037 267 1095 296 AD
1131 265 1239 294 ROM.

2112 248 2206 312 559

1224 349 1370 387 fratrem
1388 349 1554 399 loqueris,
1566 349 1682 387 lutum
1702 363 1746 387 ex
1762 363 1820 388 ore
1839 348 2017 387 effundere
2028 364 2040 399 3
2060 349 2089 388 si
2110 348 2209 400 cogi—

1224 410 1365 458 taveris,
1378 410 1476 460 quod
1491 410 1690 448 membrum
1710 409 1844 448 Christi
1854 409 2094 458 calumniaris,
2111 409 2210 460 quod

1225 484 1345 508 carnes
1364 479 1441 508 tuas
1455 471 1623 519 comedis,
1639 471 1734 522 quod
1750 471 1814 508 tibi
1834 470 1991 508 tribunal
2010 470 2104 508 illud
2123 471 2208 507 hor-

1225 531 1373 569 rendum
1382 541 1414 569 et
1425 531 1667 584 incorruptum
1676 531 1836 569 acerbius
1846 531 1986 580 reddis,
1998 530 2089 581 quod
2101 531 2208 568 telum

1225 605 1294 628 non
1319 605 1398 628 eum
1418 592 1478 642 qui
1498 593 1587 630 ictus
1607 602 1670 641 est,
1690 592 1751 630 sed
1769 602 1802 630 te
1817 592 1876 643 qui
1898 591 2044 629 emisisti
2059 592 2208 630 occidat.

1226 654 1362 692 Verum
1383 667 1439 690 mc
1454 654 1582 704 injuria
1600 663 1632 691 ct
1648 654 1741 691 malo
1756 654 1871 691 affecit
1887 654 1903 690 .⁰
1921 654 2129 704 Ingemisce,
2145 668 2208 691 nce

1225 712 1316 749 male
1335 713 1512 762 loquaris,
1528 713 1748 765 lacrymare,
1770 728 1839 751 non
1859 714 1906 752 ol).
1922 713 2091 765 injuriam
2109 728 2208 750 acce-

1280 264 1434 294 HOMIL.
1474 264 1568 295 vul.

1224 783 1336 825 ptam,
1362 775 1422 811 sed
1450 775 1495 812 ob
1522 775 1618 813 illius
1641 775 1851 827 perniciem,
1877 776 2106 813 utDominus
2125 785 2208 813 tuus

1223 834 1354 873 Judam
1374 835 1591 886 lacrymatus
1605 845 1666 882 cst,
1682 849 1750 873 non
1770 836 1868 886 quod
1890 836 1964 887 ipse
1982 837 2208 887 crucifigere-

1224 903 1294 941 tur,
1309 894 1367 932 sed
1384 895 1478 944 quod
1495 895 1556 932 illc
1570 895 1887 947 proderet.lnjuria
1903 906 1935 934 et
1949 899 2159 935 contumelia
2174 908 2208 936 te

1223 956 1368 993 affecit?
1388 957 1502 993 Deum
1522 970 1676 1007 precare,
1693 965 1732 993 ut
1757 957 1810 993 illi
1836 957 1904 994 cito
1923 958 2100 1009 propitius
2127 959 2204 996 fiat.

1224 1015 1346 1052 Frater
1369 1023 1419 1052 est
1448 1025 1548 1063 tuus,
1579 1015 1702 1053 eodem
1729 1025 1835 1067 partu
1863 1026 1984 1065 natus,
2009 1019 2208 1057 membrum

1225 1083 1337 1123 tuum,
1349 1075 1395 1112 ad
1409 1075 1569 1113 eamdem
1582 1085 1727 1114 vocatus
1744 1086 1794 1114 est
1809 1091 1979 1117 mensam.
1991 1077 2060 1115 Sed
2081 1078 2207 1129 magis,

1222 1136 1375 1186 inquies,
1397 1137 1485 1173 mihi
1500 1137 1656 1174 insultat.
1673 1137 1786 1188 Igitur
1798 1139 1910 1189 major
1927 1147 1957 1175 et
1974 1138 2126 1190 amplior
2141 1139 2208 1176 erit

1223 1211 1365 1236 merces.
1384 1198 1458 1235 Hac
1478 1197 1522 1235 de
1541 1212 1644 1235 causa
1668 1198 1823 1236 maxime
1842 1199 1932 1236 iram
1953 1199 2125 1251 deponere
2144 1214 2208 1251 par

1221 1267 1283 1306 est,
1302 1259 1385 1310 quia
1401 1259 1541 1297 letalem
1560 1259 1620 1297 ille
1635 1260 1777 1312 plagam
1800 1260 1945 1313 accepit,
1966 1261 2048 1312 qnia
2074 1261 2207 1299 vulne-

1222 1320 1315 1359 ravit
1326 1320 1431 1358 illum
1448 1320 1623 1360 diabolus.

1162 1648 1209 1672 510

1173 1685 1199 1713 A
1274 1683 1311 1719 9.
1328 1683 1380 1720 Ne
1403 1682 1513 1732 igitur
1534 1689 1569 1719 tu
1593 1695 1733 1732 quoque
1750 1682 1865 1730 ferias,
1887 1696 1999 1732 neque
2021 1691 2054 1720 tc
2069 1697 2149 1720 cum
2163 1683 2207 1720 il-

1219 1741 1254 1779 Io
1273 1740 1432 1793 dejicias.
1450 1742 1571 1778 Donec
1584 1740 1677 1778 enim
1695 1750 1778 1787 stas,
1802 1749 1901 1792 potes
1916 1749 1948 1777 ct
1969 1740 2071 1778 illum
2086 1756 2205 1778 serva-

1220 1816 1258 1839 re
1283 1817 1290 1837 t
1314 1801 1342 1838 si
1360 1815 1441 1838 vero
1457 1810 1489 1838 te
1501 1801 1734 1852 dirulnpasut
1754 1800 2002 1838 contumeliam
2018 1810 2204 1838 contume-

1219 1863 1267 1900 lia
1300 1862 1494 1909 ulciscaris,
1523 1862 1603 1912 quis
1620 1899 1625 1906 ,
1640 1876 1702 1899 vos
1739 1862 1902 1913 deinceps
1933 1862 2070 1913 eriget?
2102 1863 2207 1900 illene

1218 1924 1450 1963 vulneratus?
1466 1926 1510 1961 At
1527 1937 1594 1961 non
1615 1924 1742 1975 poterit
1757 1924 1888 1975 jacens.
1909 1927 1962 1961 An
1978 1933 2027 1972 tu,
2043 1924 2105 1974 qui
2124 1938 2204 1961 cum

1220 1985 1283 2023 illo
1303 1984 1487 2023 cecidisti?
1514 1985 1562 2022 Et
1579 1984 1754 2035 quomodo
1788 1986 1850 2036 qui
1880 1986 1944 2023 tibi
1962 2000 2030 2023 non
2058 1985 2204 2038 potuisti

1220 2059 1365 2083 manum
1383 2045 1577 2097 porrigere,
1609 2045 1708 2082 alteri
1737 2046 1899 2096 poteris?
1935 2047 1997 2084 Sta
2017 2046 2127 2097 igitur
2146 2060 2205 2097 ge-

1219 2120 1354 2155 nerose,
1373 2115 1407 2143 et
1426 2106 1552 2157 clypeo
1574 2105 1748 2157 opposito,
1767 2106 1823 2143 vel
1852 2115 2032 2144 mortuum
2062 2107 2206 2143 fratrem

1220 2181 1282 2219 per
1309 2166 1518 2218 patientiam
1556 2180 1602 2203 ex
1635 2180 1755 2217 pugna
1787 2167 1946 2204 extrahe.
1969 2168 2025 2205 Ira
2047 2167 2205 2204 confodit

1219 2227 1325 2263 illum
1340 2226 1356 2263 9
1373 2227 1426 2263 Ne
1445 2235 1483 2262 tu
1506 2240 1647 2276 quoque
1667 2226 1857 2273 confodias,
1889 2228 1951 2264 sed
1977 2228 2077 2279 prius
2098 2228 2206 2264 telum

1220 2287 1346 2326 avelle.
1367 2287 1406 2325 Si
1426 2301 1579 2337 namque
1598 2287 1648 2324 sic
1668 2296 1792 2324 mutuo
1827 2302 2024 2337 versemur,
2050 2288 2117 2325 cito
2131 2288 2206 2325 sani

1221 2360 1341 2384 omnes
1360 2345 1492 2383 erimus
1510 2345 1561 2393 ;si
1577 2360 1662 2383 vero
1677 2345 1767 2383 alter
1782 2355 1902 2383 contra
1922 2347 2072 2383 alterum
2092 2361 2204 2383 arme-

1219 2415 1291 2456 tur,
1313 2421 1382 2444 non
1404 2407 1478 2458 jam
1504 2406 1646 2444 diabolo
1667 2421 1756 2458 opus
1784 2407 1849 2444 erit
1870 2406 1916 2444 ad
1932 2407 2126 2459 perniciem
2140 2421 2204 2444 no-

1218 2478 1341 2506 stram.
1362 2469 1477 2506 Omne
1497 2468 1629 2520 quippe
1650 2468 1784 2505 bellum
1802 2468 2040 2520 perniciosum
2062 2478 2123 2516 est,
2143 2468 2206 2506 scd

1218 2529 1374 2567 maxime
1392 2529 1610 2566 intestinum.
1627 2530 1672 2565 At
1686 2529 1752 2565 hoc
1770 2529 1905 2566 bellum
1921 2529 2085 2566 intestino
2104 2529 2205 2566 dete-

1221 2593 1296 2630 rius
1313 2601 1377 2641 est,
1399 2601 1532 2643 quanto
1554 2591 1686 2643 maiora
1701 2600 1784 2628 sunt
1797 2591 1904 2642 hujus
1918 2601 2044 2629 nostrae
2055 2592 2137 2629 vitae
2149 2607 2205 2630 ra-

1217 2654 1335 2701 tionis,
1357 2653 1427 2690 imo
1453 2654 1558 2690 etiam
1577 2652 1796 2703 cognationis
1822 2654 1920 2704 jura.
1949 2653 2089 2690 Occidit
2117 2655 2204 2691 olim

1219 2715 1367 2752 Abelem
1394 2715 1513 2761 frater,
1536 2723 1569 2751 et
1596 2722 1783 2764 cognatum
1812 2713 1938 2750 effudit
1963 2714 2203 2764 sanguinem:

1217 2785 1252 2813 at
1271 2776 1347 2812 haec
1362 2774 1475 2812 caedes
1495 2774 1557 2810 illa
1576 2783 1626 2811 est
1645 2773 1815 2824 iniquior,
1831 2783 1962 2823 quanto
1981 2783 2014 2811 et
2033 2776 2204 2826 majorest

1217 2835 1382 2883 affinitas,
1404 2844 1436 2872 ct
1455 2834 1578 2871 mortis
1594 2834 1737 2884 gravior
1748 2834 1852 2872 ratio.
1871 2834 1936 2872 Ille
1948 2849 2098 2885 namque
2120 2849 2203 2872 cor-

1172 2293 1195 2321 B

1216 2913 1282 2951 pus
1299 2897 1470 2946 confodit;
1483 2907 1519 2934 tu
1542 2911 1624 2935 vero
1642 2906 1761 2934 contra
1776 2898 1929 2935 animam
1940 2898 2098 2949 gladium
2108 2898 2204 2936 acui-

1214 2961 1272 2998 sti.
1291 2959 1363 2998 Sed
1375 2969 1412 2997 tu
1427 2959 1524 3011 prior
1543 2959 1635 2995 male
1647 2972 1771 3009 passus
1792 2958 1857 2996 es?
1870 2961 2007 2998 Verum
2028 2974 2095 2997 non
2110 2959 2201 3011 pati,

1166 3030 1189 3060 C
1216 3021 1280 3060 sed
1302 3022 1429 3069 facere,
1450 3020 1543 3057 male
1575 3019 1648 3070 pati
1669 3028 1730 3056 est.
1752 3019 1902 3057 Attende
1921 3029 2040 3057 autem
2061 3020 2202 3072 :jugu-

1212 3081 1302 3119 lavit
1334 3079 1435 3126 Cain,
1455 3078 1641 3129 jugulatus
1673 3086 1723 3115 est
1755 3077 1845 3115 Abel
1869 3094 1877 3114 τ
1900 3088 1977 3116 uter
1996 3093 2078 3130 ergo
2102 3094 2199 3117 mor-

1213 3151 1297 3180 tuus
1318 3140 1422 3178 erat?
1444 3139 1516 3187 Qui
1536 3148 1616 3191 post
1636 3147 1783 3176 mortem
1800 3138 1975 3178 clamabat
1992 3155 1999 3176 :
2021 3154 2103 3178 nam
2117 3143 2201 3179 Vox
2220 3151 2333 3188 Gemq.
2355 3160 2405 3180 m.

1197 3283 1251 3317 vil.
1277 3284 1432 3325 ἴστασαι.]

1237 3345 1250 3360 ³
1275 3333 1337 3379 [Α.
1358 3339 1407 3368 οὖν.
1434 3340 1559 3381 ἀρκέσεις
1589 3336 1703 3377 ἑαυτῇ,
1735 3341 1821 3378 χεῖρα
1853 3335 1961 3378 ὀρέξεις
1992 3335 2106 3380 ἑτέρῳ,
2135 3345 2203 3367 non

1198 3387 1292 3419 male.
1318 3388 1324 3429 1
