2502 3810
97 545 189 572 Joan.
212 537 258 567 16.

100 593 146 612 12.

98 719 238 749 Acr.13.
254 727 283 746 2·

100 810 126 829 ι.
149 801 216 829 (ἠν.
237 808 283 829 12.

97 842 126 870 S.

98 883 280 911 Jl1i11.v.11.

96 938 281 970 Act.2o.28.

96 1685 168 1714 Act.
179 1683 223 1713 ¹6.
234 1682 280 1723 ιζ’.

96 1743 168 1772 Jltid
198 1753 244 1783 19.

101 1789 147 1811 10?
165 1785 235 1815 Lus,
247 1787 278 1817 8,

100 1829 146 1853 10?

99 2466 167 2495 Ast.
186 2465 217 2494 3.
233 2465 262 2495 6.

105 2962 194 2990 Rom.
211 2960 255 2988 15.

112 3013 157 3042 19.

770 255 807 284 S.
845 252 920 283 JOA
930 250 1029 281 NMS
1066 248 1305 279 CHRYSOST.

298 248 389 308 470

294 343 421 392 pimus
434 339 602 390 gratiam
615 342 652 371 et
668 332 926 384 apostolatum
953 332 996 367 in
1021 329 1281 367 obedientiam

284 402 388 453 fidei
391 398 495 438 Xide
505 404 644 447 gratum
654 393 780 430 famuli
792 391 970 429 animum:
984 390 1076 428 nihil
1088 403 1192 428 suum
1207 402 1281 427 esse

294 461 388 509 vult,
401 458 461 496 sed
482 456 599 494 omnia
618 453 775 492 Domini.
795 452 907 503 Atqui
926 452 1095 504 spiritum
1109 451 1204 488 hune
1218 450 1280 488 de-

295 521 348 559 dit
356 536 368 571 3
384 520 462 557 ideo
473 518 631 555 dicebat:
644 516 776 553 ,Multa
789 516 913 553 habeo
927 516 1039 552 vobis
1053 516 1194 559 dicere,
1211 512 1280 550 sed

1346 250 1551 279 ARCHIEP.
1590 250 1925 281 CONSTANTINOP
1934 272 1943 281 .

1347 329 1418 367 Καὶ
1438 328 1506 379 μὴν
1535 329 1575 368 τὸ
1599 333 1735 380 πνεῦμα
1755 334 1855 369 τοῦτο
1873 331 1980 369 ἔδωκε
1996 347 2003 355 ·
2032 332 2084 370 διὸ
2109 331 2204 383 ἔλεγε
2217 346 2225 354 ·
2244 332 2367 370 Πολλὰ

1347 388 1418 442 ἔχω
1437 390 1550 441 λέγειν
1585 393 1680 440 ὑμῖν,
1704 392 1781 429 ἀλλ’
1805 393 1842 429 οὖ
1874 392 2019 430 δύνασθε
2055 392 2237 443 βαστάζειν
2270 392 2365 444 ἄρτι·

1347 450 1429 488 ὅταν
1447 450 1483 489 δὲ
1496 450 1577 504 ἔλθῃ
1593 450 1759 498 senatvm,
1781 451 1820 490 τὸ
1836 453 1984 503 Πνεῦμα
2001 455 2064 499 τῆς
2079 453 2242 500 ἀληθείας
2256 483 2266 500 ,
2286 453 2369 498 ὁδη-

1347 510 1447 563 γήσει
1463 514 1553 561 ὑμᾶς
1571 514 1617 555 εἷς
1635 519 1750 550 πᾶσαν
1765 512 1828 558 τὴν
1849 513 2013 559 ἀλήθειαν
2026 529 2034 537 ·
2054 514 2113 552 καὶ
2129 514 2246 561 πάλιν,
2267 514 2369 566 Ἀερο-

296 595 373 618 non
388 580 546 630 potestis
562 585 718 629 portare
741 575 864 612 modo.
887 575 983 612 Cum
1009 582 1140 612 autem
1157 585 1277 610 vene-
1287 605 1335 631 433
1351 571 1470 624 ρίσατέ
1490 587 1547 622 μοι
1567 572 1624 611 τὸν
1645 574 1786 610 Παῦλον
1808 573 1868 611 καὶ
1889 573 1945 611 τὸν
1961 574 2162 625 Βαρνάὸαν.
2185 575 2255 613 Καὶ
2273 576 2307 612 ἓν
2325 578 2367 625 τῇ

295 644 344 679 rit
364 641 445 687 ille,
466 639 628 690 Spiritus
644 638 840 681 veritatis,
856 636 969 673 ducet
984 648 1056 672 vos
1071 637 1113 672 in
1127 646 1278 671 omnem
1300 643 1327 671 A
1348 632 1433 684 πρὸς
1449 632 1649 685 Κορινθίους
1669 633 1704 672 δέ
1720 649 1836 685 φησιν,
1851 633 1903 673 ὅτι
1917 628 1969 687 ῗῼ
1987 633 2048 684 μὲν
2065 634 2121 672 διὰ
2137 640 2195 674 τοῦ
2209 635 2370 686 Πνεύμα-

297 704 501 739 veritatem
512 715 526 744 ;
542 707 577 736 et
591 711 734 735 rursum
749 712 757 733 ε
770 697 974 748 Segregate
993 697 1089 733 mihi
1107 696 1280 735 Paulum

297 771 333 799 et
352 762 590 798 Barnaham.
614 758 661 796 Et
673 758 709 795 in
736 756 884 809 epistola
903 755 951 794 ad
975 754 1179 793 Corinthios
1195 756 1245 794 ait
1270 772 1280 794 ε

298 824 388 861 Alii
400 836 469 874 per
489 823 671 873 Spiritum
691 820 809 857 datur
834 831 957 856 sermo
973 820 1187 869 sapientiae,
1211 818 1284 855 alii

296 899 420 923 sermo
448 885 640 927 scientiae;
659 890 706 931 et,
741 883 828 932 Ipse
859 882 990 917 omnia
1016 879 1156 917 dividit
1187 882 1287 917 sieut

297 946 398 983 vult.
418 945 466 982 Et
481 942 632 982 Milesiis
649 941 859 979 concionans
880 939 1042 977 dicitzln
1057 953 1132 991 quo
1151 943 1282 992 posuit

295 1020 368 1044 vos
384 1007 546 1057 Spiritus
566 1012 724 1042 sanctus
741 1010 915 1054 pastores
935 1009 972 1039 et
986 1003 1191 1053 episcopos.
1210 1001 1283 1041 Vi-

294 1066 375 1104 den'
400 1064 578 1116 quomodo
603 1078 657 1111 ea,
680 1077 758 1114 quae
781 1062 935 1114 Spiritus
966 1070 1066 1109 sunt,
1095 1062 1181 1099 Filii
1211 1076 1284 1100 esse

294 1128 410 1175 dicat3
430 1135 463 1164 et
491 1140 568 1176 quae
597 1124 682 1162 Filii
712 1133 806 1169 sunt,
839 1122 1019 1175 Spiritus?
1039 1123 1219 1160 Gratiam
1246 1131 1284 1161 et

294 1189 554 1240 apostolatum
565 1203 580 1231 ,·
600 1185 639 1223 id
664 1194 729 1233 est,
750 1185 831 1222 Non
853 1197 915 1221 nos
932 1183 1000 1221 hoc
1025 1183 1217 1232 effecimus,
1243 1192 1282 1221 ut

294 1262 447 1286 essemus
467 1246 617 1299 apostoli
632 1260 721 1283 :non
737 1244 831 1282 enim
849 1244 972 1282 labore
989 1253 1021 1282 et
1039 1258 1144 1296 opera
1163 1253 1282 1282 nostra

292 1309 385 1346 hanc
400 1308 610 1359 dignitatem
630 1306 744 1344 sortiti
773 1319 908 1353 sumus,
929 1305 989 1342 sed
1009 1305 1159 1355 gratiam
1180 1319 1282 1342 acce-

293 1369 424 1420 pimus,
444 1377 476 1406 et
491 1382 536 1405 ex
555 1380 705 1418 superno
727 1366 818 1403 dono
836 1366 904 1403 hoc
925 1379 1055 1402 munus
1077 1364 1202 1402 datum
1217 1378 1281 1402 no-

294 1429 350 1466 bis
366 1437 426 1466 est.
444 1431 493 1465 In
507 1428 763 1465 obedientiam
771 1426 884 1478 fidei.

351 1490 390 1526 5.
421 1490 500 1526 Non
519 1501 602 1539 ergo
616 1486 767 1538 apostoli
784 1486 859 1522 haec
875 1484 1090 1534 efficiebant,
1113 1482 1174 1521 sed
1188 1497 1281 1535 prae-

297 1549 441 1588 veniens
462 1550 542 1587 illos
563 1549 687 1601 gratia.
709 1548 857 1586 Illorum
877 1546 1008 1597 quippe
1034 1554 1110 1583 erat
1131 1545 1283 1582 circuire

296 1620 330 1649 et
347 1610 565 1663 praedicare,
584 1607 794 1660 persuadere
812 1615 930 1643 autem
947 1605 1015 1643 Dei
1041 1613 1130 1651 erat,
1152 1604 1188 1641 in
1210 1604 1283 1642 illis

296 1672 486 1724 operantis,
505 1680 543 1707 ut
559 1672 673 1707 Lucas
689 1668 779 1705 dicit
795 1682 802 1703 :
821 1666 989 1718 Aperuit
1006 1679 1072 1703 cor
1085 1668 1254 1716 ipsorum
1266 1680 1282 1710 ,-

295 1742 328 1770 et
343 1745 501 1779 rursum,
524 1731 669 1781 Quibus
689 1730 825 1766 datum
851 1735 935 1765 erat
961 1727 1098 1764 audire
1119 1728 1284 1764 verbum

296 1796 382 1832 Dei.
398 1796 447 1831 1η
467 1793 738 1830 obedientiam.
761 1790 840 1827 Non
857 1788 966 1836 dixit,
983 1788 1024 1825 In
1044 1786 1281 1839 perquisitio-

294 1870 374 1894 ncm
409 1862 442 1892 et
474 1861 727 1905 argumentum
745 1866 756 1901 ;
794 1849 875 1898 sed,
913 1851 964 1886 In
1001 1850 1275 1887 obedientiam.

292 1918 418 1966 Neque
439 1914 534 1953 enim
563 1912 663 1951 missi
682 1925 821 1960 sumus,
842 1910 972 1961 inquit,
996 1919 1036 1947 ut
1053 1909 1283 1962 syllogismos

294 1977 497 2020 afferamus,
514 1974 574 2014 sed
590 1983 628 2011 ut
641 1972 737 2024 quod
753 1971 955 2024 accepimus
969 1969 1175 2009 reddamus.
1189 1970 1282 2008 Cum

293 2037 389 2074 enim
404 2036 580 2074 Dominus
594 2033 732 2084 aliquid
750 2032 971 2085 pronuntiat,
988 2045 1058 2069 non
1074 2030 1203 2069 debent
1219 2045 1282 2068 au-

299 2099 433 2136 ditores
460 2097 596 2136 curiose
623 2095 770 2133 scrutari
789 2094 847 2133 vel
873 2093 1056 2145 indagare,
1078 2092 1140 2131 sed
1166 2093 1282 2131 solum

295 2159 465 2210 accipere.
497 2160 589 2196 Nam
617 2156 765 2209 apostoli
788 2155 869 2193 ideo
897 2154 994 2192 missi
1021 2163 1114 2203 sunt,
1136 2164 1176 2192 ut
1204 2168 1282 2205 quae
1304 2167 1328 2198 C

296 2219 487 2256 audierunt
505 2218 636 2265 dicant,
657 2230 726 2254 non
746 2225 790 2255 ut
810 2214 950 2266 aliquid
967 2215 1012 2252 de
1031 2229 1094 2252 suo
1113 2214 1246 2252 addant
1270 2230 1278 2251 z

298 2288 333 2316 et
350 2293 410 2316 nos
439 2279 554 2316 solum
579 2286 618 2314 ut
647 2276 846 2314 credamus.
864 2275 962 2322 Quid
990 2274 1203 2312 credamus?
1222 2277 1284 2313 De

301 2342 456 2377 nomine
473 2341 553 2391 ejus
571 2353 581 2374 .·
603 2351 672 2375 non
691 2345 730 2374 ut
749 2335 793 2374 de
818 2335 1014 2373 substantia
1041 2336 1116 2386 ejus
1146 2336 1283 2373 curiose

298 2400 562 2453 perquiramus,
584 2397 645 2436 sed
665 2397 701 2435 in
719 2410 846 2434 nomen
866 2396 942 2447 ejus
963 2395 1148 2434 credamus
1167 2412 1174 2432 :
1194 2395 1286 2434 illud

298 2462 393 2500 enim
420 2461 518 2512 signa
537 2458 690 2496 faciebat
714 2473 721 2493 :
745 2471 828 2495 nam
847 2457 908 2503 ait,
929 2458 979 2493 In
1006 2459 1160 2494 nomine
1188 2457 1285 2495 ιῙεςιι

301 2524 445 2561 Christi
459 2535 570 2572 surge
588 2528 624 2558 et
646 2519 817 2557 ambula.
835 2519 881 2556 Et
895 2517 932 2554 in
949 2517 1017 2555 hoc
1031 2517 1102 2554 fide
1117 2531 1207 2569 opus
1223 2526 1286 2563 est,

299 2583 460 2633 nihilque
490 2595 613 2620 eorum
639 2579 824 2618 ratiocinio
853 2592 976 2631 capere
1009 2593 1210 2630 possumus.
1238 2581 1287 2615 In

301 2646 474 2683 omnibus
496 2645 687 2696 gentibus,
709 2643 747 2680 6.
763 2644 805 2678 in
821 2643 959 2693 quibus
974 2643 1063 2679 estis
1081 2649 1116 2678 et
1130 2654 1201 2679 vos
1216 2653 1288 2678 vo-

300 2708 380 2744 cati
397 2707 490 2744 Jesu
512 2706 667 2742 Christi.
690 2702 792 2753 Quid
813 2702 928 2753 ergo?
948 2715 992 2739 an
1014 2701 1179 2740 omnihus
1204 2715 1289 2753 gen-

300 2767 396 2804 tihus
414 2765 624 2818 praedicavit
652 2764 810 2802 Paulus?
837 2763 943 2812 Quod
963 2763 1058 2801 enim
1079 2763 1123 2801 ab
1143 2765 1289 2803 Jeroso-

300 2828 409 2880 lymis
426 2827 471 2864 ad
491 2827 679 2879 Illyricum
696 2825 950 2877 peragraverit,
970 2824 1124 2876 indeque
1142 2839 1290 2863 rursum

1348 708 1405 737 τος
1433 693 1564 731 δίδοται
1583 694 1682 745 λόγος
1712 694 1855 746 σοφίας,
1886 695 1982 745 ἄλλῳ
2015 694 2052 732 δὲ
2073 694 2172 746 λόγος
2188 695 2367 747 γνώσεως·

1350 754 1428 802 καὶ,
1447 754 1499 792 ὅτι
1518 755 1610 793 Αὐτὸ
1633 755 1749 793 πάντα
1780 756 1925 806 διαιρεῖ,
1939 754 2054 798 καθὼς
2084 755 2255 805 βούλεται.
2275 757 2370 795 ἃΚαὶ

1350 814 1537 862 Μιλησίοις
1571 815 1605 853 δὲ
1627 816 1847 867 δημηγορῶν,
1868 815 1982 867 ἔλεγεν
2000 831 2007 838 ·
2027 815 2088 853 Ἐν
2120 810 2149 868 ᾧ
2169 816 2262 854 ἔθετο
2283 819 2372 866 ὑμᾶς

1351 876 1391 914 τὸ
1408 878 1555 926 Πνεῦμα
1571 876 1609 914 τὸ
1627 877 1724 928 ἅγιον
1740 876 1909 927 ποιμένας
1928 875 1987 914 καὶ
2004 876 2224 920 ἐπισκόπους.
2243 876 2371 929 <Ορῖξίς,

1352 937 1405 975 ὅτι
1423 937 1466 975 τὰ
1487 941 1547 975 τοῦ
1573 937 1778 989 Πνεύματος
1806 941 1866 975 τοῦ
1896 938 1982 975 Υἱοῦ
2003 953 2110 989 φησι,
2146 937 2205 974 καὶ
2237 937 2282 975 τὰ
2313 942 2373 975 τοῦ

1351 1000 1437 1038 Υἱοῦ
1462 1001 1522 1036 τοῦ
1552 997 1778 1049 Πνεύματος,
1801 998 1915 1049 Χάριν
1937 997 1995 1035 καὶ
2013 997 2210 1044 ἀποστολήν
2227 1013 2235 1021 ·
2252 998 2373 1035 τουτέ-

1352 1076 1438 1106 στιν,
1461 1061 1524 1111 οὖχ
1545 1062 1646 1109 ἡμεῖς
1663 1059 1746 1097 αὐτὸ
1763 1058 2044 1111 κατωρθώσαμεν
2061 1059 2101 1097 τὸ
2116 1059 2272 1109 γενέσθαι
2285 1059 2372 1096 ἀπό-

1351 1122 1485 1159 στολοι·
1515 1118 1591 1157 οὐδὲ
1625 1118 1692 1172 γὰρ
1716 1119 1886 1169 καμόντες
1905 1118 2018 1156 πολλὰ
2052 1118 2111 1156 καὶ
2143 1119 2371 1167 πονέσαντες,

1349 1180 1413 1227 τὴν
1434 1179 1528 1224 ἀξίαν
1556 1180 1684 1225 ταύτην
1716 1180 1903 1231 ἐλάχομεν,
1937 1178 2027 1217 ἀλλὰ
2047 1178 2149 1231 χάριν
2186 1180 2370 1230 ἓλοίὸομεν,

1350 1240 1407 1278 καὶ
1432 1244 1494 1286 TE<
1518 1241 1646 1278 ἄνωθεν
1673 1241 1802 1292 δωρεᾶς
1830 1240 1869 1278 τὸ
1897 1238 2109 1291 κατόρθωμα
2127 1238 2276 1290 γέγονεν.
2308 1241 2372 1282 Εἰς

1350 1300 1506 1347 ὑπακοὴν
1525 1300 1686 1344 πίστεως.

1404 1486 1480 1522 Οὐκ
1495 1484 1562 1535 ἄρα
1576 1484 1608 1520 οἱ
1624 1482 1811 1521 ἀπόστολοι
1837 1476 1926 1528 ἦσαν
1948 1483 1979 1520 οἳ
2003 1484 2250 1533 κατορθοῦντες
2262 1511 2271 1529 ,
2292 1482 2368 1519 ἀλλ’

1349 1549 1371 1591 ἡ
1391 1546 1667 1596 προοδοποιοῦσα
1687 1542 1788 1596 χάρις
1810 1544 1935 1584 αὐτοῖς.
1961 1542 2129 1580 Ἔκείνων
2157 1542 2218 1593 μὲν
2241 1541 2307 1595 γὰρ
2329 1537 2370 1589 ἦν

1350 1606 1390 1643 τὸ
1409 1604 1580 1658 περιιέναι
1603 1604 1664 1641 καὶ
1691 1602 1889 1655 κηρύττειν,
1918 1603 1958 1640 τὸ
1979 1602 2015 1640 δὲ
2043 1602 2172 1640 πείθειν
2193 1608 2252 1641 τοῦ
2277 1605 2372 1655 ἐνερ-

1350 1669 1488 1716 γοῦντος
1506 1667 1540 1703 ἐν
1562 1667 1676 1707 αὐτοῖς
1698 1665 1790 1702 Θεοῦ
1805 1679 1812 1686 ·
1833 1661 1947 1705 καθὼς
1967 1662 2025 1700 καὶ
2051 1666 2068 1701 ὃ
2091 1664 2228 1705 Λουκᾶς
2255 1678 2372 1715 φησιν,

1351 1725 1403 1764 ὅτι
1423 1725 1582 1772 Διήνοιξε
1605 1725 1667 1772 τὴν
1699 1724 1843 1778 καρδίαν
1867 1725 1979 1761 αὐτῶν
1995 1739 2002 1746 ·
2028 1724 2087 1761 καὶ
2105 1723 2224 1772 πάλιν,
2255 1719 2304 1767 οἷς
2330 1719 2371 1771 ἦν

1352 1788 1532 1839 δεδομένον
1552 1789 1699 1826 ἀκοῦσαι
1717 1786 1774 1824 τὸν
1793 1785 1894 1836 λόγον
1914 1789 1972 1822 τοῦ
1992 1786 2097 1823 Θεοῦ.
2116 1786 2178 1827 Εἰς
2203 1784 2371 1831 ὑπακοήν.

1351 1851 1427 1888 Οὐκ
1459 1842 1565 1895 εἶπεν,
1593 1849 1640 1891 εἷς
1667 1847 1810 1894 ζήτησιν
1838 1844 1898 1884 καὶ
1929 1843 2159 1892 κατασκευὴν,
2189 1846 2280 1892 ἀλλ’,
2311 1846 2374 1887 Εἷς

1351 1909 1520 1956 ὑπακοήν.
1537 1908 1630 1948 Οὐδὲ
1645 1908 1713 1960 γὰρ
1726 1907 1967 1959 ἐπέμφθημεν,
1985 1906 2081 1958 φησὶ,
2099 1905 2373 1957 συλλογίζεσθαι,

1352 1972 1428 2008 ἀλλ’
1454 1970 1540 2022 ὅπερ
1571 1969 1852 2023 ἓνεχειρίσθημεν
1885 1968 2086 2006 ἀποδοῦναι.
2113 1965 2227 2005 (Ὀταν
2256 1967 2322 2019 γὰρ
2355 1970 2373 2005 ὁ

1350 2031 1530 2078 Δεσπότης
1559 2029 1782 2083 ἀποφῆνηταί
1806 2046 1861 2075 τι,
1881 2028 1957 2073 τοὺς
1977 2029 2163 2072 ἀκούοντας
2179 2030 2215 2066 οὔ
2236 2043 2374 2081 περιερ-

1351 2094 1515 2145 γάζεσθαι
1534 2092 1604 2145 χρὴ
1620 2091 1664 2130 τὰ
1683 2092 1852 2144 λεγόμενα
1873 2090 1933 2128 καὶ
1948 2090 2264 2141 πολυπραγμονεῖν,
2284 2088 2373 2127 ἀλλὰ

1353 2154 1514 2207 δέχεσθαι
1544 2154 1658 2204 μόνον.
1682 2155 1728 2191 Οἱ
1753 2152 1820 2204 γὰρ
1848 2151 2035 2189 ἀπόστολοι
2062 2149 2118 2187 διὰ
2138 2152 2240 2187 τοῦτο
2265 2149 2374 2199 ἐπέμ-

1352 2220 1500 2268 φθησαν,
1519 2214 1593 2261 ἰ’να,
1610 2213 1698 2266 ἅπερ
1713 2213 1881 2259 ἤκουσαν,
1905 2211 2059 2258 εἴπωσιν,
2080 2212 2144 2262 οὐχ
2163 2209 2221 2248 ἵνα
2239 2210 2371 2248 οἴκοθέν

1352 2291 1385 2312 τι
1401 2277 1598 2325 προσθῶσι·
1631 2273 1691 2311 καὶ
1719 2276 1820 2323 ἡμεῖς
1841 2271 1875 2310 δὲ
1894 2271 2027 2317 λοιπὸν,
2043 2270 2099 2308 ἵνα
2117 2271 2371 2321 πιστεύσωμεν.

1353 2335 1402 2372 Τί
1420 2334 1476 2372 ἵνα
1492 2333 1749 2383 πιστεύσωμεν,
1777 2331 1864 2382 Περὶ
1890 2335 1950 2368 τοῦ
1970 2329 2135 2380 ὀνόματος
2160 2332 2280 2368 αὐτοῦ·
2309 2333 2372 2381 οὐχ

1353 2393 1410 2432 ἵνα
1429 2393 1491 2439 τὴν
1512 2393 1628 2432 οὐσίαν
1647 2395 1750 2430 αὐτοῦ
1770 2390 2104 2444 περιεργασώμεθα,
2125 2390 2229 2429 ι’ἀλλ’
2250 2389 2304 2427 ἵνα
2331 2393 2378 2434 εἷς

1355 2455 1395 2493 τὸ
1414 2454 1522 2504 ὄνομα
1543 2455 1645 2492 αὐτοῦ
1662 2451 1925 2502 πιστεύσωμεν·
1941 2455 2040 2489 τοῦτο
2060 2451 2126 2503 γὰρ
2147 2445 2202 2497 ἦν,
2222 2450 2239 2488 ὃ
2258 2451 2317 2488 καὶ
2336 2452 2379 2488 τὰ

1357 2520 1487 2565 σημεῖα
1507 2514 1635 2553 ἐποίει·
1657 2513 1718 2551 Ἐν
1741 2512 1808 2566 γὰρ
1835 2515 1884 2564 τῷ
1904 2511 2048 2563 ὀνόματι
2078 2511 2194 2558 Ἰησοῦ
2212 2513 2379 2563 Χριστοῦ,

1358 2576 1475 2629 φησὶν,
1494 2575 1624 2627 ἔγειραι
1643 2574 1702 2613 καὶ
1720 2574 1916 2627 περιπάτει.
1937 2573 2007 2611 Καὶ
2031 2577 2130 2610 τοῦτο
2157 2572 2192 2610 δὲ
2223 2572 2305 2611 αὐτὸ
2325 2571 2381 2610 πί-

1360 2653 1468 2696 στεως
1487 2637 1607 2684 δεῖται,
1624 2634 1683 2673 καὶ
1700 2634 1794 2673 οὐδὲν
1814 2633 1943 2672 τούτων
1960 2635 2118 2685 λογισμῷ
2143 2638 2157 2654 ⁶
2170 2632 2381 2671 καταλαὸεἵν

1361 2698 1517 2737 δυνατόν.
1539 2697 1600 2735 Ἔν
1623 2702 1710 2735 πᾶσι
1733 2702 1803 2738 τοῖς
1832 2695 1974 2741 ἔθνεσιν,
1993 2696 2027 2732 ἐν
2046 2689 2095 2737 οἷς
2111 2696 2189 2732 ἐστε
2204 2693 2264 2731 καὶ
2285 2695 2384 2742 ὑμεῖς

1360 2759 1481 2806 κλητοὶ
1502 2759 1618 2804 Ἰησοῦ
1641 2759 1807 2809 Χριστοῦ.
1830 2756 1877 2794 Τί
1902 2749 1981 2803 οῦν;
2002 2761 2090 2793 πᾶσι
2119 2760 2190 2797 τοῖς
2213 2754 2341 2791 ἔθνεσιν
2365 2755 2383 2789 ὃ

1360 2822 1500 2863 Παῦλος
1537 2818 1719 2871 ἓκῆρυξεν;
1746 2818 1838 2856 εὈτι-
1862 2817 1924 2867 μὲν
1954 2816 2021 2868 γὰρ
2049 2815 2117 2854 ἀπὸ
2154 2813 2384 2866 Ἰερουσαλὴμ

1757 2877 1872 2891 &NJK
2050 2879 2059 2891 ἓ

303 2889 350 2927 ad
377 2897 535 2926 extrema
561 2896 661 2925 terrae
693 2887 903 2938 pervaserit,
933 2886 1053 2938 palam
1083 2895 1133 2923 est
1163 2900 1207 2924 ex
1233 2885 1291 2935 iis,
1314 2888 1340 2918 D
1365 2881 1469 2933 μέχρι
1497 2883 1555 2917 τοῦ
1585 2880 1779 2931 Ἰλλυρικου
1800 2893 1988 2929 οιεοραμε,
2017 2879 2175 2914 κακεῖθεν
2204 2876 2310 2914 πάλιν
2337 2877 2386 2918 εἷς

303 2964 382 3000 quae
395 2948 566 2987 Romanis
580 2946 733 2998 scripsit.
750 2947 827 2984 Etsi
843 2960 927 2985 vero
942 2960 1010 2984 non
1023 2946 1071 2983 ad
1086 2960 1205 2984 omnes
1216 2960 1293 2998 per-

304 3009 455 3058 venerit,
474 3023 515 3046 ne
533 3008 584 3046 sie
599 3006 743 3058 quidem
759 3006 890 3044 falsum
906 3016 957 3044 est
973 3006 1071 3057 quod
1087 3005 1174 3043 dicit
1193 3022 1199 3042 :
1223 3019 1293 3044 non

306 3071 399 3109 enim
420 3070 465 3108 de
483 3084 520 3108 se
537 3077 674 3107 tantum
694 3067 864 3118 loquitur,
884 3067 945 3106 sed
963 3067 1072 3106 etiam
1097 3067 1140 3105 de
1155 3067 1294 3105 duode-

307 3133 377 3170 cim
402 3131 583 3183 apostolis,
606 3139 639 3167 et
657 3129 702 3166 de
721 3128 763 3166 iis
783 3129 844 3180 qui
863 3143 945 3168 cum
963 3128 1036 3166 illis
1054 3128 1206 3167 verbum
1225 3142 1294 3166 an-

350 3255 362 3278 f
389 3260 508 3293 ἐκεῖνος,
524 3254 571 3285 sic
588 3254 664 3285 Mss.
682 3260 715 3285 et
732 3253 777 3285 ita
801 3250 918 3295 legitur
937 3251 970 3282 in
994 3250 1172 3293 Evangelio
1197 3250 1313 3283 Graeco

309 3306 456 3338 Joannis.
476 3305 567 3336 Editi
585 3310 686 3339 ἐκεῖνο.

355 3368 366 3381 ⁸
390 3359 462 3388 Duo
473 3357 548 3390 uss.
561 3357 667 3387 nostri
678 3356 724 3397 [et
739 3354 792 3396 A.]
804 3358 852 3387 καὶ
865 3357 1077 3390 Φιλιππησίοις.
1092 3352 1192 3385 Savil.
1206 3351 1314 3395 legen-

311 3408 390 3440 dnm
407 3409 540 3449 conjicit
556 3413 603 3440 καὶ
619 3407 767 3452 flexio-'37
789 3407 863 3447 quia
880 3406 913 3437 iu
930 3404 1079 3447 Epistola
1097 3404 1140 3436 ad
1156 3403 1314 3446 Ephesios

312 3459 389 3503 qnid
407 3458 508 3491 simile
528 3458 666 3490 habetur
685 3470 689 3487 z
711 3465 742 3489 at
762 3468 825 3488 vox
841 3467 976 3499 sequens
1000 3459 1176 3501 δημηγορῶν
1193 3454 1319 3489 indicat

1364 2941 1469 2984 αὐτὰς
1486 2940 1583 2986 ἐξέὲη
1604 2943 1665 2985 τῆς
1684 2943 1746 2991 γ’ἧς
1767 2939 1828 2982 τὰς
1847 2936 2010 2989 ἐσχατιὰς
2023 2966 2032 2983 ,
2059 2937 2160 2983 δῆλον
2182 2936 2216 2980 ἐξ
2232 2931 2279 2974 οἷν
2295 2935 2385 2975 Ῥω-

1370 3001 1484 3054 μαίοις
1513 3000 1720 3040 ἐπέστειλεν.
1750 3001 1794 3037 Εἰ
1814 2998 1927 3036 δὲκαὶ
1952 2997 2000 3048 μὴ
2025 3004 2111 3035 πᾶσι
2134 2997 2282 3045 ἐπέστη,
2311 2997 2386 3035 οὐδὲ

1367 3063 1458 3102 οὕτω
1478 3062 1601 3114 ψεῦδος
1619 3061 1657 3098 τὸ
1676 3059 1861 3110 λεγόμενον
1880 3074 1887 3081 ·
1905 3059 1943 3095 οὐ
1963 3058 2029 3109 γὰρ
2049 3058 2128 3111 περὶ
2145 3060 2267 3095 ἑαυτοῦ
2285 3057 2385 3109 μόνον

1914 3118 1979 3131 “VN

1368 3124 1484 3176 φησὶν,
1511 3122 1600 3161 ἀλλὰ
1629 3120 1790 3171 καὶπερὶ
1821 3122 1888 3156 τῶν
1911 3132 2044 3156 οωοεκα
2075 3117 2292 3166 ἀποστόλων,
2329 3118 2386 3156 καὶ

1380 3247 1412 3278 in
1428 3245 1587 3277 concione
1601 3239 1745 3284 quadam
1762 3239 1812 3272 vel
1827 3238 2010 3282 colloquio,
2024 3238 2120 3281 quale
2136 3237 2241 3270 Mileti
2255 3236 2385 3276 habuit,

1380 3298 1450 3330 haec
1467 3295 1564 3328 verba
1582 3292 1713 3336 reperiri
1729 3320 1736 3335 ‚
1753 3300 1786 3324 et
1802 3303 1876 3324 vere
1893 3290 2016 3323 ibidem
2032 3289 2207 3323 habentur.

1426 3351 1442 3375 b
1468 3349 1536 3390 [ἵνα
1552 3346 1747 3378 inseruimus
1764 3355 1801 3375 ex
1820 3344 1871 3385 A.]

1426 3411 1438 3424 ἲ
1461 3401 1726 3442 [nastasia-aim
1743 3397 1794 3438 A]
