2502 3810
736 215 779 244 IN
817 216 958 245 EPIST.
998 214 1057 243 AD
1096 213 1203 242 11031.

128 298 207 334 νεῐς.
231 291 374 338 Ἐπειδὴ
391 291 458 345 γὰρ
479 293 608 344 σφόδρα
631 295 766 332 ἐκείνων
789 296 990 346 καθήψατο,
1009 294 1066 331 ἵνα
1093 293 1139 343 μὴ

126 351 263 393 τούτους
294 351 404 426 ἐπάρῃ
422 355 540 399 τοῦτο,
557 355 784 392 καταστέλλει
811 356 915 392 πάλιν
943 357 1053 392 αὐτῶν
1080 353 1142 399 τὴν

127 411 302 458 ἀπόνοιαν,
323 411 462 455 ἐκείνοις
489 429 551 461 μεν
585 413 616 457 ἐξ
648 415 856 465 ἐπαγγελίας
886 431 1045 467 πατερων
1071 415 1106 451 δε
1112 429 1139 450 ι-

125 470 205 514 κνὺς
226 470 386 521 διδόμενα
417 472 461 509 τὰ
482 473 616 527 ἀγαθὰ,
627 481 696 518 τοῖς
719 475 754 513 δὲ
782 475 815 518 ἐξ
839 478 957 520 ἐθνων,
983 474 1017 517 ἐξ
1045 474 1100 511 ἐλὲ
1086 489 1139 511 εου

124 531 184 568 καὶ
205 532 463 583 φιλανθρωπίας
484 533 606 582 μόνη·ς
627 534 679 571 διὸ
698 535 756 572 καὶ
780 535 893 585 ἔλεγε,
911 534 967 572 'let
996 535 1032 571 δε
1061 533 1139 578 ἔθνη

124 590 211 642 ὑπὲρ
239 591 334 629 ἐλέου
370 591 511 635 δοξάσαι
544 593 600 631 τὸν
621 594 721 632 Θεόν.
754 594 829 632 Ἵνα
863 594 899 631 δὲ
932 593 1139 645 σαφέστερον

123 651 268 701 γένηται
285 653 532 703 τὸλεγόμενον,
551 656 661 691 αὐτῶν
681 654 784 691 πάλιν
801 653 816 674 ‘¹
835 655 980 691 ἄκουσον
998 656 1065 690 τῶν
1081 657 1141 704 ῥη-

125 711 257 760 μάτων,
272 712 328 750 ἵνα
357 713 467 764 μάθῃς
482 713 516 751 τί
530 716 602 751 ἐστι
616 714 654 752 τὸ
674 714 718 751 ‘l'
720 714 784 766 πὲρ
800 714 962 761 ἀληθείας
976 716 1067 752 Θεοῦ
1087 730 1141 765 γε-

122 774 357 849 γενησθαιτρν
374 774 525 824 Χριστὸν
546 774 701 812 διάκονον
726 777 940 825 περιτομῆς,
958 776 1004 816 εἰς
1019 774 1057 811 τὸ
1081 777 1201 836 βε-Ῥδ

124 832 274 871 Εἀιωσαι
295 833 356 877 τὰς
376 835 586 885 ἐπαγγελίας
612 850 680 872 των
707 835 880 887 πατέρων.
900 833 946 871 Τί
975 837 1052 871 ποτ’
1081 838 1137 872 οὐν

123 894 196 931 ἐστὶ
220 894 258 930 τὸ
288 894 487 946 εἰρημένον,
504 895 722 946 Επαγγελία
741 894 825 947 πρὸς
844 910 901 931 τον
920 894 1078 945 Ἀὸραὰμ
1096 899 1138 941 ἠν

123 955 333 1004 γεγενημένη
354 955 517 1006 λέγουσα·
534 955 597 992 Σοὶ
611 954 712 992 δώσω
731 954 794 1001 τὴν
809 957 873 1004 γῆν
889 954 949 992 καὶ
969 957 1018 1005 τῷ
1033 955 1139 1007 σπέρ·

124 1015 208 1063 ματί
227 1031 286 1052 σου
303 1044 311 1061 ,
334 1015 392 1052 καὶ
412 1019 446 1052 ἐν·
466 1018 515 1065 τῷ
537 1015 711 1067 σπέρματί
731 1030 789 1052 σου
812 1014 1139 1064 ἐνευλογηθήσονται

122 1076 236 1112 πάντα
261 1075 305 1112 τὰ
338 1076 429 1122 ἔθνη.
452 1075 542 1113 Ἀλλ’
570 1075 724 1125 ἐγένοντο
754 1075 928 1117 κολάσεως
960 1074 1139 1111 ὑπεύθυνοι

123 1135 210 1184 μετὰ
229 1139 338 1172 ταῦτα
363 1138 393 1174 οἱ
425 1140 483 1172 τοῦ
508 1135 707 1186 σπέρματος
726 1135 885 1185 Ἀδραὰμ
911 1134 1073 1177 ἅπαντες.
1096 1134 1139 1172 ‘O

121 1195 188 1246 γὰρ
202 1195 304 1245 νόμος
316 1195 419 1247 ὀργὴν
438 1198 551 1239 αὐτοῖς
568 1194 811 1248 κατειργάζετο
825 1194 1139 1247 παραὲαινόμενος,

121 1254 180 1292 καὶ
197 1258 261 1301 τῆς
279 1255 487 1307 ἐπαγγελίας
503 1255 685 1306 ἀπεστέρει
703 1255 823 1293 λοιπὸν
846 1255 979 1302 ἐκείνης
996 1259 1058 1301 τῆς
1073 1258 1139 1292 τῶν

121 1316 293 1367 πατέρων.
310 1316 598 1367 Παραγενόμενος
613 1316 724 1353 τοίνυν
744 1319 760 1354 ὃ
781 1316 862 1359 Υἱὸς
883 1315 1072 1367 συνέπραξε
1090 1318 1140 1368 τῷ

123 1377 259 1428 Πατρὶ,
282 1379 328 1419 εἷς
346 1377 385 1414 τὸ
399 1377 460 1420 τὰς
477 1377 688 1429 ἐπαγγελίας
704 1377 836 1420 ἐκείνας
857 1379 1063 1424 ἀληθεῦσαι,
1081 1377 1140 1414 καὶ

122 1440 168 1480 εἷς
186 1437 283 1480 τέλος
301 1438 457 1481 ἐξελθεῖν.
479 1438 603 1474 Πάντα
618 1437 686 1489 γὰρ
701 1438 758 1475 τὸν
777 1438 882 1488 νόμον
897 1437 1086 1490 πληρώσας
1105 1440 1139 1475 ἐν

121 1492 228 1549 ᾧκαὶ
247 1498 451 1550 περιτομὴν,
466 1498 523 1536 καὶ
543 1497 649 1550 ταύτῃ
672 1498 732 1536 καὶ
748 1498 804 1536 διὰ
824 1502 884 1536 τοῦ
908 1502 1055 1550 σταυροῦ
1078 1501 1140 1544 τῆς

119 1558 275 1610 κατάρας
292 1559 493 1603 ἀπαλλάξας
509 1561 571 1603 τῆς
583 1558 639 1596 ἐπὶ
656 1561 697 1609 τῇ
715 1559 914 1609 παραῧάσει
926 1588 935 1604 ,
953 1561 1014 1597 οὐκ
1028 1561 1138 1611 ἀφῆκε

123 1620 297 1657 διαπεσεῖν
315 1618 379 1664 τὴν
407 1618 628 1670 ἐπαγγελίαν.
647 1617 761 1656 εΌταν
778 1612 834 1657 οὖν
861 1618 965 1670 λέγῃ,
983 1619 1138 1657 διάκονον

120 1684 311 1731 περιτομῆς
327 1708 336 1725 ,
361 1685 460 1718 τοῦτο
478 1680 589 1730 λέγει,
613 1679 666 1718 ὅτι
695 1680 814 1727 ἐλθὼν,
845 1680 904 1717 καὶ
936 1680 1051 1718 πάντα
1081 1681 1138 1718 τὸν

120 1741 223 1790 νόμον
257 1741 446 1792 πληρώσας
460 1771 469 1788 ,
504 1741 562 1778 καὶ
595 1740 839 1793 περιτμηθεὶς,
868 1741 925 1778 καὶ
959 1741 1140 1793 γενόμενος

122 1801 262 1851 σπέρμα
293 1805 352 1839 τοῦ
374 1801 553 1876 Ἀὸρριὰμὲ,
573 1801 673 1839 ἔλυσε
707 1800 770 1847 τὴν
809 1802 976 1854 κατάραν,
1012 1801 1139 1840 ἔπαυσε

120 1877 179 1899 του
199 1864 289 1899 Θεοῦ
302 1861 364 1908 τὴν
386 1862 504 1913 ὀργην,
523 1861 735 1908 ἐπιτηδείους
753 1863 807 1899 λοι
798 1862 873 1899 'nov
907 1863 1048 1908 ἐποίησε
1062 1878 1140 1906 τους

121 1922 340 1971 υιέλλοντας
322 1924 484 1974 οέχεσθαι
502 1922 565 1969 τὴν
579 1923 802 1974 ἐπαγγελίαν,
815 1922 908 1967 ἅπαξ
920 1924 1140 1976 ἀπαλλαγέν-

121 2000 182 2026 τας
195 1987 254 2020 τοῧ
269 1999 398 2035 προσκε
402 1999 596 2034 κρουκεναι.
615 1983 679 2022 Ἵν’
696 1987 752 2021 οὐν
769 1983 817 2033 μὴ
831 1983 978 2035 λέγωσιν
998 1988 1091 2023 οὑτοι
1108 1989 1139 2023 οἱ

121 2043 368 2094 ἐγκαλουμενο·
379 2074 387 2091 ,
410 2047 482 2087 πῶς
502 2048 558 2082 οὖν
576 2048 593 2082 ὃ
613 2045 763 2096 Χριστος
791 2045 1053 2098 περιετέμνετο,
1081 2062 1139 2084 και

122 2103 235 2140 πάντα
251 2105 306 2142 τὸν
320 2104 422 2154 νόμον
441 2105 626 2157 ἐφύλαττεν
638 2122 646 2152 3
660 2107 706 2148 εἷς
724 2104 920 2143 τούναντίον
940 2106 1024 2144 αὐτὸ
1039 2122 1140 2158 περι-

121 2164 251 2214 τρέπει.
275 2166 328 2206 ,Οὐ
348 2165 416 2217 γὰρ

121 2225 237 2275 φησὶν,
254 2227 330 2263 ἀλλ’
359 2225 415 2263 ἵνα
443 2227 542 2264 αὐτὸν
571 2226 681 2277 λύσῃ,
699 2227 758 2264 καὶ
794 2228 830 2265 σὲ
862 2228 1045 2278 ἀπαλλάξῃ
1077 2231 1139 2274 τῆς

437 2171 451 2186 ³
467 2165 523 2203 ἵνα
543 2166 642 2216 μείνῃ
665 2169 682 2203 ὃ
701 2166 803 2216 νόμος
817 2196 828 2212 ,
849 2171 948 2204 τοῦτο
977 2167 1138 2215 ἐποίησε,

119 2286 341 2336 ἐπικειμένης
363 2287 535 2340 κατάρας,
566 2287 626 2324 καὶ
659 2287 871 2339 ἐλευθερώσῃ
903 2289 1049 2326 καθόλου
1076 2293 1138 2336 τῆς

120 2350 230 2398 ἀρχῆς
248 2350 309 2394 τῆς
331 2348 474 2386 ἐκείνου.
496 2348 641 2395 Ἐπειδὴ
662 2347 728 2400 γὰρ
752 2348 793 2385 σὺ
821 2348 981 2400 παρέὸης
1001 2349 1059 2387 τὸν
1077 2351 1136 2388 νό-

120 2422 195 2458 μον,
216 2408 273 2446 διὰ
288 2412 388 2447 τοῦτο
404 2411 530 2452 ἐκεῖνος
546 2409 761 2461 ἐπλήρωσεν,
779 2411 844 2460 οὐχ
860 2409 917 2446 ἵνα
937 2409 977 2447 σὺ
994 2410 1136 2462 πληρώ-

120 2484 202 2517 σῃς,
225 2470 301 2506 ἀλλ’
322 2469 379 2505 ἵνα
397 2484 450 2507 σοι
464 2469 526 2512 τὰς
549 2469 758 2520 ἐπαγγελίας
778 2469 953 2522 βεὲαιώσῃ
971 2470 1032 2514 τὰς
1052 2471 1138 2522 πρὸς

120 2526 196 2571 τοὺς
219 2528 394 2579 πατέρας,
425 2529 464 2572 ἃς
484 2533 501 2566 ὃ
521 2529 622 2580 νόμος
652 2530 826 2567 διαπεσεῖν
855 2530 983 2578 ἐποίει,
1005 2530 1136 2574 δεικνύς

120 2605 159 2627 σε
169 2590 467 2640 προσκεκρουκότα
484 2590 617 2635 καὶτῆς
632 2591 864 2642 κληρονομίας
878 2592 958 2629 ὅντα
975 2592 1109 2636 ἀνάξιον
1127 2608 1133 2615 ·

119 2650 209 2689 ὥστε
225 2651 283 2688 καὶ
303 2650 344 2688 σὺ
363 2651 452 2689 κατὰ
469 2651 571 2703 χάριν
589 2651 734 2697 ἐσώθης·
755 2652 814 2689 καὶ
842 2652 909 2703 γὰρ
930 2653 1133 2698 &meamn-

121 2712 219 2761 μένος
237 2707 289 2758 ἧς.
312 2712 374 2757 Μὴ
391 2712 502 2750 τοίνυν
517 2711 681 2755 στασίαζε
695 2742 704 2759 ,
723 2712 810 2762 μηδὲ
827 2712 1011 2764 φιλονείκει
1033 2716 1134 2751 ἀντε-

119 2773 264 2823 χόμενος
284 2772 436 2823 ἀκαίρως
460 2777 519 2810 τοῦ
546 2772 670 2822 νόμου,
700 2772 734 2814 ὃς
753 2772 812 2809 καὶ
831 2775 893 2817 τῆς
927 2773 1135 2824 ἐπαγγελίας

118 2833 279 2877 ἐξέὲαλεν
299 2833 352 2880 ἂν,
373 2835 402 2871 εἰ
423 2833 471 2883 μὴ
499 2837 650 2871 τοσαῦτα
677 2833 800 2870 ἔπαθεν
825 2833 910 2884 ὑπὲρ
928 2836 988 2870 σοῦ
1012 2837 1030 2872 ὃ
1050 2835 1135 2886 Χρι-

120 2893 209 2937 στός.
229 2893 367 2932 Ἔπαθε
384 2893 418 2931 δὲ
442 2898 570 2939 ταῦτα,
592 2896 652 2932 οὐκ
678 2893 796 2940 ἐπειδὴ
823 2892 863 2932 σὺ
884 2893 976 2937 ἄξιος
996 2888 1036 2941 ἧς
1063 2910 1133 2932 σω-

119 2954 261 3006 τηρίας,
289 2956 364 2992 ἀλλ’
389 2953 479 2993 ὥστε
509 2956 699 3000 ἀληθεῦσαι
724 2953 782 2991 τὸν
802 2954 905 2993 Θεόν.
928 2949 1041 3002 Εἶτα,
1078 2955 1134 2994 ἵνα

122 3015 170 3064 μὴ
192 3020 292 3054 τοῦτο
322 3015 460 3068 φυσήσῃ
489 3015 545 3053 τὸν
573 3015 607 3059 ἐξ
626 3017 744 3063 ἐθνῶν,
773 3016 880 3067 φησί·
900 3015 958 3054 Τὰ
994 3016 1028 3055 δὲ
1054 3016 1132 3063 ἔθνη

121 3074 207 3127 ὑπὲρ
225 3075 338 3119 ἐλέους
358 3076 498 3120 δοξάσαι
522 3077 578 3115 τὸν
598 3076 700 3115 Θεόν.
720 3076 770 3114 εῸ
789 3077 825 3114 δὲ
853 3076 946 3128 λέγει
954 3102 963 3124 ,
983 3077 1133 3115 τοιοῦτόν

122 3139 212 3175 ἐστιν
225 3153 232 3160 ·
253 3139 284 3174 οἱ
302 3138 362 3187 μὲν
381 3138 540 3178 Ἰουδαῖοι
559 3139 574 3160 ¹³
588 3139 651 3177 κᾶν
675 3140 884 3192 ἐπαγγελίας
906 3135 1010 3192 εἶχον,
1029 3143 1057 3178 εἷ
1077 3141 1135 3178 καὶ

123 3202 252 3246 ἀνάξιοι
271 3198 358 3249 ἦσαν
373 3219 379 3226 ·
397 3204 437 3242 σὺ
457 3205 492 3244 δὲ
513 3206 588 3244 οὐδὲ
608 3211 729 3253 τοῦτο,
750 3209 825 3246 ἀλλ’
857 3207 925 3246 ἀπὸ
944 3209 1136 3260 φιλανθρω-

162 3315 174 3333 ¹¹
193 3315 203 3356 [
219 3314 322 3347 Iidem
346 3320 424 3355 ἄξιον
441 3320 588 3361 ἀκοῦσαι]

166 3376 178 3390 ³
198 3367 287 3398 Unus
304 3367 413 3399 Codex
434 3369 479 3410 [et
497 3370 518 3401 A
541 3371 551 3412 ]
569 3375 613 3403 ἵνα
628 3377 716 3415 μένῃ.

1244 213 1398 243 nomm.
1438 214 1595 244 xxvut.
2106 217 2191 263 707

1217 303 1274 330 tur
1288 294 1430 333 Judaeos
1447 295 1665 332 infirmantes
1684 294 1866 332 sustinere.
1887 297 2076 345 Postquam
2103 297 2195 334 enim

1216 354 1295 392 illos
1316 355 1536 392 vehementer
1553 354 1820 406 perstrinxerat,
1838 369 1880 393 ne
1896 355 1978 393 hine
1999 356 2056 394 isti
2075 356 2194 394 subla-

1218 414 1260 450 tis
1277 414 1404 451 animis
1422 423 1547 459 essent,
1566 415 1722 466 ipsorum
1740 429 1862 453 rursus
1880 416 2118 467 arrogantiam
2132 417 2192 455 de-

1216 473 1339 522 primit
1354 473 1505 512 :Judaeis
1536 473 1678 523 quidem
1705 488 1750 512 ex
1774 475 2007 526 promissione
2031 476 2193 528 patribus

1215 533 1303 569 sacta
1316 563 1325 578 ‚
1345 533 1436 571 bona
1456 533 1537 570 data
1557 534 1663 571 fuisse
1675 534 1878 584 ostenden53
1899 536 2090 586 gentilibus
2109 551 2192 576 vero

1214 606 1257 629 ex
1276 593 1349 630 sola
1368 593 1609 631 misericordia
1631 603 1663 632 et
1681 595 1916 646 benignitate:
1933 596 2012 633 ideo
2034 597 2189 648 dicebat,

1219 654 1360 691 Gentes
1385 663 1513 692 autem
1546 669 1658 706 super
1682 658 1944 694 misericordia
1971 658 2192 710 glorificare

1216 714 1355 750 Deum.
1379 715 1427 752 Ut
1446 729 1529 752 vero
1549 715 1676 752 clarior
1694 730 1747 753 res
1768 716 1828 766 sit,
1846 717 1920 769 ipsa
1942 732 2063 756 rursus
2081 721 2192 757 verba

1189 774 1310 822 audi,
1324 784 1362 811 ut
1377 774 1491 812 discas
1510 775 1598 825 quid
1617 776 1675 821 sit,
1697 779 1776 813 Pro
1791 781 1956 815 veritate
1978 780 2053 817 Dei
2079 782 2192 818 Chri-

1164 807 1201 871 Λ5
1213 843 1314 871 stum
1338 836 1460 885 fnisse
1481 839 1631 873 mmtstt
1633 850 1695 872 um
1712 839 2023 886 circumcisionis,
2046 841 2092 880 ad
2111 855 2192 878 con-

1215 894 1405 932 firmandas
1439 895 1688 946 promissiones
1707 906 1860 947 patrum.
1892 899 1990 943 Quid
2016 914 2100 951 ergo
2126 911 2191 951 est,

1212 955 1311 1004 quod
1330 956 1487 993 dicitur?
1509 956 1702 994 Promissio
1732 957 1935 996 Abrahamo
1955 959 2043 996 facta
2063 962 2190 1011 fuerat,

1212 1015 1353 1053 dicens:
1376 1018 1459 1053 Tibi
1478 1018 1578 1053 dabo
1607 1026 1746 1054 terram
1768 1027 1804 1055 et
1825 1022 1963 1056 semini
1984 1029 2060 1067 tuo,
2076 1031 2121 1068 et,
2147 1025 2194 1060 In
2211 1040 2284 1065 Gen.
2306 1047 2391 1075 ¹2·7·

1213 1079 1356 1113 semine
1371 1085 1436 1113 tuo
1456 1078 1728 1114 benedicentur
1747 1092 1878 1116 omnes
1895 1089 2036 1130 gentes.
2057 1084 2193 1120 Verum
2208 1085 2234 1107 Εῑ
2251 1088 2302 1107 22·
2329 1078 2373 1107 ¹3’

1214 1144 1331 1186 postea
1364 1145 1536 1186 quotquot
1566 1151 1611 1173 ex
1636 1136 1767 1174 semine
1799 1139 1950 1175 Abrahae
1975 1151 2087 1190 erant,
2114 1143 2194 1180 facti

1214 1204 1295 1232 sunt
1316 1196 1428 1247 poenis
1463 1196 1621 1234 obnoxii.
1646 1197 1787 1235 Violata
1815 1199 1945 1251 quippe
1974 1201 2031 1238 lex
2054 1202 2142 1239 iram
2162 1203 2197 1241 in

1214 1255 1294 1293 illos
1322 1256 1525 1303 concitavit,
1541 1266 1574 1294 et
1594 1257 1826 1309 promissione
1847 1260 2008 1310 patribus
2025 1262 2113 1299 facta
2133 1263 2197 1301 de-

1215 1330 1313 1352 mum
1330 1316 1409 1355 illos
1428 1317 1601 1369 privavit.
1625 1317 1828 1356 Adveniens
1847 1319 1957 1371 igitur
1984 1322 2097 1360 F1lius
2117 1338 2197 1361 cum

1215 1377 1318 1414 Patre
1346 1388 1554 1429 cooperatus
1573 1387 1637 1429 est,
1660 1388 1699 1416 ut
1731 1380 1979 1430 promissiones
2010 1382 2078 1420 illae
2106 1398 2198 1422 verae

1164 1450 1186 1478 Β
1214 1436 1580 1489 deprehenderentur,
1606 1449 1638 1476 et
1663 1440 1708 1480 ad
1737 1441 1901 1479 effectum
1926 1443 2196 1484 adducerentur.

1216 1499 1309 1536 Cum
1322 1500 1416 1537 enim
1435 1500 1548 1551 legem
1563 1514 1703 1539 omnem
1719 1510 1751 1538 et
1766 1502 2068 1542 circumcisionem
2078 1507 2197 1555 *adim-

1213 1560 1390 1610 plevisset‚
1411 1569 1515 1611 atque
1533 1562 1583 1600 sic
1602 1571 1635 1599 et
1653 1576 1716 1613 per
1733 1576 1872 1600 crucem
1891 1579 2030 1615 quoque
2046 1580 2064 1603 a
2085 1568 2195 1605 male-

1211 1620 1366 1659 dictione
1384 1635 1446 1673 per
1465 1623 1775 1674 transgressionem
1792 1624 1896 1661 allata
1914 1626 2108 1675 liberasset,
2126 1643 2195 1667 non

1212 1683 1373 1734 permisit
1399 1692 1439 1720 ut
1466 1684 1654 1735 promissio
1683 1684 1833 1723 caderet.
1864 1688 1955 1724 Cum
1983 1702 2065 1740 crgo
2091 1690 2192 1740 dicit,

1213 1744 1437 1781 ,Ministrum
1452 1747 1768 1791 circumcisionis,
1785 1745 1852 1783 hoc
1866 1747 1934 1783 sibi
1953 1749 2043 1798 vult,
2063 1749 2072 1785 i
2075 1765 2194 1801 psum,

1214 1818 1295 1841 cum
1315 1804 1468 1842 venisset
1490 1814 1523 1843 et
1541 1814 1652 1842 totam
1670 1805 1782 1857 legem
1812 1806 2041 1859 implevisset,
2057 1824 2097 1848 ac
2122 1811 2196 1849 cir-

1215 1864 1390 1902 cumcisus
1410 1865 1546 1914 fuisset,
1565 1880 1681 1903 semen
1705 1866 1857 1904 Abrah'ae
1872 1868 2019 1917 sactum,
2043 1871 2194 1909 maledi-

1215 1927 1364 1964 ctionem
1395 1927 1596 1978 abstulisse,
1628 1928 1717 1966 iram
1739 1929 1806 1967 Dei
1827 1929 2018 1981 sedavisse,
2046 1933 2197 1985 illosque

1215 1987 1358 2025 demum
1380 1988 1523 2027 idoneos
1543 1989 1711 2037 effecisse,
1731 1990 1793 2040 qui
1816 1992 2083 2042 promissionem
2099 2009 2196 2033 acce—

1164 2055 1188 2085 C
1213 2049 1309 2102 pturi
1322 2059 1431 2099 erant,
1441 2051 1545 2089 semel
1562 2051 1607 2088 ab
1625 2052 1756 2089 offensa
1776 2065 1838 2090 sua
1858 2053 2097 2093 lihc1·atos.Ne
2112 2070 2195 2107 ergo

1214 2110 1369 2149 dicerent
1380 2111 1417 2159 ii,
1432 2111 1494 2161 qui
1509 2112 1974 2161 accusabantur,Quomodo
1989 2129 2071 2166 ergo
2092 2116 2196 2154 Chri—

1213 2181 1287 2210 stus
1321 2171 1550 2209 circumcisus
1569 2172 1656 2220 fuit,
1673 2181 1706 2210 et
1723 2182 1832 2210 totam
1863 2174 1976 2225 legem
2002 2175 2194 2228 implevit?

1213 2233 1249 2270 in
1265 2233 1481 2270 contrarium
1494 2232 1590 2270 istud
1609 2233 1769 2272 invertit.
1792 2235 1871 2271 Non
1892 2244 1931 2272 ut
1951 2246 2106 2274 maneret
2121 2239 2192 2286 lex,

1212 2294 1280 2331 hoc
1299 2293 1395 2341 fecit,
1417 2293 1547 2343 inquit,
1571 2293 1632 2331 sed
1650 2303 1689 2331 ut
1708 2294 1807 2332 illam
1835 2295 1984 2334 solveret
2018 2305 2120 2347 teque
2147 2299 2193 2336 ab

1212 2355 1416 2392 imminente
1431 2354 1676 2393 maledictione
1691 2355 1964 2407 eriperet‚atque
1982 2372 2002 2394 a
2021 2358 2110 2410 legis
2130 2359 2193 2397 do-

1211 2416 1321 2454 minio
1339 2425 1372 2453 te
1390 2430 1535 2468 prorsus
1564 2416 1742 2454 liberaret.
1767 2416 1860 2461 Quia
1888 2417 1981 2454 enim
2011 2427 2049 2455 tu
2080 2419 2192 2471 legem

1210 2487 1447 2528 transgressus
1466 2477 1595 2526 fueras,
1615 2476 1693 2514 ideo
1712 2477 1787 2528 ipse
1806 2477 1905 2514 illam
1926 2478 2104 2530 implevit,
2123 2494 2192 2518 non

1212 2547 1250 2576 ut
1266 2548 1303 2576 tu
1323 2539 1502 2590 impleres,
1522 2537 1581 2575 sed
1602 2547 1640 2574 ut
1661 2537 1726 2574 tibi
1758 2538 2007 2589 promissiones
2030 2541 2191 2592 patribus

1211 2600 1318 2636 factas
1333 2598 1568 2645 confirmaret,
1580 2611 1667 2646 quas
1676 2597 1734 2633 lex
1752 2597 1994 2648 abrogaverat,
2005 2601 2189 2639 ostendens

1210 2670 1243 2698 te
1262 2659 1451 2697 offendisse
1468 2667 1501 2694 et
1515 2656 1707 2694 hereditate
1722 2657 1910 2708 indignum
1924 2673 2008 2696 esse.
2018 2661 2139 2711 ltaque
2154 2671 2187 2699 et

1210 2730 1246 2757 tn
1278 2734 1340 2771 per
1366 2718 1516 2770 gratiam
1545 2717 1694 2754 salutem
1728 2727 1850 2755 nactus
1880 2732 1934 2756 es:
1951 2733 2032 2756 nam
2056 2721 2188 2772 ejectus

1158 2785 1181 2813 D
1208 2794 1294 2818 eras.
1311 2781 1363 2817 Ne
1374 2779 1492 2828 itaque
1505 2777 1680 2828 disceptes
1700 2790 1812 2826 neque
1839 2778 2044 2827 contendas,
2064 2780 2186 2819 intem-

1207 2841 1342 2893 pestive
1354 2839 1425 2890 legi
1441 2837 1663 2886 adhaerendo,
1675 2851 1753 2887 quae
1766 2847 1800 2875 te
1812 2852 1829 2875 a
1845 2839 2076 2890 promissione
2091 2856 2185 2880 amo-

1207 2901 1326 2947 visset,
1345 2900 1413 2938 nisi
1428 2908 1522 2936 tanta
1543 2912 1606 2950 pro
1626 2907 1659 2934 te
1676 2911 1798 2949 passus
1810 2909 1898 2937 esset
1911 2900 2085 2939 Christus.
2102 2903 2186 2941 Haec

1208 2976 1313 3014 porro
1333 2974 1454 3013 passus
1467 2968 1531 3006 est,
1549 2972 1617 2995 non
1637 2958 1733 3008 quod
1755 2967 1793 2996 tu
1813 2960 1925 2997 salute
1939 2960 2067 3012 dignus
2083 2977 2184 3014 esses,

1208 3022 1268 3060 sed
1290 3031 1331 3059 ut
1359 3022 1456 3058 Deus
1482 3033 1591 3057 verax
1621 3028 1880 3068 agnosceretur.
1903 3021 2040 3060 Deinde
2057 3037 2100 3060 ne
2119 3023 2184 3063 hoc

1208 3082 1377 3135 gentilem
1394 3080 1544 3126 inflaret,
1556 3078 1624 3115 ait:
1640 3080 1676 3115 9.
1695 3079 1836 3117 Gentes
1849 3089 1977 3118 autem
1991 3096 2102 3133 super
2115 3087 2185 3121 mi-

1206 3144 1416 3183 sericordia
1427 3141 1644 3193 glorificent
1659 3141 1797 3177 Deum.
1814 3141 1888 3178 Hoc
1902 3151 1964 3190 est,
1977 3144 2091 3182 Judaei
2105 3146 2184 3195 qui-

1209 3206 1289 3244 dem
1310 3204 1433 3243 saltem
1447 3200 1695 3254 promissiones
1708 3201 1876 3247 habuere,
1892 3203 1955 3240 etsi
1970 3203 2107 3257 indigni
2129 3222 2183 3245 cs-

1228 3321 1244 3345 b
1269 3317 1382 3351 Morel.
1401 3318 1507 3350 minus
1524 3323 1610 3348 recte
1624 3320 1672 3350 καὶ
1689 3320 1863 3359 ἐπαγγελίας
1889 3316 1957 3362 [Sic
1978 3331 2107 3364 quoque
2127 3323 2186 3357 Sa-

1188 3371 1262 3412 sih]
