2466 3805
719 250 757 279 S.

279 239 372 300 274

278 333 374 371 soris.
391 333 497 370 Recte
510 337 627 368 autem
645 329 853 381 providetur
866 330 935 366 hoc
950 326 1026 364 fieri
1042 324 1153 363 Paulo
1165 335 1258 374 prae-

279 403 385 442 sente,
406 402 444 430 ut
473 390 697 429 contradicat.
726 390 804 426 Non
832 388 927 425 dixit
953 386 1086 423 Paulus
1118 399 1126 420 :
1158 381 1257 428 Quid

278 454 400 491 enim?
426 466 540 489 annon
570 463 650 487 sum
684 448 756 485 fide
780 448 911 499 dignus
940 456 1020 499 post
1050 454 1101 482 tot
1131 443 1257 494 signa?

279 514 341 551 sed
375 521 519 563 propter
552 510 633 547 illos
666 523 799 546 morem
838 508 959 558 gessit.
992 506 1040 544 Et
1071 505 1176 552 vide,
1200 503 1260 542 di—

280 581 379 610 scunt
397 584 516 607 onmes
538 584 589 617 ea,
610 583 688 619 quae
708 569 743 605 in
764 577 881 619 gentes
899 569 991 605 facta
1009 575 1121 613 erant,
1135 565 1261 603 etiam-

279 646 348 682 que
374 630 600 678 Samaritani,
621 638 655 666 et
683 629 850 679 gaudent.
873 631 909 666 9.
930 630 1058 665 Facta
1084 640 1172 678 ergo
1203 640 1262 664 se-

278 694 425 729 ditione
452 698 489 727 et
522 692 734 741 quaestione
771 703 849 726 non
873 691 1036 726 minima
1062 687 1190 725 Paulo
1225 694 1263 723 et

279 752 474 788 Barnabae
497 750 680 787 adversus
702 750 806 796 illos,
824 757 1042 787 statuerunt
1066 756 1108 785 ut
1122 761 1262 785 ascen-
1284 748 1310 778 D

278 814 412 850 derent
429 812 581 849 Paulus
598 820 635 848 et
649 812 872 857 Barnabas,
897 819 934 848 et
950 810 1111 862 quidam
1131 809 1203 846 alii
1215 822 1263 845 ex

278 875 360 911 illis
379 874 434 910 ad
455 872 648 923 apostolos
666 880 703 909 et
717 873 963 923 presbyteros
983 874 1024 908 in
1042 869 1263 908 Jerusalem

278 948 391 986 super
414 936 488 971 hac
511 935 733 986 quaestione.
751 934 787 971 5.
808 933 878 970 Illi
902 946 990 984 ergo
1009 933 1198 984 prcemissi
1211 931 1261 967 ab

280 996 460 1033 Ecclesia
490 996 780 1046 pertransibant
820 995 1028 1031 Phoenicen
1059 1001 1097 1030 et
1124 992 1263 1030 Sama-

279 1060 396 1104 riam,
413 1065 617 1095 narrantes
628 1058 912 1093 conversionem
925 1057 1096 1106 gentium
1115 1069 1126 1089 :
1144 1061 1180 1090 et
1184 1053 1260 1105 fa-

279 1121 433 1156 ciebant
457 1119 642 1169 gaudium
665 1131 847 1169 magnum
868 1119 1044 1154 omnibus
1051 1117 1261 1169 fratribus.

278 1180 318 1218 4.
340 1180 437 1217 Cum
456 1187 584 1216 autem
601 1181 799 1216 venissent
819 1178 1121 1226 Jerosolymam7
1140 1189 1264 1213 susce-

278 1244 336 1292 pti
353 1249 443 1278 sunt
461 1243 509 1277 ab
525 1241 705 1278 Ecclesia
724 1248 760 1277 et
777 1242 825 1277 ab
845 1239 1030 1291 apostolis
1047 1247 1083 1276 et
1102 1238 1265 1275 seniori-

282 1305 365 1350 bus,
377 1305 658 1340 annuntiantes
673 1310 822 1353 quanta
837 1302 942 1338 Deus
956 1302 1114 1352 fecisset
1128 1313 1213 1337 cum
1223 1298 1267 1335 il-

281 1362 446 1402 lis.Vide
459 1377 539 1400 cum
550 1371 683 1413 quanta
695 1362 886 1399 oeconomia
899 1375 953 1399 res
968 1369 1121 1411 geratur.
1131 1362 1167 1398 5.
1176 1360 1265 1397 Sur-

279 1433 462 1462 rexerunt
490 1433 620 1462 autem
645 1425 804 1476 quidam
830 1425 878 1460 de
902 1425 1035 1461 kaeresi
1049 1423 1266 1460 Pharisceo-

281 1500 378 1534 rum,
389 1489 454 1537 qui
464 1487 720 1533 crediderant,
730 1486 914 1523 dicentes.-
931 1486 1032 1534 Quia
1043 1484 1266 1535 oportetcir-

281 1547 494 1583 cumcidere
506 1560 580 1593 eos,
589 1548 794 1596 praecipere
809 1558 960 1596 quoque
979 1557 1134 1581 servare
1146 1544 1267 1594 legem

281 1609 427 1656 „MoysL
452 1609 488 1646 6.
513 1609 857 1658 Conveneruntque
882 1606 1048 1657 apostoli
1075 1613 1111 1642 et
1137 1606 1267 1642 senio-

281 1683 341 1706 res
359 1670 491 1705 videre
505 1669 551 1705 de
570 1669 687 1704 verbo
707 1668 790 1705 hoc.
807 1667 842 1704 7.
862 1667 961 1703 Cum
981 1673 1109 1702 autem
1125 1678 1268 1715 magna

281 1731 513 1780 conquisitio
523 1729 648 1779 fieret,
665 1740 824 1778 surgens
838 1728 978 1764 Petrus
997 1726 1097 1762 dixit
1107 1726 1161 1762 ad
1173 1738 1235 1762 eos
1254 1740 1263 1760 :

284 1791 366 1826 Viri
385 1790 549 1840 fratres,
572 1801 644 1825 vos
669 1790 775 1824 scitis
804 1789 988 1839 quoniam
1020 1788 1068 1822 ab
1093 1787 1266 1837 antiquis

281 1850 414 1886 diebus
433 1850 540 1885 Deus
568 1850 609 1884 in
631 1849 742 1884 vobis
769 1847 883 1898 elegit
898 1860 967 1897 per
986 1859 1027 1883 os
1045 1859 1170 1882 meum
1192 1859 1268 1882 au·-

281 1911 364 1947 dire
376 1918 507 1961 gentes
527 1910 691 1945 verbum
711 1907 917 1958 evangelii,
934 1915 970 1943 et
991 1907 1155 1944 credere.
1173 1905 1270 1945 Vide

281 1972 425 2008 Petrum
442 1971 519 2022 jam
540 1969 627 2007 olim
654 1977 857 2020 separatum
876 1983 895 2005 a
915 1968 1071 2018 negotio,
1092 1976 1125 2005 et
1142 1967 1268 2005 hacte-

796 248 982 279 JOANMS
1017 242 1261 276 cunYSOST.
1301 240 1508 270 ARCfllEP.
1547 240 1908 271 CONSTANTINOP-

1330 327 1530 371 κονομεῖται
1564 323 1665 359 τοῦτο
1698 320 1841 359 Παύλου
1880 320 2070 373 παρόντος,
2104 320 2159 357 ἵνα
2190 318 2349 369 ἀντείπῃ.

1330 381 1400 419 Καὶ
1419 382 1479 419 οὒκ
1499 375 1593 419 εἶπεν
1613 384 1631 418 ὁ
1650 383 1809 425 Παῦλος·
1828 381 1862 419 τί
1879 381 1968 432 γάρ,
1987 383 2049 419 οὐκ
2066 380 2137 432 εἰμὶ
2155 380 2352 424 ἀξιόπιστος

1333 441 1401 478 ἀπὸ
1433 441 1603 480 τοσούτων
1638 441 1813 491 σημείων;
1848 444 1924 480 ἀλλ’
1955 441 2097 488 ἐπείσθη
2126 443 2169 479 δι’
2192 439 2351 482 ἐκείνους.

1333 501 1402 539 Καὶ
1425 501 1510 554 ὅρα,
1531 502 1743 552 μανθάνουσι
1763 501 1883 539 λοιπὸν
1908 501 2037 545 πάντες
2054 501 2099 540 τὰ
2129 504 2176 545 εἷς
2204 500 2248 539 τὰ
2273 500 2350 546 ἔθνη

1332 563 1546 624 γεγενημένα
1565 563 1624 600 καὶ
1644 560 1882 614 Σαμαρεῖται,
1902 562 1962 600 καὶ
1981 562 2131 616 ἔχαιρον.
2158 561 2354 612 Γενομένης

1333 626 1390 660 οὐν
1411 623 1563 666 στάσεως
1582 622 1641 661 καὶ
1658 623 1834 669 ζητήσεως
1859 622 1922 659 οὐκ
1949 622 2067 673 ὀλίγης
2085 625 2133 673 τῷ
2148 622 2278 674 Παύλῳ
2293 621 2354 659 καὶ

1333 685 1382 734 τῷ
1414 683 1582 737 Βαρνάίῖα
1615 684 1700 736 πρὸς
1734 683 1876 731 αὐτοὺς,
1909 682 2031 726 ἔταξαν
2067 682 2264 720 ἀναῧαίνειν
2296 682 2353 718 τὸν

1335 746 1474 782 Παῦλον
1500 744 1559 782 καὶ
1580 745 1780 797 Βαρνάὸαν,
1808 744 1868 782 καί
1898 760 1995 787 τινας
2025 743 2148 787 ἄλλους
2177 742 2213 786 ἐξ
2243 743 2354 779 αὐτῶν

1333 805 1418 858 πρὸς
1436 805 1514 849 τοὺς
1537 806 1747 849 ἀποστόλους
1763 805 1821 844 καὶ
1837 804 2091 857 πρεσὸυτέρους
2111 805 2158 845 εἷς
2178 803 2354 855 Ἱερουσα·

1333 866 1409 917 λῆμ
1426 867 1505 919 περὶ
1527 870 1586 905 τοῦ
1605 867 1803 917 ζητήματος
1820 866 1952 904 τούτου.
1967 866 2014 903 Οἳ
2032 864 2092 914 μὲν
2110 857 2166 902 οῧν
2191 879 2356 914 προπεμ-

1335 927 1472 978 φθέντες
1492 927 1559 965 ὑπὸ
1576 931 1638 974 τῆς
1658 927 1870 974 Ἐκκλησίας
1883 956 1893 974 ,
1911 926 2093 978 διήρχοντο
2107 923 2170 970 τὴν
2185 923 2356 967 Φοινίκην

1335 988 1394 1025 καὶ
1421 988 1625 1040 Σαμάρειαν
1656 988 1914 1041 ἐκδιηγούμενοι
1943 986 2005 1034 τὴν
2039 983 2250 1038 ἐπιστροφὴν
2287 985 2355 1021 τῶν

1336 1051 1440 1086 ἐθνῶν
1454 1064 1462 1072 ·
1491 1049 1550 1087 καὶ
1571 1049 1706 1087 ἐποίουν
1725 1049 1838 1102 χαρὰν
1861 1048 2016 1099 μεγάλην
2046 1053 2133 1085 πᾶσι
2156 1051 2224 1088 τοῖς
2255 1046 2358 1082 ἀδελ-

1337 1113 1421 1158 φοῖς.
1441 1107 1728 1159 Παραγενόμενοι
1754 1107 1789 1146 δὲ
1810 1108 1856 1150 εἰς
1875 1104 2126 1158 Ἰερουσαλὴμ,
2160 1102 2359 1155 ἀπεδέχθη-

1337 1184 1400 1206 σαν
1423 1167 1488 1205 ὑπὸ
1506 1170 1568 1213 τῆς
1588 1167 1802 1215 Ἐκκλησίας
1819 1167 1878 1206 καὶ
1895 1170 1962 1205 τῶν
1983 1164 2185 1204 ἀποστόλων
2208 1164 2267 1202 καὶ
2288 1166 2358 1201 τῶν

1337 1228 1594 1280 πρεσῧυτέρων,
1614 1229 1821 1281 ἀνήγγειλάν
1838 1244 1876 1266 τε
1893 1229 1956 1266 ὅσα
1973 1230 1990 1265 ὃ
2009 1227 2098 1270 Θεὸς
2119 1226 2260 1273 ἐποίησε
2280 1226 2355 1275 μετ’

1340 1291 1465 1328 αὐτῶν.
1484 1289 1580 1342 ίὈρα
1599 1290 1691 1337 πόση
1721 1289 1899 1341 οἰκονομία
1923 1289 2069 1340 γίνεται.
2101 1286 2358 1332 Ἐξανέστησαν

2270 1345 2287 1366 b
2298 1362 2359 1384 ‘tte-

1340 1351 1376 1389 δέ
1392 1368 1481 1394 τινες
1499 1355 1567 1389 τῶν
1585 1352 1654 1390 ἀπὸ
1671 1353 1735 1397 τ’ἥς
1761 1351 1924 1403 αἱρέσεως
1942 1352 2011 1387 τῶν
2033 1347 2241 1400 Φαρισαίων

1339 1412 1576 1457 πιστευκότες,
1602 1411 1779 1463 λέγοντες,
1808 1411 1862 1450 ὅτι
1891 1411 1941 1448 δεῖ
1970 1408 2190 1462 περιτέμνειν
2219 1406 2359 1455 αὐτοὺς,

1339 1473 1594 1525 παραγγέλλειν
1623 1489 1660 1510 τε
1679 1477 1795 1524 τηρεῖν
1819 1472 1877 1510 τὸν
1910 1470 2015 1521 νόμον
2047 1469 2237 1512 Μωϋσέως.
2270 1470 2359 1507 Συν-

1340 1534 1500 1585 ήχθησαν
1517 1533 1551 1572 δὲ
1567 1537 1598 1571 οἱ
1615 1533 1802 1571 ἀπόστῶοι
1820 1532 1880 1571 καὶ
1894 1535 1924 1571 οἱ
1938 1531 2167 1584 πρεσέύτεροι
2186 1532 2268 1568 ἰδεῖν
2281 1529 2363 1582 περὶ

1341 1599 1400 1632 τοῦ
1414 1593 1516 1645 λόγου
1542 1594 1675 1632 τούτου.
1694 1595 1834 1640 Πολλῆς
1855 1592 1890 1631 δὲ
1910 1592 2130 1639 συζητήσεως
2157 1591 2363 1643 γενομένης,

1343 1654 1493 1697 ἀναστὰς
1513 1653 1646 1705 Πέτρος
1675 1648 1749 1692 εῖπε
1776 1653 1862 1706 πρὸς
1890 1653 2033 1696 αὐτούς·
2054 1653 2174 1703 ἄνδρες
2202 1651 2363 1704 ἀδελφοὶ,

1341 1716 1439 1763 ὑμεῖς
1455 1714 1662 1760 ἐπίστασθέ,
1691 1713 1744 1751 ὅτι
1771 1716 1828 1765 ἀφ’
1847 1715 1987 1765 ἡμερῶν
2006 1713 2161 1765 ἀρχαίων
2181 1711 2309 1754 ὃιΘεὸς
2330 1713 2365 1749 ἐν

1341 1776 1422 1824 ὑμῖν
1442 1774 1618 1818 ἐξελέξατο
1635 1774 1690 1812 διὰ
1706 1778 1766 1813 τοῦ
1788 1774 1960 1825 στόματός
1975 1789 2039 1825 μου
2061 1776 2207 1812 ἀκοῦσαι
2222 1772 2267 1810 τὰ
2286 1772 2364 1820 ἔθνη

1340 1835 1397 1873 τὸν
1417 1835 1517 1886 λόγον
1540 1839 1598 1872 τοῦ
1628 1835 1826 1887 εὐαγγελίου
1843 1864 1852 1882 ,
1882 1835 1942 1873 καὶ
1971 1839 2168 1873 πιστεῦσαι.
2188 1833 2286 1886 ‘'Opa
2305 1834 2364 1871 τὸν

1341 1896 1475 1949 Πέτρον
1493 1898 1621 1935 ἄνωθεν
1639 1895 1894 1949 κεχωρισμένον
1911 1900 1969 1935 τοῦ
1984 1896 2189 1948 πράγματος
2204 1926 2213 1944 ,
2228 1896 2287 1934 καὶ
2303 1895 2366 1946 μέ·

1341 1973 1401 2008 χρι
1435 1962 1494 1995 τοῦ
1525 1961 1584 1995 νῦν
1615 1955 1844 2000 ἷουδαΐζοντα.
1872 1956 1994 2007 Ἵ”μ.εῖς
2026 1956 2233 2004 ἐπίστασθε,
2268 1956 2363 2009 φησί.

281 2046 348 2069 nus
370 2031 623 2083 judaizantem.
647 2031 721 2067 Vos
750 2032 868 2077 scitis,
889 2028 1020 2079 inquit.
1046 2029 1151 2066 Forte
1180 2028 1266 2066 ade-
1283 2039 1330 2064 ma
1343 2020 1516 2071 Παρῆσαν
1535 2018 1618 2061 ἴσως
1637 2018 1696 2056 καὶ
1716 2021 1747 2055 Οἳ
1764 2017 2014 2068 ἐγκαλέσαντες
2037 2019 2131 2070 αὐτῷ
2150 2017 2206 2055 ἐπὶ
2230 2019 2366 2069 Κορνη-

282 2102 361 2129 rant
374 2106 419 2128 ex
435 2092 494 2139 iis,
510 2091 570 2141 qui
584 2090 671 2127 olim
689 2098 940 2127 accusaverant
955 2089 1059 2126 illum
1074 2089 1168 2127 circa
1185 2090 1269 2127 Cor-
1295 2076 1321 2104 A
1343 2079 1417 2116 λῖῡυ
1447 2079 1557 2117 πάλαι
1571 2109 1580 2126 2
1611 2078 1669 2115 καὶ
1699 2078 1908 2121 &semota-tec
1930 2080 2005 2129 μετ’
2029 2080 2150 2116 αὐτοῦ’
2181 2076 2237 2114 διὰ
2264 2081 2366 2115 τοῦτο

283 2153 429 2201 nelium7
449 2161 482 2189 et
500 2152 646 2202 ingressi
662 2160 744 2188 sunt
759 2165 840 2188 cum
858 2150 918 2186 illo
940 2166 947 2186 :
969 2150 1048 2187 ideo
1063 2150 1143 2188 illos
1156 2150 1270 2187 addu-

287 2213 334 2250 cit
361 2213 559 2250 testes.Ab
591 2214 764 2263 antiquis
783 2212 917 2247 diebus
951 2211 1065 2261 elegit
1095 2213 1136 2246 in
1160 2213 1270 2248 vobis

283 2275 406 2311 Deus.
430 2271 531 2320 Quid
545 2280 608 2319 est,
624 2273 674 2307 In
690 2273 801 2307 vobis
813 2274 829 2306 Ρ
850 2270 919 2310 Vel
935 2270 971 2306 in
995 2270 1196 2317 Palaesfina,
1216 2270 1271 2307 in-

285 2334 376 2384 quit,
395 2333 453 2371 vel
478 2331 710 2384 praesentibus
726 2330 840 2369 vobis.
862 2332 940 2367 Per
955 2343 996 2367 os
1016 2344 1154 2368 meum.
1175 2330 1273 2370 Vide

286 2393 464 2445 quomodo
481 2391 642 2430 ostendat
662 2392 779 2428 Deum
801 2404 863 2442 per
881 2404 917 2428 se
934 2390 1138 2440 loquutum‚
1158 2399 1193 2427 et
1211 2391 1272 2428 ni-

285 2456 340 2492 hil
355 2456 562 2492 humanum.
580 2453 616 2492 8.
634 2455 688 2490 Et
704 2453 877 2490 cordium
896 2454 1070 2503 cognitor
1089 2453 1195 2489 Deus
1215 2461 1270 2489 te-

286 2517 477 2569 stificatus
507 2523 564 2553 est
601 2516 703 2565 ipsis.
734 2512 789 2550 Ad
815 2512 999 2564 spirituale
1032 2512 1273 2550 testimonium

287 2576 434 2615 adducit
447 2576 540 2614 illos.
561 2577 674 2613 Dans
694 2575 774 2612 illis
792 2575 976 2625 Spiritum
993 2582 1185 2620 sanctum,
1200 2576 1272 2612 sic-

289 2647 331 2677 ut
355 2647 392 2676 et
413 2640 536 2676 nobis.
559 2635 657 2677 Vide
684 2634 861 2686 quomodo
886 2635 1018 2686 ubique
1042 2644 1160 2686 gentes
1182 2650 1273 2674 exae-

290 2709 388 2750 quat.
412 2701 449 2738 9.
467 2701 521 2737 Et
550 2698 652 2736 nihil
680 2699 864 2735 discernit
891 2700 993 2735 inter
1017 2711 1086 2735 nos
1111 2706 1146 2735 et
1167 2699 1270 2745 illos,

281 2761 369 2813 fide
381 2760 596 2812 purificans
617 2759 736 2796 corda
756 2772 898 2796 eorum.
911 2759 939 2794 Α
955 2757 1026 2795 fide
1045 2758 1129 2807 sola,
1142 2758 1272 2809 inquit,

291 2821 413 2859 cadem
439 2819 645 2871 consequuti
670 2828 762 2857 sunt.
784 2818 830 2855 Et
850 2818 926 2856 haec
947 2818 1019 2856 illis
1038 2819 1170 2857 monita
1184 2819 1274 2857 dan-

293 2893 352 2921 tur
362 2899 373 2934 3
389 2883 460 2920 imo
471 2897 556 2921 vero
567 2883 632 2920 hos
647 2881 773 2919 docere
783 2889 908 2932 potest,
918 2880 988 2919 fide
1000 2881 1074 2919 sola
1088 2896 1162 2920 esse
1174 2896 1274 2933 opus,

294 2954 326 2982 et
337 2959 406 2983 non
421 2944 585 2996 operibus
596 2943 654 2982 vel
668 2942 945 2980 circumcisione.
958 2943 1082 2993 Neque
1093 2944 1187 2981 enin]
1201 2944 1277 2982 haec

294 3005 417 3044 dicunt
430 3014 569 3044 tantum
579 3013 618 3042 ut
633 3003 793 3055 gentium
805 3017 947 3041 causam
960 3013 1066 3054 agant
1074 3020 1085 3053 ;
1099 3004 1160 3042 sed
1171 3005 1278 3043 etiam

295 3067 374 3104 illos
403 3067 607 3115 instituunt,
624 3075 664 3103 ut
692 3063 875 3102 discedant
904 3079 924 3102 a
950 3065 1038 3116 lege.
1065 3065 1134 3103 Sed
1161 3075 1277 3104 tamen

296 3127 454 3165 nondum
474 3127 552 3164 haec
572 3126 708 3164 dicunt.
725 3127 787 3163 10.
802 3126 917 3163 Nunc
936 3140 1023 3177 ergo
1037 3140 1106 3164 cur
1120 3130 1278 3165 tentatis

298 3189 424 3225 Deum
440 3191 632 3239 imponere
642 3188 780 3239 jugum
799 3199 912 3237 super
925 3189 1089 3224 cervices
1108 3187 1279 3238 discipu-

301 3249 437 3293 lorum,
458 3248 561 3299 quod
585 3261 705 3298 neque
727 3255 857 3298 patres
893 3250 1013 3285 nostri
1053 3261 1173 3299 neque
1214 3262 1280 3287 nos

345 3361 361 3384 h
387 3358 530 3399 Quidam
547 3360 623 3390 Mss-
642 3366 888 3394 πεπιστευκότων.

346 3422 359 3436 ³
384 3416 439 3455 ὅρα
455 3420 514 3447 πῶς
529 3409 620 3442 deest
636 3412 669 3442 in
686 3409 895 3454 quibusdam.

1344 2138 1465 2182 αὐτοὺς
1483 2139 1635 2190 παράγει
1659 2139 1848 2190 μάρτυρας.
1872 2139 1945 2191 Ἀφ’
1973 2141 2114 2191 ἡμερῶν
2146 2137 2301 2190 ἀρχαίων
2331 2140 2366 2176 ἐν

1343 2201 1423 2248 ὑμῖν
1444 2201 1461 2235 ὃ
1483 2200 1572 2242 Θεὸς
1600 2199 1792 2243 ἐξελέξατο.
1816 2199 1863 2237 Τί
1884 2202 1989 2246 ἐστιν,
2006 2200 2067 2237 Ἐν
2088 2201 2188 2250 ὕμῖν;
2209 2198 2312 2238 Ἤτοι
2331 2201 2366 2236 ἓν

1343 2259 1564 2308 Παλαιστίνῃ
1581 2287 1590 2303 ,
1611 2261 1726 2311 φησὶν,
1745 2260 1767 2305 ἢ
1786 2260 1967 2312 παρόντων
1987 2262 2097 2310 ὑμῶν.
2115 2259 2184 2297 Διὰ
2207 2263 2268 2298 τοῦ
2285 2259 2367 2299 στό-

1347 2318 1453 2367 ματός
1485 2335 1561 2368 μου.
1590 2319 1687 2372 εΌρα
1714 2323 1789 2362 πῶς
1817 2320 1968 2357 δείκνυσι
1997 2319 2055 2357 τὸν
2087 2320 2176 2358 Θεὸν
2198 2321 2241 2357 δι’
2262 2321 2366 2357 αὐτοῦ

1345 2378 1587 2430 φθεγγόμενον,
1621 2379 1680 2416 καὶ
1711 2379 1805 2417 οὐδὲν
1838 2380 2064 2432 ἀνθρώπινον.
2095 2380 2165 2417 Καὶ
2187 2383 2204 2417 ὁ
2224 2381 2366 2430 καρδιο-

1344 2439 1500 2491 γνώστης
1522 2440 1610 2482 Θεὸς
1629 2440 1867 2492 ἐμαρτύρησεν
1894 2442 2020 2483 αὐτοῖς.
2044 2440 2130 2478 Ἐπὶ
2164 2440 2227 2487 τὴν
2256 2456 2365 2478 πνευ-

1347 2499 1496 2549 ματικὴν
1531 2500 1650 2552 ἀνάγει
1683 2500 1874 2553 μαρτυρίαν
1907 2500 2039 2543 αὐτούς.
2065 2500 2154 2543 Δοὺς
2185 2502 2299 2544 αὐτοῖς
2328 2501 2366 2539 τὸ

1345 2562 1493 2611 Πνεῦμα
1511 2559 1550 2597 τὸ
1576 2560 1684 2612 ἅγιον,
1706 2560 1820 2603 καθὼς
1846 2561 1906 2598 καὶ
1923 2564 2018 2611 ἡμῖν.
2038 2559 2158 2612 ³²¹0?oe
2178 2563 2252 2604 πῶς
2271 2577 2365 2598 παν-

1346 2624 1454 2672 ταχοῦ
1470 2620 1574 2664 ἐξισοῖ
1589 2621 1632 2658 τὰ
1649 2620 1742 2667 ἔθνη.
1762 2619 1831 2658 Καὶ
1845 2619 1940 2658 οὐδὲν
1957 2620 2104 2673 διέκρινε
2122 2620 2250 2672 μεταξὺ
2264 2624 2365 2672 ἡμῶν

1345 2696 1382 2718 τε
1397 2681 1456 2719 καὶ
1473 2683 1599 2729 αὐτῶν,
1615 2685 1655 2733 τῇ
1672 2683 1787 2719 πίστει
1799 2680 1989 2733 καθαρίσας
2003 2681 2064 2725 τὰς
2079 2681 2224 2735 καρδίας
2240 2684 2365 2720 αὐτῶν.

1347 2740 1431 2778 Ἀπὸ
1459 2745 1521 2788 τῆς
1551 2741 1700 2785 πίστεως
1727 2741 1835 2793 μόνης
1850 2772 1860 2790 ,
1882 2741 1985 2793 φησὶ,
2004 2745 2072 2779 τῶν
2093 2744 2206 2779 αὐτῶν
2225 2743 2363 2794 ἔτυχον.

1347 2802 1525 2840 Κάκείνων
1544 2801 1676 2841 1’ταῦτα
1694 2804 1900 2854 ἐντρεπτικοί
1913 2819 1920 2826 ·
1945 2805 2076 2854 μᾶλλον
2093 2802 2129 2840 δὲ
2146 2803 2205 2840 καὶ
2219 2803 2366 2846 ἐκείνους

1348 2863 1481 2907 διδάξαι
1512 2863 1672 2911 δύναται,
1706 2863 1758 2901 ὅτι
1789 2863 1939 2907 πίστεως
1973 2865 2022 2900 δεῖ
2052 2863 2177 2913 μόνης,
2212 2864 2271 2901 καὶ
2304 2866 2365 2902 οὐκ

1348 2924 1457 2976 ἔργων
1483 2924 1557 2962 οὐδὲ
1584 2927 1786 2976 περιτομῆς.
1810 2927 1862 2962 Οὔ
1890 2925 1957 2977 γὰρ
1982 2924 2022 2971 δὴ
2051 2925 2137 2977 ὑπὲρ
2164 2928 2233 2963 τῶν
2260 2927 2364 2963 ἐθνῶν

1350 2985 1619 3037 ἀπολογούμενοι
1643 2989 1754 3022 ταῦτα
1778 2985 1915 3037 λέγουσι
1940 2985 2054 3036 μόνον,
2082 2986 2171 3024 ἀλλὰ
2189 2987 2368 3030 κάκείνους

1351 3046 1567 3089 παιδεύοντες
1589 3049 1786 3091 ἀποστῆναι
1812 3051 1870 3085 τοῦ
1888 3047 2004 3097 νόμου.
2029 3047 2134 3085 Ἀλλὰ
2160 3048 2246 3091 τέως
2272 3047 2367 3086 οὔπω

1351 3109 1613 3161 λε’γουσιτοῦτο.
1634 3110 1704 3146 Νῦν
1726 3103 1781 3146 οῧν
1799 3108 1832 3145 τί
1851 3109 2030 3160 πειράζετε
2050 3108 2107 3147 τὸν
2123 3110 2212 3148 Θεὸν
2233 3111 2367 3148 ἐπιθεῖ-

1351 3193 1408 3217 ναι
1430 3177 1527 3228 ζυγὸν
1550 3176 1606 3214 ἐπὶ
1628 3176 1684 3214 τὸν
1706 3176 1881 3229 τράχηλον
1901 3178 1968 3212 τῶν
1990 3178 2166 3225 μαθητῶν,
2186 3176 2221 3214 ὃν
2242 3175 2319 3214 οὔτε
2338 3178 2369 3213 οἱ

1353 3245 1501 3299 πατέρες
1534 3247 1648 3295 ἡμῶν,
1682 3243 1759 3282 οὔτε
1801 3246 1903 3294 ἡμεῖς
1944 3243 2135 3296 ἰσχύσαμεν
2172 3244 2369 3295 βαστοίσαι,

1412 3362 1428 3385 ¹¹
1453 3359 1513 3393 Alii
1530 3364 1625 3395 ταῦτα
1643 3362 1830 3400 mazeum,
1848 3363 1944 3393 ταῦτα
1960 3364 2007 3394 καὶ
2026 3364 2155 3397 ἐκείνους.
