2502 3810
111 1860 199 1887 Psul.
227 1867 293 1887 101.

111 1899 222 1940 20127.

110 2159 185 2186 lsai.
205 2158 279 2188 51.ss

322 236 414 288 642

324 344 392 368 non
405 338 443 365 ut
459 328 520 364 illa
536 326 688 362 animata
704 337 775 362 esse
795 332 971 374 putemus,
981 336 1094 372 neque
1111 332 1150 360 ut
1168 323 1299 374 cogita-

322 391 451 427 tionem
468 385 659 435 quamdam
681 384 767 436 ipsis
796 381 1040 431 indamus‚sed
1063 392 1103 419 ut
1125 383 1300 422 bonorum

322 448 605 500 exsuperantiam
624 446 820 484 ediscamus
830 475 842 496 ,
858 445 958 496 quasi
974 445 1022 483 ad
1037 460 1075 483 ea
1098 460 1175 496 quae
1196 460 1299 484 sensu

745 245 783 275 S.

321 518 437 548 carent
451 508 661 561 pertingant.

372 813 406 851 5.
427 811 504 848 Hoc
519 809 637 861 ipsum
661 807 766 845 etiam
788 805 823 843 in
844 805 1006 843 tristibus
1026 819 1118 857 saepe
1135 804 1350 861 faciunt7532

317 872 456 910 vineam
476 870 679 908 inducentes
690 868 899 919 plorantem,
919 876 952 903 et
964 866 1087 903 vinum
1107 874 1141 902 et
1160 876 1294 902 montes
1314 873 1340 902 Α

317 943 350 970 et
374 932 496 984 templi
525 930 705 980 laquearia
734 927 921 979 ejulantia‚
947 936 986 963 ut
1008 926 1092 963 hine
1119 926 1295 963 malorum

317 992 598 1047 magnitudinem
619 989 872 1039 intelligamus.
893 987 966 1024 Hos
980 987 1159 1038 apostolus
1173 986 1293 1024 imita-

316 1064 395 1102 tus,
423 1062 620 1090 creaturam
641 1051 677 1086 in
698 1062 886 1101 personam
909 1047 1037 1096 vertit7
1056 1047 1174 1097 aitque
1195 1047 1296 1084 illam

315 1114 543 1165 ingemiscere
553 1121 586 1149 et
596 1110 771 1163 parturire
780 1123 872 1168 3‘non
885 1107 979 1158 quod
992 1108 1162 1159 gemitum
1177 1122 1297 1158 quem-

314 1177 411 1228 piam
431 1174 601 1220 audierit,
614 1182 734 1209 aterra
753 1180 786 1208 et
808 1171 890 1207 caelo
905 1169 1084 1217 emissum,
1104 1168 1165 1206 sed
1184 1178 1222 1205 ut
1236 1169 1294 1205 fu-

315 1247 476 1274 turorum
491 1236 665 1272 bonorum
678 1231 948 1269 immensitatem
967 1229 1132 1276 declaret,
1153 1239 1186 1267 et
1204 1229 1298 1268 desi-

313 1298 452 1335 derium
461 1294 652 1334 excedendi
667 1309 686 1331 a
700 1293 804 1330 malis
814 1307 849 1330 se
861 1291 1111 1328 detinentibus.
1121 1292 1299 1328 Vanitati

312 1367 492 1395 creatura
509 1358 679 1408 subjecta
696 1362 764 1398 est,
790 1366 867 1389 non
886 1352 1040 1396 volens,
1059 1351 1127 1388 sed
1142 1360 1298 1402 propter

314 1432 399 1455 eum
422 1420 488 1469 qui
505 1418 664 1467 subjecit
681 1411 912 1457 illam.Quid
928 1420 978 1447 est
995 1409 1100 1459 illud,
1122 1412 1298 1447 Vanitati

310 1487 489 1517 creatura
501 1479 673 1528 subjecta
687 1475 766 1512 est?
777 1471 1126 1523 Corruptibilisfacta
1135 1472 1297 1517 est.Qua-

311 1541 371 1577 re?
382 1541 527 1590 Propter
538 1547 571 1574 te
584 1536 775 1575 hominem.
786 1534 879 1578 Quia
889 1532 981 1569 enim
995 1545 1120 1582 corpus
1130 1531 1296 1582 accepisti

311 1601 456 1637 mortale
476 1608 509 1635 et
529 1596 715 1648 passibile⁷
733 1603 765 1630 et
786 1603 875 1630 terra
895 1591 1125 1628 maledictum
1145 1591 1292 1643 accepit,

310 1675 351 1697 ac
373 1660 489 1711 spinas
510 1657 731 1705 tribulosque
759 1653 887 1691 emisit.
905 1651 1084 1701 Quodque
1106 1651 1212 1688 etiam
1228 1666 1295 1689 cae·

308 1720 385 1756 lum
412 1733 494 1756 cum
525 1726 616 1754 terra
636 1723 867 1760 veterascens,
893 1712 929 1748 in
963 1711 1146 1748 meliorem
1165 1720 1294 1749 sortem

309 1780 454 1821 demum
475 1775 719 1816 reducendum
736 1774 801 1822 sit,
816 1772 902 1809 audi
932 1771 1143 1823 prophetam
1166 1771 1292 1809 dicen-

309 1842 523 1879 temzlm'tio
537 1838 771 1886 tu,Domine,
788 1833 1126 1885 terramszcndasti,
1140 1841 1293 1884 etopera

310 1915 494 1939 manuum
525 1908 678 1936 tuarum
705 1904 793 1934 sunt
813 1895 912 1932 coeli.
938 1896 1020 1944 Ipsi
1040 1895 1231 1944 peribunt,
1252 1903 1292 1932 tu

309 1972 438 2001 autem
466 1973 681 2014 permanes,
701 1966 737 1994 et
757 1969 886 1994 omnes
900 1958 995 1992 sicut
1018 1957 1293 1992 vestimentum

310 2030 553 2061 veterascent
571 2037 578 2057 z
601 2029 636 2058 et
657 2019 764 2056 velut
779 2019 962 2054 amictum
986 2016 1189 2053 convolves
1211 2029 1292 2064 eos,

309 2094 345 2122 et
370 2086 637 2121 mutabuntur.
668 2079 777 2116 Isaias
803 2091 942 2128 quoque
970 2076 1092 2113 eadem
1122 2075 1290 2114 dicebat:

308 2148 492 2196 Inspicite
507 2146 547 2180 in
567 2142 703 2179 coelum
717 2153 882 2184 sursum,
901 2147 936 2175 et
957 2140 997 2174 in
1018 2146 1160 2174 terram
1182 2139 1293 2175 deor-

309 2220 392 2244 sum
412 2221 421 2240 .·
445 2207 537 2256 (χιιὶιι
562 2203 698 2240 caelum
725 2210 924 2251 tamquam
945 2199 1292 2250 sumusfirmatum

308 2277 377 2313 est,
390 2277 492 2304 terra
507 2274 634 2302 autem
649 2265 760 2314 quasi
773 2264 1045 2299 vestimentum
1060 2269 1288 2311 veterascet,
1313 2277 1337 2306 C

309 2331 375 2379 qui
402 2314 530 2364 c'zutem
557 2326 738 2361 habitant
761 2323 894 2365 illam,
923 2329 964 2357 ut
993 2321 1073 2357 hoee
1096 2323 1287 2371 peribunt.

309 2387 480 2428 Vidistin’
501 2383 677 2435 quomodo
707 2381 856 2420 vanitati
882 2389 1042 2417 creatura
1074 2380 1232 2429 servivit,
1257 2388 1290 2418 et

310 2447 487 2500 quomodo
503 2446 674 2483 liberatur
690 2458 709 2480 a
725 2441 1047 2493 corruptionePIlle
1065 2440 1210 2490 quidem
1223 2441 1288 2491 ait,

315 2510 434 2559 Quasi
449 2509 632 2545 amictum
650 2503 853 2541 convolves
872 2514 935 2538 eos
955 2509 990 2538 et
1010 2503 1288 2545 mamburnum

309 2569 418 2606 Isaias
445 2580 551 2605 vero:
577 2566 651 2614 Qui
677 2571 806 2600 autem
828 2563 1009 2598 habitant
1024 2574 1121 2606 eam,
1139 2569 1180 2597 ut
1205 2561 1289 2598 Izoec

296 2632 508 2681 peribunt,
543 2640 612 2663 non
646 2622 886 2662 omnimodam
915 2621 1035 2658 dicens
1065 2621 1285 2672 perniciem,-

310 2706 378 2728 non
398 2690 491 2727 enim
519 2687 580 2738 qui
602 2685 764 2722 habitant
778 2698 855 2720 eam
874 2682 1034 2723 homines
1048 2682 1152 2718 talem
1179 2681 1288 2719 inter-

310 2753 400 2788 itum
428 2750 632 2801 patientur3
654 2745 713 2783 sed
739 2753 1018 2795 temporaneum,
1040 2756 1079 2779 ac
1094 2757 1156 2793 per
1185 2743 1288 2780 illum

309 2811 354 2848 ad
377 2808 677 2847 immortalitatem
691 2805 962 2849 transferentur,
989 2812 1030 2840 ut
1057 2812 1091 2840 et
1116 2812 1286 2840 creatura.

311 2874 399 2918 Quae
432 2870 550 2908 omnia
579 2865 795 2918 significavit
816 2879 897 2901 eum
925 2864 1035 2912 dixit,
1059 2866 1109 2902 Ut
1126 2866 1206 2901 lzoec
1220 2879 1230 2899 :
1251 2863 1287 2901 id

310 2932 404 2984 quod
425 2931 531 2968 etiam
552 2928 685 2966 Paulus
707 2935 827 2978 postea
851 2925 939 2962 dicit
953 2940 962 2971 ;
976 2924 1119 2962 interim
1139 2939 1222 2963 vero
1245 2924 1289 2962 de
1308 2944 1333 2974 D

310 2995 370 3032 illa
390 2992 561 3030 servitute
580 2988 750 3039 loquitur,
769 2996 801 3024 et
825 2985 978 3024 ostendit
1002 3000 1110 3035 quare
1129 2986 1210 3023 talis
1232 2987 1283 3023 fa-

309 3064 364 3091 cta
380 3053 478 3100 sit,et
492 3065 553 3088 nos
566 3050 601 3086 in
619 3062 721 3085 causa
736 3061 809 3085 esse
817 3046 1031 3098 ponit.Quid
1047 3047 1155 3097 ergo?
1171 3060 1215 3082 an
1230 3046 1286 3083 illi

310 3115 480 3152 damnum
506 3111 647 3148 illatum
666 3117 735 3154 est,
767 3122 848 3145 eum
864 3121 928 3158 pro
942 3106 1011 3144 alio
1035 3106 1072 3143 id
1096 3107 1283 3158 patiatur?

312 3174 483 3210 Minime:
506 3185 587 3208 nam
610 3178 753 3220 propter
782 3182 838 3204 me
865 3168 953 3204 facta
981 3175 1042 3205 est.
1063 3167 1149 3212 Quae
1177 3167 1288 3217 igitur

311 3243 454 3285 propter
472 3246 527 3269 me
546 3231 637 3268 facta
659 3239 728 3278 est,
753 3228 842 3279 quid
861 3227 999 3280 injuriae
1013 3228 1182 3279 accipiat,
1198 3228 1226 3265 si
1243 3228 1288 3265 ad

312 3292 588 3331 emendationem
606 3304 719 3328 meam
734 3289 810 3327 haee
829 3288 1190 3341 patiaturPAlioquin
1205 3303 1288 3327 vcro

308 3352 396 3402 justi
416 3360 450 3387 et
469 3350 588 3401 injusti
607 3350 776 3387 rationem
793 3363 835 3386 ne
855 3362 995 3387 movere
1020 3348 1163 3398 quidem
1186 3363 1291 3400 opor*

314 3422 371 3462 tet,
392 3426 472 3449 cnm
491 3410 533 3448 de
547 3409 745 3447 inanimatis
762 3418 793 3446 ct
813 3409 1076 3448 insensibilibus
1088 3409 1288 3460 agitm·.Ve-

821 244 1003 274 JOANMS
1037 243 1275 274 CHRYSOST.
1313 244 1520 275 ARCIIIEP.
1559 245 1912 278 CONSTANTINOP-

1370 324 1527 375 γενέσθαι
1563 326 1619 364 τὸν
1650 324 1769 378 λόγον,
1803 328 1861 365 καὶ
1893 334 2152 380 προσωποποιεῖ
2181 330 2237 369 τὸν
2258 330 2385 381 κόσμον

1372 385 1509 424 ἅπαντα
1528 389 1647 424 τοῦτον
1662 402 1670 410 ·
1699 387 1787 440 ἅπερ
1803 387 1863 425 καὶ
1890 391 1920 426 οἳ
1946 393 2120 442 προφῆται
2139 394 2308 438 ποιοῦσιν,
2323 407 2389 429 πο-

1370 446 1500 496 ταμοὺς
1532 452 1736 498 κροτοῦντας
1768 448 1887 500 χερσὶν
1919 450 2111 501 εἰσάγοντες
2125 480 2134 496 ,
2157 450 2217 488 καὶ
2250 450 2389 501 βουνοὺς

1370 507 1598 557 ἁλλομένους,
1621 508 1682 545 καὶ
1714 507 1758 545 τὰ
1783 509 1844 560 ὅρη
1874 513 2086 562 σκιρτῶντα·
2108 513 2173 562 οὐχ
2200 510 2255 549 ἵνα
2280 515 2390 549 ταῦτα

1369 566 1511 618 ἔμψυχα
1530 561 1616 605 εἶναι
1633 567 1850 618 νομίσωμεν,
1877 570 1945 607 οὐδ’
1968 569 2023 606 ἵνα
2040 570 2206 620 λογισμόν
2225 586 2302 608 τινα
2321 572 2389 609 δῶ-

1370 643 1431 677 μεν
1451 629 1583 675 αὖτοῖς,
1612 629 1688 665 ἀλλ’
1717 627 1774 665 ἵνα
1812 628 1874 675 τὴν
1909 629 2102 680 ὑπερὸολὴν
2127 630 2292 680 μάθωμεν
2318 634 2387 668 τῶν

1368 690 1518 738 ἀγαθῶν,
1552 689 1598 730 ὡς
1634 688 1692 725 καὶ
1724 691 1792 726 τῶν
1815 689 2034 736 ἀναισθήτων
2070 692 2179 728 αὐτῶν
2207 693 2389 728 καθικνου-

1370 747 1490 798 μένην.

1419 809 1532 846 Τοῦτο
1553 807 1588 846 δὲ
1603 808 1687 846 αὐτὸ
1718 808 1778 846 καὶ
1800 808 1857 846 ἐπὶ
1883 812 1952 847 τῶν
1970 811 2136 861 λυπηρῶν
2156 813 2292 849 ποιοῦσι
2307 812 2389 849 πολ-

1365 868 1484 915 λάκις,
1505 868 1698 920 εἰσάγοντες
1730 869 1789 907 καὶ
1818 869 1973 919 ἄμπελον
1997 873 2198 922 θρηνοῦσαν,
2221 870 2279 908 καὶ
2299 865 2386 909 οἶνον

1364 929 1423 967 καὶ
1455 930 1517 983 ὅρη
1537 930 1596 967 καὶ
1618 930 1663 968 τὰ
1683 929 1897 982 φατνώματα
1915 930 2117 974 ὀλολύζοντα
2135 935 2194 968 τοῦ
2219 935 2318 979 ναοῦ,
2332 930 2389 968 ἵνα

1364 990 1422 1026 καὶ
1445 991 1596 1027 ἐντεῦθεν
1617 990 1722 1028 πάλιν
1741 990 1803 1037 τὴν
1824 990 2020 1043 ὑπερβολὴν
2039 993 2108 1028 τῶν
2127 995 2242 1029 κακῶν
2273 992 2387 1038 ἐννοή-

1367 1050 1652 1100 σι·)μεν.’1ὀύτους
1669 1051 1705 1088 δὲ
1723 1051 1781 1088 καὶ
1799 1054 1815 1088 ὃ
1829 1050 2020 1094 ἀπόστολος
2035 1051 2264 1103 μιμούμενος,
2280 1067 2387 1104 προσ-

1365 1117 1535 1148 ωποποιεῖ
1563 1110 1625 1157 τὴν
1663 1111 1774 1149 κτίσιν
1803 1112 1968 1159 ἐνταῦθα,
2005 1112 2065 1149 καί
2093 1128 2176 1164 φησι
2214 1113 2386 1157 στενάζειν

1367 1170 1475 1216 αὐτὴν
1494 1171 1554 1208 καὶ
1574 1171 1708 1209 ὠδίνειν
1722 1187 1730 1194 ·
1746 1173 1807 1209 οὐκ
1827 1171 1946 1217 ἐπειδὴ
1963 1177 2156 1223 στεναγμοῦ
2174 1188 2264 1215 τινος
2280 1173 2385 1219 ἤκου-

1367 1247 1422 1269 σεν
1451 1231 1520 1269 ἀπὸ
1551 1235 1614 1283 γῆς
1644 1231 1703 1269 καὶ
1738 1233 1882 1283 οὐρανοῦ
1903 1232 2114 1284 φερομένου,
2146 1235 2221 1270 ἀλλ’
2237 1233 2292 1270 ἵνα
2318 1236 2385 1271 τῶν

1368 1292 1561 1341 μελλόντων
1583 1294 1720 1343 ἀγαθῶν
1741 1291 1932 1338 ἐνδείξηται
1951 1291 2014 1337 τὴν
2028 1293 2238 1344 ὓπερὲολῆν,
2252 1294 2310 1331 καὶ
2324 1294 2386 1340 τὴν

1367 1351 1550 1400 ἐπιθυμίαν
1578 1355 1640 1397 τῆς
1670 1353 1875 1402 ἀπαλλαγῆς
1905 1354 1974 1388 τῶν
2009 1352 2226 1403 κατεχόντων
2256 1357 2387 1392 κακῶν.

1365 1413 1421 1461 Τῇ
1441 1411 1508 1463 γὰρ
1529 1411 1735 1461 ματαιότητι
1764 1414 1785 1456 ἡ
1808 1411 1918 1453 κτίσις
1949 1411 2105 1462 ὑπετάγη
2120 1442 2128 1458 ,
2157 1414 2221 1464 οὐχ
2241 1415 2385 1461 ἑκοῦσα,

1366 1471 1455 1507 ἀλλὰ
1481 1471 1537 1509 διὰ
1556 1471 1613 1508 τὸν
1639 1470 1870 1514 ὑποτάξαντα.
1889 1470 1936 1508 Τί
1956 1473 2049 1518 ἐστι,
2065 1474 2120 1523 Τῇ
2138 1473 2346 1522 ματαιότητι
2364 1477 2385 1520 ἡ

1364 1531 1475 1573 κτίσις
1493 1530 1831 1582 ὑπετάγηςΦθαρτὴ
1844 1531 1975 1582 γέγονε.
1997 1532 2099 1576 Τίνος
2119 1533 2233 1571 ἕνεκεν
2254 1534 2313 1571 καὶ
2331 1535 2387 1572 διὰ

1363 1591 1415 1639 τί,
1436 1591 1504 1629 Διὰ
1523 1591 1561 1628 σὲ
1588 1591 1646 1629 τὸν
1663 1591 1854 1642 ἄνθρωπον.
1871 1592 2017 1639 ,Επειδὴ
2046 1593 2113 1645 γὰρ
2136 1597 2237 1643 σῶμα
2265 1594 2387 1638 ἔλαὸες

1365 1652 1486 1697 θνητὸν
1515 1652 1573 1689 καὶ
1593 1652 1764 1699 παθητὸν,
1787 1651 1846 1689 καὶ
1872 1655 1893 1698 ἡ
1914 1655 1959 1703 γῆ
1983 1653 2140 1704 κατάραν
2167 1654 2305 1698 ἐδέξατο
2327 1655 2386 1694 καὶ

1364 1713 1514 1757 ἀκάνθας
1533 1712 1657 1764 ἤνεγκε
1685 1712 1744 1750 καὶ
1766 1713 1956 1763 τριῧόλους.
1979 1713 2066 1751 “Ort
2094 1713 2129 1751 δὲ
2155 1715 2214 1752 καὶ
2245 1716 2386 1767 οὐρανὸς

1365 1773 1455 1824 μετὰ
1479 1776 1541 1820 τῆς
1574 1778 1637 1824 γῆς
1660 1772 1915 1824 παλαιούμενος
1942 1774 2028 1825 πρὸς
2047 1774 2109 1821 τὴν
2131 1775 2262 1825 ἀμείνω
2288 1776 2385 1822 λῆξιν

1364 1834 1506 1887 ὕστερον
1526 1833 1804 1885 μεταστήσεται,
1830 1833 1974 1871 ἄκουσον
1992 1839 2051 1872 τοῦ
2071 1836 2246 1887 προφήτου
2265 1836 2385 1887 λέγον-

1362 1911 1434 1939 τος·
1469 1895 1659 1949 Καταρχὰς
1691 1894 1731 1933 σὺ
1753 1925 1763 1942 ,
1785 1895 1913 1946 Κύριε,
1939 1895 2001 1941 τὴν
2034 1899 2100 1948 γῆν
2137 1897 2387 1946 ἐθεμελίωσας,

1362 1957 1420 1994 καὶ
1442 1956 1526 2009 ἔργα
1544 1959 1611 1993 τῶν
1632 1958 1760 2006 χειρῶν
1785 1955 1845 1993 σού
1861 1957 1946 1993 εἰσιν
1964 1959 1994 1994 οἳ
2014 1956 2162 2007 οὐρανοί.
2185 1957 2289 1995 Αὐτοὶ
2306 1960 2387 1995 ἀπο-

1361 2020 1519 2066 λοῦνται,
1544 2017 1584 2056 σὺ
1611 2017 1646 2055 δὲ
1667 2016 1859 2066 διαμένεις,
1879 2017 1939 2055 καὶ
1959 2016 2085 2060 πάντες
2099 2020 2145 2060 ὡς
2159 2018 2296 2067 ἱμάτιον
2316 2034 2386 2056 πα-

1360 2079 1633 2125 λαιωθήσονται,
1652 2077 1710 2114 καὶ
1736 2077 1818 2114 ὡσεὶ
1849 2077 2070 2130 περιὸόλαιον
2091 2078 2211 2122 ἑλίξεις
2237 2078 2382 2127 αὐτοὺς,

1362 2139 1421 2177 καὶ
1442 2138 1716 2189 ἀλλαγήσονται.
1738 2137 1806 2176 Καὶ
1827 2140 1844 2174 ὃ
1863 2136 2012 2180 εΗσαίας
2033 2138 2193 2175 δὲταῦτα
2210 2139 2385 2191 ἐμφαίνων

1362 2200 1495 2251 ἔλεγεν·
1523 2199 1748 2250 Ἓμὲλὲψατε
1768 2201 1815 2241 εἷς
1832 2198 1888 2236 τὸν
1908 2198 2048 2250 οὐρανὸν
2070 2199 2160 2246 ἅνω,
2178 2200 2237 2237 καὶ
2257 2201 2303 2243 εἷς
2321 2200 2385 2248 τὴν

1361 2266 1424 2314 γῆν
1452 2263 1568 2309 κάτω,
1591 2263 1643 2301 ὅτι
1662 2266 1678 2300 ὃ
1698 2262 1838 2313 οὐρανὸς
1857 2265 1903 2304 ὡς
1927 2262 2056 2305 καπνὸς
2076 2263 2285 2314 ἐστερεώθη,
2305 2268 2326 2310 ἡ
2348 2261 2384 2301 δὲ

1362 2328 1407 2374 γῆ
1429 2327 1474 2367 ὡς
1489 2323 1626 2373 ἱμάτιον
1641 2322 1928 2367 παλαιωθήσεται
1940 2352 1950 2369 ,
1966 2324 1996 2360 οἱ
2014 2322 2049 2359 δὲ
2068 2328 2305 2366 κατοικοῦντες
2323 2326 2385 2361 αὖ-

1359 2383 1437 2431 τῆν,
1459 2383 1577 2433 ὥσπερ
1603 2386 1714 2420 ταῦτα
1733 2383 1956 2420 ἀπολοῦνται.
1983 2375 2083 2425 Εἶδες
2103 2386 2177 2425 πῶς
2204 2383 2385 2421 ἐδούλευσε

1359 2447 1402 2495 τῇ
1438 2442 1646 2494 ματαιότητι
1669 2446 1690 2489 ἡ
1723 2442 1857 2489 κτίσις,
1884 2442 1942 2480 καὶ
1963 2445 2036 2484 πῶς
2057 2443 2294 2494 ἐλευθεροῦται
2316 2443 2385 2481 ἀπὸ

1358 2507 1418 2550 τῆς
1440 2508 1583 2555 φθορᾶς;
1604 2503 1649 2542 ‘O
1666 2502 1726 2552 μὲν
1741 2503 1806 2555 γάρ
1820 2519 1935 2555 φησιν,
1951 2503 2012 2545 Ὡς
2029 2502 2166 2553 ἱμάτιον
2188 2503 2307 2548 ἑλίξεις
2327 2507 2386 2542 αὖ·

1358 2564 1436 2608 τοὺς
1451 2595 1460 2612 ,
1484 2564 1542 2602 καὶ
1567 2564 1846 2614 ἀλλαγήσονται·
1882 2567 1899 2601 ὁ
1927 2562 1961 2600 δὲ
1981 2562 2153 2608 (Ησαίας,
2179 2565 2224 2601 Οἱ
2246 2563 2281 2601 δὲ
2314 2579 2383 2602 κα-

1358 2628 1551 2667 τοικοῦντες
1574 2623 1692 2671 αὐτὴν,
1709 2623 1827 2674 ὥσπερ
1844 2627 1955 2661 ταῦτα
1978 2625 2209 2671 ἀπολοῦνται,
2235 2626 2272 2662 οὔ
2290 2640 2383 2662 παν-

1357 2688 1440 2731 τελῆ
1467 2685 1576 2735 λέγων
1591 2683 1765 2722 ἀπώλειαν
1781 2683 1901 2734 φησίν·
1918 2683 1992 2721 οὐδὲ
2012 2683 2078 2734 γὰρ
2095 2686 2126 2721 οἱ
2142 2687 2382 2728 κατοικοῦντες

1361 2745 1480 2793 αὐτὴν,
1499 2745 1688 2789 τουτέστιν,
1712 2746 1743 2781 οἳ
1771 2745 1962 2795 ἄνθρωποι,
1982 2743 2144 2790 τοιαύτην
2157 2745 2379 2790 ὑποστήσον-

1358 2821 1434 2844 ται·
1471 2805 1560 2843 ἀλλὰ
1587 2805 1649 2852 τὴν
1672 2805 1899 2856 πρόσκαιρον,
1931 2805 1989 2842 καὶ
2018 2805 2063 2841 δι’
2096 2806 2202 2849 αὐτῆς
2233 2805 2290 2842 ἐπὶ
2319 2804 2382 2852 τὴν

1360 2865 1552 2918 ἀφθαρσίαν
1585 2865 1882 2915 μεταστήσονται,
1903 2864 2022 2915 ὥσπερ
2043 2858 2100 2902 οῦν
2121 2864 2180 2902 καὶ
2207 2868 2229 2911 ἡ
2258 2865 2382 2908 κτίσις.

1358 2928 1466 2978 Ἅπερ
1478 2927 1615 2964 ἅπαντα
1628 2926 1684 2962 διὰ
1697 2930 1755 2963 τοῦ
1768 2925 1956 2972 εἷπεῖνξΩς
1972 2928 2098 2971 ταῦτα,
2113 2925 2358 2977 παρεδήλωσεν
2370 2941 2378 2949 ·

1358 2989 1441 3040 ὅπερ
1460 2982 1518 3024 οῦν
1536 2987 1594 3025 καὶ
1610 2989 1627 3024 ὁ
1644 2988 1784 3028 Παῦλος
1796 2984 1926 3036 προϊών
1948 3000 2051 3036 φησι·
2067 2985 2152 3028 τέως
2169 2985 2285 3035 μέντοι
2302 2986 2382 3037 περὶ

1357 3053 1419 3095 τῆς
1439 3047 1590 3091 δουλείας
1604 3049 1710 3092 αὐτῆς
1725 3046 1940 3097 διαλέγεται,
1956 3046 2015 3083 καὶ
2036 3046 2187 3084 δείκνυσι
2204 3046 2295 3090 τίνος
2309 3047 2381 3085 ἕνε-

1358 3125 1415 3147 κεν
1437 3107 1580 3153 τοιαύτη
1600 3105 1718 3157 γέγονε
1732 3136 1741 3152 ,
1761 3105 1820 3143 καὶ
1849 3105 1910 3152 τὴν
1933 3105 2046 3143 αἰτίαν
2068 3109 2160 3155 ἡμᾶς
2187 3106 2314 3151 τίθησι.
2335 3107 2383 3144 Τί

1357 3164 1431 3216 οῦν,
1446 3167 1657 3219 ε’πηρέασται
1674 3167 1715 3203 δι’
1733 3166 1848 3218 ἕτερον
1868 3169 1978 3203 ταῦτα
1996 3169 2175 3213 παθοῦσα;
2194 3168 2382 3217 Οὐδαμῶς·

1359 3229 1417 3267 καὶ
1449 3228 1517 3280 γὰρ
1549 3229 1591 3265 δι’
1610 3226 1670 3277 ἐμὲ
1692 3226 1840 3277 γέγονεν.
1866 3225 1910 3263 ‘H
1931 3225 2042 3263 τοίνυν
2063 3227 2105 3263 δι’
2125 3225 2186 3276 ἐμὲ
2213 3226 2379 3276 γενομένη

1360 3291 1432 3332 πῶς
1450 3289 1489 3325 ἂν
1509 3290 1661 3326 ἀδικοῖτο
1677 3289 1724 3329 εἷς
1742 3286 1828 3336 ἐμὴν
1850 3285 2029 3338 διόρθωσιν
2050 3289 2160 3323 ταῦτα
2178 3287 2379 3338 πάσχουσας

1359 3349 1490 3392 Ἄλλως
1509 3347 1561 3395 δὲ,
1587 3347 1643 3385 τὸν
1663 3350 1721 3385 τοῦ
1747 3345 1876 3384 δικαίου
1894 3346 1953 3384 καὶ
1974 3346 2091 3384 ἀδίκου
2106 3346 2205 3397 λόγον
2223 3346 2298 3385 οὐδὲ
2324 3363 2376 3384 κι-

1361 3416 1426 3447 νεῖν
1459 3409 1514 3447 ἐπὶ
1548 3411 1614 3445 τῶν
1649 3407 1792 3458 ἀψύχων
1829 3407 1887 3444 καὶ
1924 3406 2139 3452 ἀναισθήτ<ι)ν
2161 3407 2221 3444 δεῖ.
2253 3407 2342 3445 Ἀλλ’
2360 3410 2376 3444 ὁ
