2466 3805
672 244 716 273 ΙΝ
755 245 871 274 ACTA
909 242 1253 274 APOSTOLORUM.
1293 242 1459 272 llOMlL.
1497 223 1577 272 XV.

110 324 384 376 ἀναγκαζόμενος
414 324 587 363 διδάσκειν
618 327 808 378 ἐπιχειρεῖ,
838 329 990 364 κάκεῖνοι
1019 325 1124 364 πάλιν

2090 231 2178 294 139

1195 322 1380 375 oportebat
1405 332 1438 361 et
1456 323 1622 362 lectiones
1649 331 1680 360 et
1709 321 1884 361 orationes
1910 322 2000 361 fieri.
2018 324 2077 362 Tu
2097 339 2182 364 vero

106 384 164 422 διὰ
192 385 236 422 τὰ
264 392 393 436 σημεῖα
416 388 463 430 εἷς
493 385 612 438 φθόνον
636 389 672 425 οὐ
703 386 805 437 μόνον
835 391 1028 434 κινοῦνται,
1047 386 1123 423 ἀλλ’
1194 383 1283 421 mihi
1312 383 1510 436 perpendas
1540 383 1663 433 velim,
1686 382 1865 433 quomodo
1894 391 1928 421 et
1956 383 2015 422 hic
2041 394 2182 423 coactus

107 444 181 482 ἐπεὶ
197 445 255 482 καὶ
275 445 368 498 λόγῳ
389 447 538 498 ἐκράτει,
562 447 620 485 καὶ
641 447 810 500 ἀφόρητος
833 442 875 494 ἦν
896 448 1020 493 αὐτοῖς,
1035 449 1123 498 ψευ-
1146 449 1169 479 Ε
1197 443 1321 482 docere
1342 453 1500 494 conetur,
1518 453 1551 482 et
1568 444 1623 482 illi
1641 457 1784 481 rursum
1806 443 1852 481 ol)
1871 443 1971 495 signa
1989 458 2059 482 non
2076 444 2182 483 modo

105 505 324 559 δομάρτυρας
353 510 569 546 συνιστῶσιν.
606 509 683 546 Οὐκ
715 507 895 546 ἐδούλοντο
913 507 980 559 γὰρ
1006 508 1125 549 ἁπλῶς

104 569 267 618 ἀναιρεῖν,
288 567 378 606 ἀλλὰ
397 568 484 619 μετὰ
499 569 614 621 ψήφου
626 599 635 615 ,
652 570 708 607 ἵνα
729 569 788 607 καὶ
809 569 871 616 τὴν
889 568 986 612 δόξαν
1011 570 1122 606 αὐτῶν

105 628 277 680 βλάψωσι·
291 629 351 667 καὶ
361 630 509 675 ἐκείνους
520 630 660 682 ἀφέντες
674 631 731 669 ἐπὶ
742 630 880 673 τούτους
891 630 1066 683 ἔρχονται,
1077 632 1123 671 ὡς

102 688 210 741 ταύτῃ
233 694 246 710 ⁰
261 690 560 741 καταπληξόμενοι
582 691 776 734 κάκείνους·
797 691 829 728 οἳ
847 691 906 728 καὶ
934 692 996 727 οὐκ
1013 683 1122 735 εἷπον,

102 749 155 787 ὅτι
177 752 292 799 λαλεῖ,
311 753 400 799 ἀλλ’,
420 754 473 790 Οὐ
492 752 640 790 παύεται
655 744 782 798 λαλῶν,
800 750 957 795 αὔξοντες
968 749 1032 796 τὴν
1054 756 1123 787 κἀ-

106 810 282 862 τηγορίαν.
298 812 532 859 Συνεκίνησάν
554 828 590 849 τε
608 812 686 854 τοὺς
702 810 954 863 πρεσὲυτέρους
970 809 1029 847 καὶ
1044 808 1122 851 τοὺς

103 878 340 923 γραμματεῖς,
360 873 419 910 καὶ
440 873 641 915 ἐπιστάντες
665 872 891 923 συνήρπασαν
916 870 1029 917 αὐτὸν,
1062 869 1123 907 καὶ

103 932 231 983 ἤγαγον
248 935 295 976 εἷς
318 934 358 971 τὸ
372 933 558 986 συνέδριον,
576 931 724 979 ἔστησάν
740 947 778 968 τε
793 930 970 981 μάρτυρας
988 929 1122 980 ψευδεῖς

102 992 262 1044 λέγοντας
272 1008 279 1016 ·
296 996 313 1030 ὃ
329 994 389 1031 ἄνθ
395 1009 506 1046 ρωπος
523 987 618 1035 οὗτος
633 994 670 1030 οὐ
683 990 832 1028 παύεται
848 989 989 1041 ῥήματα
1004 990 1119 1026 λαλῶν

1131 1021 1179 1046 120

1196 505 1241 543 ad
1266 505 1442 545 invidiam
1470 505 1702 555 concitentur,
1733 504 1795 543 sed
1826 505 1944 553 etiam,
1961 505 2045 556 quia
2074 506 2183 545 verbo

1197 566 1400 617 superabat,
1423 575 1458 603 et
1476 565 1709 603 intolerabilis
1729 565 1816 616 ipsis
1839 574 1925 615 erat,
1954 565 2061 603 falsos
2079 574 2183 605 testes

1197 622 1422 661 constituant.
1443 623 1619 661 Nolebant
1635 623 1729 661 enim
1753 623 1857 660 illum
1872 622 1948 660 sine
1967 636 2071 661 causa
2089 623 2183 662 occi-

1197 683 1295 733 dere,
1317 684 1379 721 sed
1396 698 1476 722 cum
1497 683 1681 735 suffragio,
1699 693 1738 721 ut
1755 692 1788 721 et
1803 684 1934 721 famam
1951 674 2096 721 illorum
2115 685 2180 722 lae-

1197 742 1320 780 derent
1331 759 1343 794 3
1365 753 1398 781 et
1414 744 1488 781 illis
1504 744 1636 781 relictis
1655 744 1700 781 ad
1714 744 1780 781 hos
1794 744 1954 795 veniunt,
1979 753 2018 782 ut
2038 744 2088 782 sio
2099 745 2182 783 illos

1196 802 1302 839 etiam
1334 803 1655 853 perterrefacerent.
1691 804 1763 840 Nec
1787 803 1912 841 dicunt
1925 833 1938 854 ,
1973 804 2150 854 Loquitur
2165 820 2178 855 3

1196 862 1272 911 sed,
1291 864 1382 900 Non
1402 872 1526 900 cessat
1547 864 1667 914 loqui,
1685 872 1725 900 ut
1743 863 1999 901 accusationem
2017 874 2180 915 augeant.

1195 923 1257 959 w.
1278 923 1575 960 Commoverunt
1602 931 1731 960 autem
1760 926 1928 961 seniores
1958 932 1995 961 et
2018 927 2179 976 scribas,

1194 989 1230 1019 et
1258 992 1527 1021 concurrentes
1553 992 1765 1035 rapuerunt
1786 984 1919 1033 illum,
1947 992 1984 1021 et
2010 986 2182 1024 adduxe-

102 1052 193 1091 κατὰ
222 1058 281 1092 τοῦ
306 1054 411 1092 τόπου
437 1058 496 1092 ej&
516 1053 611 1103 ἁγίου
631 1051 752 1089 τούτου
775 1051 833 1089 καὶ
850 1054 909 1089 τοῦ
929 1050 1046 1101 νόμου,
1067 1052 1119 1089 Οξ,
1142 1060 1167 1087 A
1193 1051 1285 1080 runt
1300 1045 1342 1080 in
1358 1044 1579 1090 concilium,
1599 1044 1662 1080 15.
1683 1051 1720 1081 et
1742 1051 1960 1081 statuerunt
1975 1044 2102 1095 falsos
2123 1053 2182 1082 te-

101 1114 268 1161 παύεται,
285 1115 399 1165 φησὶν,
411 1117 456 1157 ὥς
472 1113 568 1165 ἔργον
588 1113 691 1150 αὐτοῦ
706 1111 911 1162 ποιουμένου
926 1111 983 1149 διὰ
997 1111 1118 1149 τούτου

100 1174 290 1219 δηλοῦντες.
313 1173 527 1223 Ἀκηκόαμεν
543 1172 610 1224 γὰρ
642 1175 743 1210 αὐτοῦ
773 1172 932 1223 λέγοντος
946 1202 955 1220 ,
976 1172 1028 1209 ὅτι
1044 1172 1118 1219 Ἰη-

98 1237 175 1276 σοῦς
193 1236 210 1270 ὁ
228 1235 431 1285 Ναζωραῖος
450 1229 547 1277 οῧτος
564 1233 752 1271 καταλύσει
775 1233 832 1271 τὸν
861 1232 965 1270 τόπον
986 1237 1118 1280 τοῦτον,

96 1293 155 1331 καὶ
174 1294 314 1338 ἀλλάξει
329 1294 372 1332 τὰ
391 1294 469 1340 ἔθη,
488 1294 510 1331 ἃ
531 1294 734 1346 παρέδωκεν
754 1298 839 1344 ἡμῖν
857 1295 1026 1340 Monac-22.
1047 1294 1121 1341 Ἰη-

98 1359 197 1403 σοῦς,
211 1356 328 1408 φησὶν,
345 1358 362 1393 ὃ
379 1357 603 1407 Ναζωραῖος,
615 1355 674 1393 καὶ
691 1356 923 1398 ὀνειδιστικῶς
936 1385 946 1402 ,
969 1355 1120 1394 καταλύ-

99 1431 151 1454 σει
164 1417 222 1455 τὸν
243 1417 347 1456 τόπον
369 1419 501 1464 τοῦτον,
519 1417 579 1454 καὶ
598 1416 740 1460 ἀλλάξει
759 1415 804 1454 τὰ
823 1416 895 1463 ἔθη.
917 1418 950 1454 Τ
952 1420 1031 1454 οῧτο
1061 1416 1119 1454 καὶ

97 1481 155 1516 τοῦ
175 1479 327 1531 Χριστοῦ
343 1482 613 1529 κατηγοροῦντες
631 1477 747 1528 ἔλεγον
767 1493 775 1500 ·
798 1479 844 1515 Ὁ
861 1478 1044 1515 καταλύων
1060 1477 1119 1514 τὸν

98 1538 178 1576 ναὸν
200 1543 259 1577 τοῦ
289 1542 395 1578 Θεοῦ.
420 1538 542 1585 Πολλὴ
566 1539 634 1592 γὰρ
662 1533 703 1586 ἦν
735 1539 882 1582 *αὐτοῖς
912 1542 934 1585 ἡ
956 1539 1119 1577 εὖλάὲεια

95 1600 176 1653 περί
194 1617 232 1638 τε
252 1599 309 1638 τὸν
327 1601 423 1647 ναὸν,
439 1601 500 1638 ἅτε
513 1600 572 1638 καὶ
591 1605 762 1649 μετοικεῖν
779 1599 1021 1651 βουλομένοις,
1039 1600 1121 1651 περί

93 1677 132 1699 τε
149 1661 188 1699 τὸ
216 1661 325 1711 ὄνομα
344 1660 536 1704 Μωῦσέως.
560 1661 629 1699 Καὶ
649 1659 732 1713 ὅρα,
748 1664 822 1703 πῶς
843 1662 947 1706 διπλῆ
968 1664 989 1707 ἦ
1009 1676 1119 1707 κατη-

93 1721 206 1774 γορία.
227 1722 428 1761 Καταλύσει
442 1752 451 1770 ,
474 1722 579 1774 φησὶ,
601 1721 659 1759 τὸν
680 1721 799 1769 τόπον,
826 1722 886 1759 καὶ
913 1721 1052 1766 ἀλλάξει
1074 1722 1118 1761 τὰ

94 1783 167 1831 ἔθη.
185 1786 238 1822 Οὐ
260 1783 362 1834 μόνον
385 1784 419 1821 δὲ
448 1786 574 1832 διπλῆ,
599 1783 688 1821 ἀλλὰ
716 1783 775 1821 καὶ
795 1781 926 1836 πικρὰ,
951 1784 1011 1821 καὶ
1040 1800 1118 1822 κιν-

94 1843 200 1883 δόνων
220 1844 387 1896 γέμουσα.
409 1845 478 1883 Καὶ
501 1843 719 1887 ἀτενίσαντες
735 1846 782 1887 εἷς
803 1844 906 1882 αὐτὸν
922 1844 1070 1888 ἅπαντες
1087 1847 1117 1882 οἱ

92 1905 315 1956 καθεζόμενοι
338 1908 373 1943 ἐν
394 1908 444 1958 τῷ
475 1904 639 1958 συνεδρίῳ
652 1933 661 1951 ,
683 1899 770 1943 εἶδον
789 1905 828 1942 τὸ
847 1904 1034 1958 πρόσωπον
1052 1906 1116 1943 αὓ-

91 1970 150 2005 τοῧ
189 1968 273 2006 ὡσεὶ
303 1967 490 2021 πρόσωπον
524 1966 684 2018 ἀγγέλου.
728 1966 848 2010 Οὕτως
878 1965 951 2005 ἔστι
985 1966 1045 2005 καὶ
1083 1970 1117 2005 ἐν

93 2027 249 2066 ἐλάττονι
274 2029 373 2071 ὄντας
404 2031 528 2080 βαθμῷ
561 2027 791 2078 λάμπειν.Τί
819 2027 908 2080 γὰρ,
932 2027 1008 2066 εἶπέ
1039 2043 1117 2079 μοι,

90 2091 158 2126 τῶν
181 2089 385 2127 ἀποστόλων
412 2084 508 2133 οἶτος
536 2089 678 2127 ἔλαττον
708 2089 827 2140 ἔσχεν,
848 2088 951 2139 ἃοῦχὶ
987 2095 1117 2139 σημεῖα

91 2151 304 2202 εἰργάσατο,
336 2153 373 2189 οὗ
406 2149 540 2196 πολλὴν
575 2149 772 2193 ἐπεδείξατο
803 2149 866 2195 τὴν
894 2150 1115 2201 παῤῥησίανς

88 2204 194 2248 Εἶδον
215 2210 254 2248 τὸ
278 2210 463 2263 πρόσωπον
479 2214 598 2248 ἀὐτοῦ
623 2210 707 2247 ὡσεὶ
734 2209 920 2263 πρόσωπον
949 2210 1116 2261 ἀγγέλου,

88 2267 183 2319 φησί.
206 2270 318 2306 Τοῦτο
339 2269 407 2319 ἄρα
421 2271 442 2314 ἡ
461 2268 563 2320 χάρις
582 2262 636 2315 ἦν,
657 2271 759 2306 τοῦτο
775 2267 835 2305 καὶ
862 2271 884 2313 ἡ
903 2267 985 2311 δόξα
1004 2269 1113 2306 Μωϋ-

89 2328 175 2372 σε’ως
195 2322 251 2375 ἦν.
278 2328 466 2380 Ἐπίχαριν
487 2328 523 2366 δὲ
544 2329 644 2366 αὐτὸν
679 2329 772 2366 δοκεῖ
795 2344 853 2379 μοι
883 2330 1029 2374 ποιῆσαι
1055 2329 1112 2368 τὸν

86 2388 189 2436 Θεὸν,
208 2389 304 2441 τάχα
323 2390 399 2427 ἐπεὶ
419 2388 544 2440 ἔμελλέ
562 2405 640 2427 τινα
661 2391 762 2442 ἐρεῖν,
777 2390 837 2427 καὶ
856 2388 913 2427 ἵνα
930 2390 1051 2434 εὐθέως
1069 2394 1112 2443 τῇ

83 2448 254 2502 προσόψει
281 2450 489 2502 καταπλήξῃ
521 2450 656 2494 αὐτούς.
691 2449 797 2488 Ἔστι
823 2449 908 2504 γὰρ,
942 2451 1017 2489 ἔστι
1052 2452 1113 2489 καὶ

83 2510 256 2562 πρόσωπα
282 2511 427 2564 χάριτος
461 2511 616 2562 γέμοντα
644 2515 906 2563 πνευματικῆς,
936 2512 1113 2566 ἐπέραστα

83 2577 154 2614 τοῖς
168 2575 330 2610 ποθοῦσιν
346 2565 452 2620 εῖναι,
468 2572 528 2610 καὶ
549 2572 712 2623 αἰδέσιμα
730 2579 801 2617 τοῖς
821 2576 962 2622 μισοῦσι
975 2573 1034 2611 καὶ
1050 2590 1109 2626 φο-

85 2633 182 2685 ἔερά.
202 2631 252 2671 Ἢ
272 2633 331 2671 καὶ
359 2636 405 2676 ὡς
428 2633 540 2671 αἰτίαν
562 2639 661 2672 τοῦτο
682 2627 774 2682 εἶπε,
797 2634 842 2672 δι’
856 2635 898 2682 ἣν
917 2635 1106 2687 ἠνέσχοντο

83 2697 145 2741 τῆς
166 2694 382 2746 δημηγορίας
406 2697 520 2733 αὐτοῦ.
538 2695 586 2733 Τί
603 2695 660 2733 δαὶ
687 2699 705 2734 ὃ
726 2697 925 2748 ἀρχιερεύς,
945 2698 990 2735 Εἰ
1015 2697 1106 2750 ἄρα,

83 2757 190 2809 φησὶ,
207 2761 315 2795 ταῦτα
331 2756 440 2800 οὕτως
460 2756 554 2808 ἔχει,
568 2755 676 2809 Ὁρᾷς
688 2787 697 2805 ,
713 2760 788 2801 πῶς
810 2759 900 2809 μετὰ
919 2758 1107 2803 ἐπιεικείας

81 2823 102 2865 ἡ
130 2818 299 2870 ἐρώτησις
318 2817 378 2855 καὶ
404 2817 499 2855 οὐδὲν
531 2817 618 2860 τέως
655 2819 815 2870 φορτικὸν
853 2819 1004 2872 ἔχουσα;
1036 2818 1106 2859 Διὰ

81 2882 182 2918 τοῦτο
201 2878 270 2917 Καὶ
294 2878 393 2921 αὐτὸς
410 2879 478 2917 ἀπὸ
493 2879 701 2931 προσηνείας
717 2879 863 2931 ἄρχεται
888 2884 956 2919 τῶν
981 2881 1105 2933 ῥημά-

80 2955 164 2986 των,
185 2940 246 2978 καί
265 2955 368 2992 φησιν
385 2953 392 2961 ·
410 2940 549 2992 Ἄνδρες
567 2939 709 2992 ἀδελφοὶ
733 2941 792 2978 καὶ
809 2940 977 2993 πατέρες,
997 2942 1106 2981 ἀκού-

81 3015 165 3038 σατε
178 3016 185 3024 ·
201 3005 218 3039 ὃ
234 3001 322 3045 Θεὸς
335 3005 398 3049 τῆς
415 3001 515 3049 δόξης
530 3001 627 3053 ὤφθη
645 3004 694 3051 τῷ
706 3001 814 3053 πατρὶ
826 3004 926 3051 ἡμῶν
945 3002 1106 3054 Ἀἔραὰμ

80 3061 153 3098 ὄντι
172 3063 205 3099 ἐν
238 3065 280 3112 τῇ
301 3062 578 3115 Μεσοποταμία,
599 3061 680 3112 πρὶν
709 3061 730 3107 ἢ
757 3066 966 3109 κατοικῆσαι
1001 3063 1101 3101 αὐτὸν

1133 2466 1156 2496 C

1193 1111 1282 1150 stes,
1301 1106 1368 1155 qui
1386 1105 1579 1142 dicerent.-
1604 1105 1731 1141 Homo
1752 1106 1822 1142 iste
1838 1118 1917 1141 non
1932 1113 2055 1142 cessat
2077 1105 2185 1157 loqui

1193 1166 1317 1201 verba
1333 1166 1518 1203 adversus
1543 1165 1672 1202 locum
1693 1173 1869 1203 sanctum
1889 1173 1926 1203 et
1940 1166 2072 1217 legem.
2094 1167 2185 1204 Non

1192 1235 1330 1273 cessat,
1342 1226 1564 1277 inquiunt7ut
1578 1226 1683 1263 illum
1695 1226 1781 1264 huie
1794 1235 1998 1279 operantem
2012 1226 2181 1266 indicent.

1194 1286 1256 1323 44.
1276 1287 1516 1325 Audivimus
1535 1290 1637 1325 enim
1658 1301 1743 1325 eum
1763 1289 1967 1335 dicentem,
1991 1290 2183 1339 Quoniam

1194 1347 1310 1386 Jesus
1336 1350 1382 1386 JV
1402 1363 1567 1387 zarenus
1603 1351 1666 1387 hic
1694 1350 1864 1388 destruet
1897 1351 2022 1388 locum
2051 1353 2182 1399 istum,

1194 1416 1232 1445 et
1251 1412 1420 1447 mutabit
1439 1412 1762 1458 consuetudines,
1775 1425 1873 1463 quas
1894 1412 2056 1449 tradidit
2076 1414 2185 1452 nobis

1195 1471 1371 1520 stloyses.
1407 1472 1520 1510 Jesus
1532 1502 1544 1519 ,
1582 1471 1773 1522 inquiunt,
1807 1474 2051 1520 Nazarenus,
2084 1474 2185 1524 quasi

1195 1532 1461 1583 contumeliose,
1485 1534 1652 1570 destruet
1683 1533 1809 1570 locum
1826 1536 1957 1580 istum,
1983 1542 2018 1571 et
2053 1543 2184 1572 muta—

1193 1592 1248 1629 bit
1268 1594 1578 1631 consuetudines.
1597 1594 1673 1631 Hoc
1687 1594 1794 1631 etiam
1814 1594 1998 1632 Christum
2014 1608 2184 1633 accusan-

1191 1660 1256 1703 tes,
1274 1652 1440 1692 dicebant
1455 1670 1463 1690 ε
1486 1656 1561 1705 Qui
1579 1656 1744 1693 destruis
1760 1656 1943 1707 templum
1959 1657 2046 1693 Dei.
2065 1656 2181 1694 Multa
2194 1663 2307 1691 Matth.
2328 1671 2379 1701 27·

1190 1715 1324 1767 quippe
1344 1716 1415 1754 illis
1433 1717 1630 1756 reverentia
1657 1726 1731 1754 erat
1753 1731 1836 1768 erga
1854 1718 2040 1769 templum,
2060 1727 2182 1770 utpote
2191 1706 2244 1742 40.

1190 1776 1253 1826 qui
1271 1776 1347 1814 illic
1367 1777 1464 1815 sedes
1483 1792 1613 1830 ponere
1632 1778 1779 1829 vellent,
1801 1779 1956 1829 itemque
1974 1793 2056 1830 erga
2075 1781 2182 1832 Moy-

1189 1836 1235 1874 sis
1260 1852 1399 1876 nomen.
1418 1839 1467 1876 Et
1489 1840 1587 1890 vide,
1614 1840 1791 1891 quomodo
1813 1840 1949 1892 duplex
1971 1841 2016 1878 sit
2039 1854 2182 1879 accusa-

1187 1898 1253 1936 tio:
1274 1901 1470 1949 Destruet,
1490 1900 1672 1951 inquiunt,
1691 1901 1819 1938 locum
1838 1910 1875 1939 et
1900 1903 2065 1939 mutabit
2084 1915 2180 1939 con-

1188 1962 1420 2000 suetudines.
1443 1962 1524 1999 Non
1552 1961 1658 2000 modo
1679 1961 1830 2014 duplex,
1861 1961 1925 1999 sed
1950 1962 2058 1999 etiam
2076 1976 2179 2000 acer—

1187 2020 1247 2068 ba,
1282 2030 1316 2058 et
1348 2021 1453 2073 plena
1482 2022 1665 2074 periculis.
1693 2023 1756 2060 15.
1782 2024 1837 2060 Et
1870 2025 2061 2061 intuentes
2092 2037 2179 2062 eum

1191 2096 1335 2129 omnes,
1362 2086 1428 2136 qui
1446 2086 1631 2122 sedebant
1655 2087 1697 2122 in
1713 2085 1892 2131 concilio,
1915 2085 2180 2138 videruntsa-

1188 2146 1284 2181 ciem
1309 2146 1391 2196 ejus
1415 2153 1616 2196 tamquam
1636 2146 1791 2197 faciem
1823 2145 1964 2196 angeli.
2007 2144 2067 2182 Sic
2099 2145 2179 2183 fieri

1187 2212 1316 2255 potest,
1335 2213 1375 2241 ut
1402 2205 1464 2255 qui
1493 2204 1530 2241 in
1556 2205 1685 2242 minori
1713 2204 1827 2256 gradu
1857 2213 1939 2242 sunt
1969 2205 2175 2244 clarescant.

1188 2264 1289 2310 Quid
1306 2264 1412 2314 enim,
1431 2279 1564 2316 quaeso,
1577 2265 1637 2303 hic
1655 2265 1775 2303 minus
1790 2265 1956 2315 habebat,
1973 2280 2079 2317 quam
2093 2281 2178 2319 apo-

1186 2324 1293 2363 stoli?
1312 2339 1427 2363 nonne
1450 2325 1549 2377 signa
1577 2335 1741 2378 operatus
1771 2326 1849 2363 est?
1881 2340 1996 2364 nonne
2026 2327 2178 2365 multam

1186 2386 1353 2424 exhibuit
1373 2386 1542 2437 loquendi
1571 2386 1799 2425 libertatem?
1821 2388 2007 2426 Viderunt
2021 2389 2176 2440 faciem

1185 2450 1280 2500 ejus,
1302 2449 1663 2501 tamquamsaciem
1679 2449 1823 2500 angeli,
1844 2447 1971 2499 inquit.
1991 2449 2076 2486 Haec
2091 2463 2175 2500 gra-

1182 2510 1233 2546 tia
1248 2518 1336 2558 erat,
1350 2509 1425 2547 haec
1440 2510 1553 2561 gloria
1569 2509 1707 2562 Moysis
1727 2519 1812 2547 erat.
1829 2510 2037 2548 Gratiosum
2055 2519 2174 2548 autem

1180 2570 1312 2619 illum,
1336 2580 1375 2608 ut
1396 2570 1541 2609 videtur
1568 2571 1683 2620 mihi,
1715 2569 1797 2608 fecit
1826 2572 1938 2621 Deus,
1967 2572 2057 2609 forte
2089 2571 2173 2621 quia

1179 2630 1344 2682 quaedam
1367 2630 1530 2668 dicturus
1553 2640 1642 2681 erat,
1663 2639 1702 2668 ut
1734 2630 1854 2668 statim
1883 2631 1940 2670 vel
1962 2645 2004 2668 ex
2028 2640 2172 2683 aspectu

1178 2693 1260 2730 illos
1280 2692 1577 2744 perterrefaceret.
1599 2694 1751 2730 Possunt
1775 2691 1890 2741 enim,
1913 2700 2061 2743 possunt
2095 2691 2171 2729 uti-

1178 2767 1246 2804 que
1264 2753 1388 2793 vultus
1403 2753 1514 2804 gratia
1533 2752 1711 2805 spirituali
1725 2752 1836 2804 pleni,
1849 2751 2020 2790 amabiles
2035 2751 2173 2790 deside-

1177 2815 1351 2863 rantibus,
1371 2814 1563 2853 venerandi
1589 2823 1623 2852 et
1648 2813 1826 2851 terribiles
1850 2812 2053 2851 odientibus
2083 2828 2168 2852 esse.

1176 2876 1244 2914 Vel
1252 2875 1409 2913 fortassis
1421 2875 1490 2913 hoc
1502 2875 1608 2923 dixit,
1619 2873 1720 2925 quasi
1730 2887 1887 2924 causam,
1899 2883 2043 2926 propter
2057 2888 2167 2924 quam

1175 2936 1272 2990 passi
1283 2945 1365 2974 sunt
1380 2935 1485 2973 illum
1500 2934 1713 2973 concionari.
1723 2933 1821 2980 Quid
1834 2947 1920 2972 vero
1935 2933 2101 2986 princeps
2113 2949 2165 2972 sa-

1178 2999 1393 3038 cerdotum?
1411 3000 1446 3037 1.
1462 2998 1502 3036 Si
1517 2999 1612 3044 lzoec,
1631 2996 1760 3047 inquit,
1774 2999 1831 3034 ita
1846 3010 1885 3033 se
1904 2997 2047 3034 liabent
2060 3001 2076 3033 Ρ
2090 2997 2162 3036 Vi-
2178 3013 2253 3041 Cir.
2268 3022 2323 3044 m,

1176 3061 1271 3110 den',
1291 3074 1400 3111 quam
1414 3068 1595 3097 mansueta
1617 3067 1650 3096 et
1673 3057 1764 3095 nihil
1782 3057 1927 3094 molesta
1946 3056 1993 3094 sit
2008 3057 2162 3096 interro-

80 3125 114 3161 ἐν
136 3123 294 3176 Χαῤῥάν,
314 3124 453 3168 Εὐθέως
472 3127 510 3162 ἐκ
535 3127 595 3161 τοῦ
615 3123 799 3176 προοιμίου
827 3122 891 3170 τὴν
912 3124 1011 3168 δόξαν
1041 3127 1101 3163 αὖ·
1125 3134 1148 3163 D
1176 3122 1389 3176 gatio?1deo
1404 3122 1464 3159 ille
1480 3120 1618 3174 placide
1632 3118 1826 3170 orditurget
1837 3118 1887 3155 ait
1902 3133 1909 3154 ε
1925 3121 1964 3157 2.
1981 3120 2164 3172 Virifra-

125 3274 137 3288 α
151 3264 244 3296 Unus
265 3268 556 3308 καταπληττόμενοι.

125 3319 135 3329 ·
152 3316 262 3357 [αὑτοῦ
278 3317 333 3357 Π,
352 3323 384 3348 et
400 3316 498 3358 paulo
516 3324 592 3349 ante
609 3320 760 3356 ἐναλλάξ-ει
775 3327 836 3358 pro
853 3318 1002 3359 ἀλλάξει.]

1196 3276 1210 3291 a
1224 3264 1339 3299 Codex
1369 3276 1451 3297 unus
1476 3267 1540 3308 οὐχὶ
1556 3268 1683 3306 σημείων
1698 3264 1801 3300 ἐδεήθη
1814 3289 1822 3304 ,
1841 3266 1888 3296 καὶ
1911 3265 2024 3300 πολλὴν
2050 3265 2165 3297 ἐπεδεί-

1156 3323 1239 3357 ξατο.
