<?xml version="1.0" encoding="UTF-8"?>
<!DOCTYPE html PUBLIC "-//W3C//DTD XHTML 1.0 Transitional//EN"
    "http://www.w3.org/TR/xhtml1/DTD/xhtml1-transitional.dtd">
<html xmlns="http://www.w3.org/1999/xhtml" xml:lang="en" lang="en">
 <head>
  <title>
</title>
<meta http-equiv="Content-Type" content="text/html;charset=utf-8" />
  <meta name='ocr-system' content='tesseract 3.04.00' />
  <meta name='ocr-capabilities' content='ocr_page ocr_carea ocr_par ocr_line ocrx_word'/>
</head>
<body>
  <div class='ocr_page' id='page_1' title='image "./operaomniaquaeex09johnuoft/operaomniaquaeex09johnuoft_0517.png"; bbox 0 0 2502 3810; ppageno 0'>
   <div class='ocr_carea' id='block_1_1' title="bbox 794 279 1015 310">
    <p class='ocr_par' dir='ltr' id='par_1_1' title="bbox 794 279 1015 310">
     <span class='ocr_line' id='line_1_1' title="bbox 794 279 1015 310; baseline -0.014 0"><span class='ocrx_word' id='word_1_1' title='bbox 794 280 838 310; x_wconf 86' lang='lat' dir='ltr'>IN</span> <span class='ocrx_word' id='word_1_2' title='bbox 875 279 1015 310; x_wconf 78' lang='lat' dir='ltr'><strong>EPlST.</strong></span> 
     </span>
    </p>
   </div>
   <div class='ocr_carea' id='block_1_2' title="bbox 114 359 1139 2663">
    <p class='ocr_par' dir='ltr' id='par_1_2' title="bbox 114 359 1139 2646">
     <span class='ocr_line' id='line_1_2' title="bbox 119 359 1133 416; baseline -0.005 -15"><span class='ocrx_word' id='word_1_3' title='bbox 119 366 162 414; x_wconf 77' lang='grc' dir='ltr'>τῇ</span> <span class='ocrx_word' id='word_1_4' title='bbox 181 362 315 416; x_wconf 82' lang='grc' dir='ltr'>χρίσει,</span> <span class='ocrx_word' id='word_1_5' title='bbox 335 362 374 401; x_wconf 83' lang='grc' dir='ltr'>τὸ</span> <span class='ocrx_word' id='word_1_6' title='bbox 400 361 546 412; x_wconf 78' lang='grc' dir='ltr'>Πνεῦμοί</span> <span class='ocrx_word' id='word_1_7' title='bbox 566 362 656 400; x_wconf 80' lang='grc' dir='ltr'>ἐστι·</span> <span class='ocrx_word' id='word_1_8' title='bbox 675 361 727 399; x_wconf 86' lang='grc' dir='ltr'>διὸ</span> <span class='ocrx_word' id='word_1_9' title='bbox 745 361 861 400; x_wconf 79' lang='grc' dir='ltr'>καὶτὸ</span> <span class='ocrx_word' id='word_1_10' title='bbox 881 359 995 399; x_wconf 81' lang='grc' dir='ltr'>ἔλαιον</span> <span class='ocrx_word' id='word_1_11' title='bbox 1014 374 1133 411; x_wconf 89' lang='grc' dir='ltr'>παρα-</span> 
     </span>
     <span class='ocr_line' id='line_1_3' title="bbox 117 419 1136 474; baseline -0.005 -12"><span class='ocrx_word' id='word_1_12' title='bbox 117 423 347 474; x_wconf 68' lang='grc' dir='ltr'>λαμὸάνεται.</span> <span class='ocrx_word' id='word_1_13' title='bbox 364 423 434 461; x_wconf 74' lang='grc' dir='ltr'>Καὶ</span> <span class='ocrx_word' id='word_1_14' title='bbox 452 427 519 461; x_wconf 88' lang='grc' dir='ltr'>ποῦ</span> <span class='ocrx_word' id='word_1_15' title='bbox 532 421 692 474; x_wconf 75' lang='grc' dir='ltr'>χριστοὺς</span> <span class='ocrx_word' id='word_1_16' title='bbox 707 424 806 460; x_wconf 89' lang='grc' dir='ltr'>καλεῖ</span> <span class='ocrx_word' id='word_1_17' title='bbox 821 421 898 465; x_wconf 76' lang='grc' dir='ltr'>τοὺς</span> <span class='ocrx_word' id='word_1_18' title='bbox 916 420 963 471; x_wconf 88' lang='grc' dir='ltr'>μὴ</span> <span class='ocrx_word' id='word_1_19' title='bbox 979 419 1136 473; x_wconf 86' lang='grc' dir='ltr'>χρισθέν-</span> 
     </span>
     <span class='ocr_line' id='line_1_4' title="bbox 117 481 1135 536; baseline -0.004 -15"><span class='ocrx_word' id='word_1_20' title='bbox 117 499 180 528; x_wconf 89' lang='grc' dir='ltr'>τας</span> <span class='ocrx_word' id='word_1_21' title='bbox 195 483 317 536; x_wconf 73' lang='grc' dir='ltr'>ἐλαίῳ,</span> <span class='ocrx_word' id='word_1_22' title='bbox 333 483 452 522; x_wconf 72' lang='grc' dir='ltr'>”Οπου</span> <span class='ocrx_word' id='word_1_23' title='bbox 472 483 589 535; x_wconf 82' lang='grc' dir='ltr'>λέγει,</span> <span class='ocrx_word' id='word_1_24' title='bbox 612 482 673 529; x_wconf 84' lang='grc' dir='ltr'>Μὴ</span> <span class='ocrx_word' id='word_1_25' title='bbox 700 483 849 522; x_wconf 81' lang='grc' dir='ltr'>ἅπτεσθε</span> <span class='ocrx_word' id='word_1_26' title='bbox 882 485 950 519; x_wconf 92' lang='grc' dir='ltr'>τῶν</span> <span class='ocrx_word' id='word_1_27' title='bbox 982 481 1135 534; x_wconf 80' lang='grc' dir='ltr'>χριστῶν</span> 
     </span>
     <span class='ocr_line' id='line_1_5' title="bbox 119 540 1135 595; baseline -0.005 -13"><span class='ocrx_word' id='word_1_28' title='bbox 119 559 206 595; x_wconf 84' lang='grc' dir='ltr'>μου,</span> <span class='ocrx_word' id='word_1_29' title='bbox 236 544 295 582; x_wconf 89' lang='grc' dir='ltr'>καὶ</span> <span class='ocrx_word' id='word_1_30' title='bbox 324 545 357 582; x_wconf 80' lang='grc' dir='ltr'>ἐν</span> <span class='ocrx_word' id='word_1_31' title='bbox 380 549 450 588; x_wconf 90' lang='grc' dir='ltr'>τοῖς</span> <span class='ocrx_word' id='word_1_32' title='bbox 468 543 663 595; x_wconf 69' lang='grc' dir='ltr'>προφήταις</span> <span class='ocrx_word' id='word_1_33' title='bbox 692 559 756 593; x_wconf 84' lang='grc' dir='ltr'>μου</span> <span class='ocrx_word' id='word_1_34' title='bbox 783 541 1027 594; x_wconf 79' lang='grc' dir='ltr'>πονηρεόεσθε.</span> <span class='ocrx_word' id='word_1_35' title='bbox 1045 540 1135 578; x_wconf 82' lang='grc' dir='ltr'>Τότε</span> 
     </span>
     <span class='ocr_line' id='line_1_6' title="bbox 117 598 1136 656; baseline -0.003 -15"><span class='ocrx_word' id='word_1_36' title='bbox 117 603 184 656; x_wconf 84' lang='grc' dir='ltr'>γὰρ</span> <span class='ocrx_word' id='word_1_37' title='bbox 197 604 272 643; x_wconf 77' lang='grc' dir='ltr'>οὐδὲ</span> <span class='ocrx_word' id='word_1_38' title='bbox 282 609 303 651; x_wconf 83' lang='grc' dir='ltr'>ἧ</span> <span class='ocrx_word' id='word_1_39' title='bbox 320 603 518 651; x_wconf 83' lang='grc' dir='ltr'>κατασκευὴ</span> <span class='ocrx_word' id='word_1_40' title='bbox 534 607 595 650; x_wconf 67' lang='grc' dir='ltr'>τῆς</span> <span class='ocrx_word' id='word_1_41' title='bbox 609 620 635 656; x_wconf 89' lang='grc' dir='ltr'>χ</span> <span class='ocrx_word' id='word_1_42' title='bbox 639 603 758 656; x_wconf 87' lang='grc' dir='ltr'>ρίσεως</span> <span class='ocrx_word' id='word_1_43' title='bbox 772 598 814 650; x_wconf 64' lang='grc' dir='ltr'>ἦν</span> <span class='ocrx_word' id='word_1_44' title='bbox 827 608 885 641; x_wconf 91' lang='grc' dir='ltr'>τοῦ</span> <span class='ocrx_word' id='word_1_45' title='bbox 902 601 1029 641; x_wconf 81' lang='grc' dir='ltr'>ἐλαίου.</span> <span class='ocrx_word' id='word_1_46' title='bbox 1043 602 1136 647; x_wconf 88' lang='grc' dir='ltr'>Κλη-</span> 
     </span>
     <span class='ocr_line' id='line_1_7' title="bbox 117 662 1136 715; baseline -0.005 -12"><span class='ocrx_word' id='word_1_47' title='bbox 117 665 173 708; x_wconf 87' lang='grc' dir='ltr'>τὸς</span> <span class='ocrx_word' id='word_1_48' title='bbox 192 664 393 707; x_wconf 84' lang='grc' dir='ltr'>ἀπόστολος.</span> <span class='ocrx_word' id='word_1_49' title='bbox 421 666 610 715; x_wconf 88' lang='grc' dir='ltr'>Πανταχοῦ</span> <span class='ocrx_word' id='word_1_50' title='bbox 639 664 765 709; x_wconf 84' lang='grc' dir='ltr'>κλητὸν</span> <span class='ocrx_word' id='word_1_51' title='bbox 788 663 907 700; x_wconf 84' lang='grc' dir='ltr'>ἑαυτὸν</span> <span class='ocrx_word' id='word_1_52' title='bbox 927 664 1047 709; x_wconf 87' lang='grc' dir='ltr'>καλεῖ,</span> <span class='ocrx_word' id='word_1_53' title='bbox 1067 662 1136 698; x_wconf 80' lang='grc' dir='ltr'>δει-</span> 
     </span>
     <span class='ocr_line' id='line_1_8' title="bbox 118 718 1136 775; baseline -0.004 -13"><span class='ocrx_word' id='word_1_54' title='bbox 118 725 197 769; x_wconf 73' lang='grc' dir='ltr'>κνὺς</span> <span class='ocrx_word' id='word_1_55' title='bbox 215 725 278 772; x_wconf 85' lang='grc' dir='ltr'>τὴν</span> <span class='ocrx_word' id='word_1_56' title='bbox 294 725 422 764; x_wconf 80' lang='grc' dir='ltr'>οἰκείαν</span> <span class='ocrx_word' id='word_1_57' title='bbox 441 718 715 775; x_wconf 78' lang='grc' dir='ltr'>εὐγνωμοσύνην,</span> <span class='ocrx_word' id='word_1_58' title='bbox 733 723 792 761; x_wconf 78' lang='grc' dir='ltr'>καὶ</span> <span class='ocrx_word' id='word_1_59' title='bbox 808 723 859 760; x_wconf 77' lang='grc' dir='ltr'>ὅτι</span> <span class='ocrx_word' id='word_1_60' title='bbox 876 723 938 759; x_wconf 82' lang='grc' dir='ltr'>οὐκ</span> <span class='ocrx_word' id='word_1_61' title='bbox 958 722 1057 764; x_wconf 79' lang='grc' dir='ltr'>αὐτὸς</span> <span class='ocrx_word' id='word_1_62' title='bbox 1077 723 1136 767; x_wconf 81' lang='grc' dir='ltr'>ζη-</span> 
     </span>
     <span class='ocr_line' id='line_1_9' title="bbox 117 779 1134 836; baseline -0.005 -14"><span class='ocrx_word' id='word_1_63' title='bbox 117 784 226 831; x_wconf 63' lang='grc' dir='ltr'>τήσας</span> <span class='ocrx_word' id='word_1_64' title='bbox 240 779 349 836; x_wconf 71' lang='grc' dir='ltr'>εῧρεν,</span> <span class='ocrx_word' id='word_1_65' title='bbox 369 785 459 823; x_wconf 78' lang='grc' dir='ltr'>ἀλλὰ</span> <span class='ocrx_word' id='word_1_66' title='bbox 481 784 618 831; x_wconf 86' lang='grc' dir='ltr'>κληθεὶς</span> <span class='ocrx_word' id='word_1_67' title='bbox 643 783 850 836; x_wconf 78' lang='grc' dir='ltr'>παρεγένετο</span> <span class='ocrx_word' id='word_1_68' title='bbox 869 783 928 819; x_wconf 78' lang='grc' dir='ltr'>καὶ</span> <span class='ocrx_word' id='word_1_69' title='bbox 947 781 1134 827; x_wconf 77' lang='grc' dir='ltr'>ὑπήκουσε.</span> 
     </span>
     <span class='ocr_line' id='line_1_10' title="bbox 119 839 1135 893; baseline -0.007 -10"><span class='ocrx_word' id='word_1_70' title='bbox 119 845 190 883; x_wconf 80' lang='grc' dir='ltr'>Καὶ</span> <span class='ocrx_word' id='word_1_71' title='bbox 209 845 286 888; x_wconf 78' lang='grc' dir='ltr'>τοὺς</span> <span class='ocrx_word' id='word_1_72' title='bbox 304 844 446 888; x_wconf 74' lang='grc' dir='ltr'>πιστοὺς</span> <span class='ocrx_word' id='word_1_73' title='bbox 463 843 498 882; x_wconf 84' lang='grc' dir='ltr'>δὲ</span> <span class='ocrx_word' id='word_1_74' title='bbox 515 843 619 886; x_wconf 76' lang='grc' dir='ltr'>οὕτως</span> <span class='ocrx_word' id='word_1_75' title='bbox 646 843 824 893; x_wconf 80' lang='grc' dir='ltr'>ὀνομάζει,</span> <span class='ocrx_word' id='word_1_76' title='bbox 843 840 988 887; x_wconf 80' lang='grc' dir='ltr'>κλητοὺς</span> <span class='ocrx_word' id='word_1_77' title='bbox 1007 839 1135 891; x_wconf 81' lang='grc' dir='ltr'>ἁγίους.</span> 
     </span>
     <span class='ocr_line' id='line_1_11' title="bbox 119 895 1135 958; baseline -0.007 -15"><span class='ocrx_word' id='word_1_78' title='bbox 119 906 166 943; x_wconf 82' lang='grc' dir='ltr'>Οἱ</span> <span class='ocrx_word' id='word_1_79' title='bbox 188 905 248 956; x_wconf 75' lang='grc' dir='ltr'>μὲν</span> <span class='ocrx_word' id='word_1_80' title='bbox 269 905 336 958; x_wconf 71' lang='grc' dir='ltr'>γὰρ</span> <span class='ocrx_word' id='word_1_81' title='bbox 354 905 459 957; x_wconf 81' lang='grc' dir='ltr'>μέχρι</span> <span class='ocrx_word' id='word_1_82' title='bbox 484 909 543 942; x_wconf 89' lang='grc' dir='ltr'>τοῦ</span> <span class='ocrx_word' id='word_1_83' title='bbox 561 909 745 942; x_wconf 85' lang='grc' dir='ltr'>πιστεῦσαι</span> <span class='ocrx_word' id='word_1_84' title='bbox 761 902 969 947; x_wconf 76' lang='grc' dir='ltr'>ἐκλήθησαν,</span> <span class='ocrx_word' id='word_1_85' title='bbox 989 895 1085 942; x_wconf 62' lang='grc' dir='ltr'>οὗτος</span> <span class='ocrx_word' id='word_1_86' title='bbox 1100 899 1135 936; x_wconf 79' lang='grc' dir='ltr'>δὲ</span> 
     </span>
     <span class='ocr_line' id='line_1_12' title="bbox 119 961 1136 1018; baseline -0.008 -14"><span class='ocrx_word' id='word_1_87' title='bbox 119 966 179 1004; x_wconf 78' lang='grc' dir='ltr'>καὶ</span> <span class='ocrx_word' id='word_1_88' title='bbox 198 965 312 1018; x_wconf 76' lang='grc' dir='ltr'>ἕτερον</span> <span class='ocrx_word' id='word_1_89' title='bbox 333 965 564 1018; x_wconf 73' lang='grc' dir='ltr'>ἐνεχειρίσθη,</span> <span class='ocrx_word' id='word_1_90' title='bbox 584 963 646 1010; x_wconf 80' lang='grc' dir='ltr'>τὴν</span> <span class='ocrx_word' id='word_1_91' title='bbox 663 961 872 1009; x_wconf 78' lang='grc' dir='ltr'>ἀποστολὴν,</span> <span class='ocrx_word' id='word_1_92' title='bbox 898 966 1046 1012; x_wconf 73' lang='grc' dir='ltr'>πρᾶγμα</span> <span class='ocrx_word' id='word_1_93' title='bbox 1066 975 1136 1010; x_wconf 89' lang='grc' dir='ltr'>μυ-</span> 
     </span>
     <span class='ocr_line' id='line_1_13' title="bbox 121 1019 1135 1078; baseline -0.008 -13"><span class='ocrx_word' id='word_1_94' title='bbox 121 1026 201 1078; x_wconf 85' lang='grc' dir='ltr'>ρίων</span> <span class='ocrx_word' id='word_1_95' title='bbox 225 1029 361 1076; x_wconf 81' lang='grc' dir='ltr'>ἀγαθῶν</span> <span class='ocrx_word' id='word_1_96' title='bbox 383 1026 500 1077; x_wconf 81' lang='grc' dir='ltr'>γέμον,</span> <span class='ocrx_word' id='word_1_97' title='bbox 535 1024 594 1062; x_wconf 83' lang='grc' dir='ltr'>καὶ</span> <span class='ocrx_word' id='word_1_98' title='bbox 613 1025 680 1060; x_wconf 83' lang='grc' dir='ltr'>τῶν</span> <span class='ocrx_word' id='word_1_99' title='bbox 714 1021 941 1074; x_wconf 74' lang='grc' dir='ltr'>χαρισμάτων</span> <span class='ocrx_word' id='word_1_100' title='bbox 973 1019 1135 1058; x_wconf 82' lang='grc' dir='ltr'>ἁπάντων</span> 
     </span>
     <span class='ocr_line' id='line_1_14' title="bbox 118 1080 1136 1137; baseline -0.007 -13"><span class='ocrx_word' id='word_1_101' title='bbox 118 1087 175 1124; x_wconf 79' lang='grc' dir='ltr'>καὶ</span> <span class='ocrx_word' id='word_1_102' title='bbox 201 1089 314 1137; x_wconf 85' lang='grc' dir='ltr'>μεῖζον</span> <span class='ocrx_word' id='word_1_103' title='bbox 339 1085 398 1123; x_wconf 81' lang='grc' dir='ltr'>καὶ</span> <span class='ocrx_word' id='word_1_104' title='bbox 415 1083 644 1137; x_wconf 80' lang='grc' dir='ltr'>περιεκτικόν.</span> <span class='ocrx_word' id='word_1_105' title='bbox 665 1083 732 1120; x_wconf 79' lang='grc' dir='ltr'>Καὶ</span> <span class='ocrx_word' id='word_1_106' title='bbox 752 1081 786 1119; x_wconf 86' lang='grc' dir='ltr'>τί</span> <span class='ocrx_word' id='word_1_107' title='bbox 803 1081 868 1133; x_wconf 79' lang='grc' dir='ltr'>γὰρ</span> <span class='ocrx_word' id='word_1_108' title='bbox 888 1082 937 1118; x_wconf 85' lang='grc' dir='ltr'>δεῖ</span> <span class='ocrx_word' id='word_1_109' title='bbox 954 1080 1058 1118; x_wconf 80' lang='grc' dir='ltr'>πλέον</span> <span class='ocrx_word' id='word_1_110' title='bbox 1084 1082 1136 1117; x_wconf 87' lang='grc' dir='ltr'>εἷ-</span> 
     </span>
     <span class='ocr_line' id='line_1_15' title="bbox 116 1140 1136 1195; baseline -0.006 -12"><span class='ocrx_word' id='word_1_111' title='bbox 116 1152 205 1194; x_wconf 88' lang='grc' dir='ltr'>πεῖν,</span> <span class='ocrx_word' id='word_1_112' title='bbox 223 1147 298 1183; x_wconf 89' lang='grc' dir='ltr'>ἀλλ’</span> <span class='ocrx_word' id='word_1_113' title='bbox 314 1145 336 1190; x_wconf 83' lang='grc' dir='ltr'>ἢ</span> <span class='ocrx_word' id='word_1_114' title='bbox 353 1143 404 1182; x_wconf 78' lang='grc' dir='ltr'>ὅτι</span> <span class='ocrx_word' id='word_1_115' title='bbox 423 1143 506 1195; x_wconf 80' lang='grc' dir='ltr'>ὅπερ</span> <span class='ocrx_word' id='word_1_116' title='bbox 523 1147 539 1182; x_wconf 84' lang='grc' dir='ltr'><strong><em>ὃ</em></strong></span> <span class='ocrx_word' id='word_1_117' title='bbox 554 1143 704 1194; x_wconf 87' lang='grc' dir='ltr'>Χριστὸς</span> <span class='ocrx_word' id='word_1_118' title='bbox 717 1140 997 1192; x_wconf 88' lang='grc' dir='ltr'>παραγενόμενος</span> <span class='ocrx_word' id='word_1_119' title='bbox 1011 1140 1136 1194; x_wconf 78' lang='grc' dir='ltr'>ἔτι-ρατ-</span> 
     </span>
     <span class='ocr_line' id='line_1_16' title="bbox 115 1200 1136 1256; baseline -0.006 -13"><span class='ocrx_word' id='word_1_120' title='bbox 115 1221 175 1250; x_wconf 85' lang='grc' dir='ltr'>τε,</span> <span class='ocrx_word' id='word_1_121' title='bbox 194 1210 294 1243; x_wconf 89' lang='grc' dir='ltr'>τοῦτο</span> <span class='ocrx_word' id='word_1_122' title='bbox 323 1206 438 1246; x_wconf 81' lang='grc' dir='ltr'>αὐτοῖς</span> <span class='ocrx_word' id='word_1_123' title='bbox 469 1202 667 1256; x_wconf 80' lang='grc' dir='ltr'>ἐγχειρίσας</span> <span class='ocrx_word' id='word_1_124' title='bbox 697 1204 875 1248; x_wconf 74' lang='grc' dir='ltr'>ἀπῆλθεν,</span> <span class='ocrx_word' id='word_1_125' title='bbox 900 1200 949 1238; x_wconf 66' lang='grc' dir='ltr'>ζῸ</span> <span class='ocrx_word' id='word_1_126' title='bbox 980 1200 1039 1238; x_wconf 83' lang='grc' dir='ltr'>καὶ</span> <span class='ocrx_word' id='word_1_127' title='bbox 1072 1203 1136 1251; x_wconf 73' lang='grc' dir='ltr'>βοᾷ</span> 
     </span>
     <span class='ocr_line' id='line_1_17' title="bbox 115 1260 1137 1315; baseline -0.006 -11"><span class='ocrx_word' id='word_1_128' title='bbox 115 1267 256 1309; x_wconf 79' lang='grc' dir='ltr'>Παῦλος</span> <span class='ocrx_word' id='word_1_129' title='bbox 267 1295 276 1311; x_wconf 87' lang='grc'>,</span> <span class='ocrx_word' id='word_1_130' title='bbox 293 1264 417 1315; x_wconf 82' lang='grc' dir='ltr'>λέγων,</span> <span class='ocrx_word' id='word_1_131' title='bbox 436 1263 495 1302; x_wconf 81' lang='grc' dir='ltr'>καὶ</span> <span class='ocrx_word' id='word_1_132' title='bbox 508 1263 546 1301; x_wconf 91' lang='grc' dir='ltr'>τὸ</span> <span class='ocrx_word' id='word_1_133' title='bbox 561 1265 629 1300; x_wconf 89' lang='grc' dir='ltr'>τῶν</span> <span class='ocrx_word' id='word_1_134' title='bbox 648 1261 849 1300; x_wconf 83' lang='grc' dir='ltr'>ἀποστόλων</span> <span class='ocrx_word' id='word_1_135' title='bbox 866 1261 1018 1313; x_wconf 81' lang='grc' dir='ltr'>ἐπαίρων</span> <span class='ocrx_word' id='word_1_136' title='bbox 1036 1260 1137 1305; x_wconf 80' lang='grc' dir='ltr'>ἀξίω-</span> 
     </span>
     <span class='ocr_line' id='line_1_18' title="bbox 118 1322 1136 1377; baseline -0.007 -14"><span class='ocrx_word' id='word_1_137' title='bbox 118 1341 168 1377; x_wconf 84' lang='grc' dir='ltr'>μα</span> <span class='ocrx_word' id='word_1_138' title='bbox 186 1341 193 1349; x_wconf 91' lang='grc'><em>·</em></span> <span class='ocrx_word' id='word_1_139' title='bbox 208 1324 318 1377; x_wconf 81' lang='grc' dir='ltr'>&lt;Υπὲρ</span> <span class='ocrx_word' id='word_1_140' title='bbox 338 1326 492 1377; x_wconf 75' lang='grc' dir='ltr'>Χριστοῦ</span> <span class='ocrx_word' id='word_1_141' title='bbox 511 1322 759 1375; x_wconf 69' lang='grc' dir='ltr'>πρεσὸεύομεν,</span> <span class='ocrx_word' id='word_1_142' title='bbox 773 1325 819 1365; x_wconf 83' lang='grc' dir='ltr'>ὡς</span> <span class='ocrx_word' id='word_1_143' title='bbox 835 1324 894 1359; x_wconf 90' lang='grc' dir='ltr'>τοῦ</span> <span class='ocrx_word' id='word_1_144' title='bbox 912 1323 1004 1360; x_wconf 89' lang='grc' dir='ltr'>Θεοῦ</span> <span class='ocrx_word' id='word_1_145' title='bbox 1024 1335 1136 1372; x_wconf 90' lang='grc' dir='ltr'>παρα-</span> 
     </span>
     <span class='ocr_line' id='line_1_19' title="bbox 114 1381 1135 1434; baseline -0.006 -10"><span class='ocrx_word' id='word_1_146' title='bbox 114 1388 300 1428; x_wconf 78' lang='grc' dir='ltr'>καλοῦντος</span> <span class='ocrx_word' id='word_1_147' title='bbox 332 1386 375 1422; x_wconf 81' lang='grc' dir='ltr'>δι’</span> <span class='ocrx_word' id='word_1_148' title='bbox 396 1387 510 1434; x_wconf 86' lang='grc' dir='ltr'>ἡμῶν,</span> <span class='ocrx_word' id='word_1_149' title='bbox 532 1382 723 1429; x_wconf 80' lang='grc' dir='ltr'>τουτέστιν,</span> <span class='ocrx_word' id='word_1_150' title='bbox 746 1382 822 1421; x_wconf 83' lang='grc' dir='ltr'>ἀντὶ</span> <span class='ocrx_word' id='word_1_151' title='bbox 844 1383 1008 1434; x_wconf 84' lang='grc' dir='ltr'>Χριστοῦ.</span> <span class='ocrx_word' id='word_1_152' title='bbox 1022 1381 1135 1433; x_wconf 55' lang='lat' dir='ltr'><strong>&#39;Aom-</strong></span> 
     </span>
     <span class='ocr_line' id='line_1_20' title="bbox 118 1442 1137 1498; baseline -0.006 -13"><span class='ocrx_word' id='word_1_153' title='bbox 118 1447 277 1498; x_wconf 88' lang='grc' dir='ltr'>ρισμένος</span> <span class='ocrx_word' id='word_1_154' title='bbox 315 1447 362 1489; x_wconf 89' lang='grc' dir='ltr'>εἷς</span> <span class='ocrx_word' id='word_1_155' title='bbox 399 1444 596 1496; x_wconf 81' lang='grc' dir='ltr'>εὐαγγέλιον</span> <span class='ocrx_word' id='word_1_156' title='bbox 625 1446 727 1482; x_wconf 82' lang='grc' dir='ltr'>Θεοῦ.</span> <span class='ocrx_word' id='word_1_157' title='bbox 756 1443 946 1494; x_wconf 54' lang='grc' dir='ltr'>εΚαθοὶπερ</span> <span class='ocrx_word' id='word_1_158' title='bbox 978 1444 1012 1480; x_wconf 79' lang='grc' dir='ltr'>ἐν</span> <span class='ocrx_word' id='word_1_159' title='bbox 1044 1442 1137 1495; x_wconf 78' lang='grc' dir='ltr'>οἰκίᾳ</span> 
     </span>
     <span class='ocr_line' id='line_1_21' title="bbox 117 1502 1136 1558; baseline -0.004 -14"><span class='ocrx_word' id='word_1_160' title='bbox 117 1507 202 1557; x_wconf 86' lang='grc' dir='ltr'>πρὸς</span> <span class='ocrx_word' id='word_1_161' title='bbox 221 1506 367 1558; x_wconf 75' lang='grc' dir='ltr'>διάφορα</span> <span class='ocrx_word' id='word_1_162' title='bbox 383 1505 528 1548; x_wconf 79' lang='grc' dir='ltr'>ἕκαστος</span> <span class='ocrx_word' id='word_1_163' title='bbox 544 1503 740 1556; x_wconf 73' lang='grc' dir='ltr'>ἀφώρισται</span> <span class='ocrx_word' id='word_1_164' title='bbox 759 1503 863 1555; x_wconf 81' lang='grc' dir='ltr'>ἔργα,</span> <span class='ocrx_word' id='word_1_165' title='bbox 888 1502 978 1541; x_wconf 81' lang='grc' dir='ltr'>οὕτω</span> <span class='ocrx_word' id='word_1_166' title='bbox 999 1503 1059 1541; x_wconf 85' lang='grc' dir='ltr'>καὶ</span> <span class='ocrx_word' id='word_1_167' title='bbox 1079 1503 1136 1540; x_wconf 82' lang='grc' dir='ltr'>ἐπὶ</span> 
     </span>
     <span class='ocr_line' id='line_1_22' title="bbox 118 1565 1136 1617; baseline -0.001 -15"><span class='ocrx_word' id='word_1_168' title='bbox 118 1569 179 1612; x_wconf 73' lang='grc' dir='ltr'>τῆς</span> <span class='ocrx_word' id='word_1_169' title='bbox 199 1565 411 1612; x_wconf 82' lang='grc' dir='ltr'>Ἐκκλησίας</span> <span class='ocrx_word' id='word_1_170' title='bbox 441 1565 597 1617; x_wconf 73' lang='grc' dir='ltr'>διάφοροι</span> <span class='ocrx_word' id='word_1_171' title='bbox 614 1567 682 1602; x_wconf 86' lang='grc' dir='ltr'>τῶν</span> <span class='ocrx_word' id='word_1_172' title='bbox 703 1565 884 1601; x_wconf 78' lang='grc' dir='ltr'>διακονιῶν</span> <span class='ocrx_word' id='word_1_173' title='bbox 904 1566 989 1602; x_wconf 79' lang='grc' dir='ltr'>εἰσιν</span> <span class='ocrx_word' id='word_1_174' title='bbox 1013 1566 1047 1602; x_wconf 78' lang='grc' dir='ltr'>αἱ</span> <span class='ocrx_word' id='word_1_175' title='bbox 1064 1565 1136 1601; x_wconf 83' lang='grc' dir='ltr'>δια-</span> 
     </span>
     <span class='ocr_line' id='line_1_23' title="bbox 119 1621 1137 1676; baseline -0.004 -12"><span class='ocrx_word' id='word_1_176' title='bbox 119 1626 233 1676; x_wconf 86' lang='grc' dir='ltr'>νομαί.</span> <span class='ocrx_word' id='word_1_177' title='bbox 259 1626 364 1676; x_wconf 81' lang='grc' dir='ltr'>Ἐμοὶ</span> <span class='ocrx_word' id='word_1_178' title='bbox 398 1624 434 1662; x_wconf 82' lang='grc' dir='ltr'>δὲ</span> <span class='ocrx_word' id='word_1_179' title='bbox 464 1626 611 1662; x_wconf 80' lang='grc' dir='ltr'>ἐνταῦθα</span> <span class='ocrx_word' id='word_1_180' title='bbox 638 1625 675 1661; x_wconf 78' lang='grc' dir='ltr'>οὐ</span> <span class='ocrx_word' id='word_1_181' title='bbox 696 1624 759 1671; x_wconf 85' lang='grc' dir='ltr'>τὴν</span> <span class='ocrx_word' id='word_1_182' title='bbox 779 1621 1024 1675; x_wconf 68' lang='grc' dir='ltr'>ἀποκλήρωσιν</span> <span class='ocrx_word' id='word_1_183' title='bbox 1045 1625 1137 1662; x_wconf 82' lang='grc' dir='ltr'>δοκεῖ</span> 
     </span>
     <span class='ocr_line' id='line_1_24' title="bbox 122 1684 1137 1737; baseline -0.002 -12"><span class='ocrx_word' id='word_1_184' title='bbox 122 1686 223 1737; x_wconf 86' lang='grc' dir='ltr'>μόνον</span> <span class='ocrx_word' id='word_1_185' title='bbox 245 1686 476 1733; x_wconf 80' lang='grc' dir='ltr'>αἰνίττεσθαι,</span> <span class='ocrx_word' id='word_1_186' title='bbox 511 1687 587 1723; x_wconf 89' lang='grc' dir='ltr'>ἀλλ’</span> <span class='ocrx_word' id='word_1_187' title='bbox 611 1684 664 1723; x_wconf 81' lang='grc' dir='ltr'>ὅτι</span> <span class='ocrx_word' id='word_1_188' title='bbox 695 1684 806 1722; x_wconf 83' lang='grc' dir='ltr'>πάλαι</span> <span class='ocrx_word' id='word_1_189' title='bbox 825 1684 883 1721; x_wconf 82' lang='grc' dir='ltr'>καὶ</span> <span class='ocrx_word' id='word_1_190' title='bbox 903 1685 1032 1722; x_wconf 78' lang='grc' dir='ltr'>ἄνωθεν</span> <span class='ocrx_word' id='word_1_191' title='bbox 1052 1685 1137 1736; x_wconf 85' lang='grc' dir='ltr'>πρὸς</span> 
     </span>
     <span class='ocr_line' id='line_1_25' title="bbox 120 1741 1135 1797; baseline -0.001 -14"><span class='ocrx_word' id='word_1_192' title='bbox 120 1750 220 1783; x_wconf 88' lang='grc' dir='ltr'>τοῦτο</span> <span class='ocrx_word' id='word_1_193' title='bbox 249 1741 290 1792; x_wconf 63' lang='grc' dir='ltr'>ἦν</span> <span class='ocrx_word' id='word_1_194' title='bbox 310 1745 529 1796; x_wconf 83' lang='grc' dir='ltr'>τεταγμένος.</span> <span class='ocrx_word' id='word_1_195' title='bbox 547 1744 664 1797; x_wconf 65' lang='lat' dir='ltr'><strong>‘&#39;Oi-rep</strong></span> <span class='ocrx_word' id='word_1_196' title='bbox 684 1745 744 1782; x_wconf 78' lang='grc' dir='ltr'>καὶ</span> <span class='ocrx_word' id='word_1_197' title='bbox 772 1744 942 1797; x_wconf 86' lang='grc' dir='ltr'>Ἱερεμίας</span> <span class='ocrx_word' id='word_1_198' title='bbox 962 1744 1047 1796; x_wconf 80' lang='grc' dir='ltr'>φησὶ</span> <span class='ocrx_word' id='word_1_199' title='bbox 1078 1745 1135 1783; x_wconf 87' lang='grc' dir='ltr'>τὸν</span> 
     </span>
     <span class='ocr_line' id='line_1_26' title="bbox 119 1803 1136 1858; baseline -0.001 -13"><span class='ocrx_word' id='word_1_200' title='bbox 119 1808 210 1845; x_wconf 85' lang='grc' dir='ltr'>Θεὸν</span> <span class='ocrx_word' id='word_1_201' title='bbox 242 1806 416 1857; x_wconf 79' lang='grc' dir='ltr'>εἰρηκέναι</span> <span class='ocrx_word' id='word_1_202' title='bbox 447 1805 526 1857; x_wconf 84' lang='grc' dir='ltr'>περὶ</span> <span class='ocrx_word' id='word_1_203' title='bbox 559 1807 662 1843; x_wconf 81' lang='grc' dir='ltr'>αὐτοῦ</span> <span class='ocrx_word' id='word_1_204' title='bbox 676 1821 684 1828; x_wconf 90' lang='grc'><em>·</em></span> <span class='ocrx_word' id='word_1_205' title='bbox 703 1805 779 1858; x_wconf 85' lang='grc' dir='ltr'>Πρὸ</span> <span class='ocrx_word' id='word_1_206' title='bbox 797 1809 855 1843; x_wconf 86' lang='grc' dir='ltr'>τοῦ</span> <span class='ocrx_word' id='word_1_207' title='bbox 877 1821 914 1843; x_wconf 90' lang='grc' dir='ltr'>σε</span> <span class='ocrx_word' id='word_1_208' title='bbox 933 1803 1077 1850; x_wconf 79' lang='grc' dir='ltr'>ἐξελθεῖν</span> <span class='ocrx_word' id='word_1_209' title='bbox 1097 1807 1136 1844; x_wconf 81' lang='grc' dir='ltr'>ἐκ</span> 
     </span>
     <span class='ocr_line' id='line_1_27' title="bbox 120 1865 1136 1919; baseline 0 -15"><span class='ocrx_word' id='word_1_210' title='bbox 120 1867 255 1919; x_wconf 78' lang='grc' dir='ltr'>μήτρας</span> <span class='ocrx_word' id='word_1_211' title='bbox 286 1865 417 1918; x_wconf 81' lang='grc' dir='ltr'>ἡγίακά</span> <span class='ocrx_word' id='word_1_212' title='bbox 438 1882 497 1913; x_wconf 87' lang='grc' dir='ltr'>σε,</span> <span class='ocrx_word' id='word_1_213' title='bbox 515 1865 697 1917; x_wconf 74' lang='grc' dir='ltr'>προφήτην</span> <span class='ocrx_word' id='word_1_214' title='bbox 732 1868 780 1909; x_wconf 87' lang='grc' dir='ltr'>εἰς</span> <span class='ocrx_word' id='word_1_215' title='bbox 812 1865 890 1913; x_wconf 81' lang='grc' dir='ltr'>ἔθνη</span> <span class='ocrx_word' id='word_1_216' title='bbox 921 1865 1058 1904; x_wconf 85' lang='grc' dir='ltr'>τέθεικά</span> <span class='ocrx_word' id='word_1_217' title='bbox 1086 1882 1136 1905; x_wconf 90' lang='grc' dir='ltr'>σε.</span> 
     </span>
     <span class='ocr_line' id='line_1_28' title="bbox 119 1925 1136 1979; baseline -0.001 -14"><span class='ocrx_word' id='word_1_218' title='bbox 119 1926 266 1974; x_wconf 71' lang='grc' dir='ltr'>Ἐπειδὴ</span> <span class='ocrx_word' id='word_1_219' title='bbox 292 1926 358 1978; x_wconf 78' lang='grc' dir='ltr'>γὰρ</span> <span class='ocrx_word' id='word_1_220' title='bbox 375 1926 460 1979; x_wconf 87' lang='grc' dir='ltr'>πρὸς</span> <span class='ocrx_word' id='word_1_221' title='bbox 479 1925 578 1964; x_wconf 88' lang='grc' dir='ltr'>πόλιν</span> <span class='ocrx_word' id='word_1_222' title='bbox 603 1925 809 1973; x_wconf 83' lang='grc' dir='ltr'>ἀλαζονικὴν</span> <span class='ocrx_word' id='word_1_223' title='bbox 829 1926 979 1979; x_wconf 80' lang='grc' dir='ltr'>ἔγραφε,</span> <span class='ocrx_word' id='word_1_224' title='bbox 998 1927 1058 1964; x_wconf 78' lang='grc' dir='ltr'>καὶ</span> <span class='ocrx_word' id='word_1_225' title='bbox 1075 1943 1136 1964; x_wconf 86' lang='grc' dir='ltr'>πε-</span> 
     </span>
     <span class='ocr_line' id='line_1_29' title="bbox 122 1986 1139 2040; baseline 0.001 -15"><span class='ocrx_word' id='word_1_226' title='bbox 122 1987 345 2040; x_wconf 78' lang='grc' dir='ltr'>φυσιωμένην</span> <span class='ocrx_word' id='word_1_227' title='bbox 365 1987 545 2033; x_wconf 85' lang='grc' dir='ltr'>πάντοθεν,</span> <span class='ocrx_word' id='word_1_228' title='bbox 567 1987 624 2025; x_wconf 79' lang='grc' dir='ltr'>διὰ</span> <span class='ocrx_word' id='word_1_229' title='bbox 640 1986 778 2025; x_wconf 81' lang='grc' dir='ltr'>πάντων</span> <span class='ocrx_word' id='word_1_230' title='bbox 801 1987 952 2026; x_wconf 84' lang='grc' dir='ltr'>δείκνυσι</span> <span class='ocrx_word' id='word_1_231' title='bbox 967 1992 1027 2026; x_wconf 82' lang='grc' dir='ltr'>τοῦ</span> <span class='ocrx_word' id='word_1_232' title='bbox 1048 1989 1139 2026; x_wconf 84' lang='grc' dir='ltr'>Θεοῦ</span> 
     </span>
     <span class='ocr_line' id='line_1_30' title="bbox 120 2041 1139 2101; baseline 0.002 -16"><span class='ocrx_word' id='word_1_233' title='bbox 120 2048 183 2094; x_wconf 79' lang='grc' dir='ltr'>τὴν</span> <span class='ocrx_word' id='word_1_234' title='bbox 204 2046 417 2101; x_wconf 86' lang='grc' dir='ltr'>χειροτονίαν</span> <span class='ocrx_word' id='word_1_235' title='bbox 438 2041 540 2085; x_wconf 62' lang='grc' dir='ltr'>οὖσαν</span> <span class='ocrx_word' id='word_1_236' title='bbox 556 2062 564 2069; x_wconf 82' lang='lat'><strong>·</strong></span> <span class='ocrx_word' id='word_1_237' title='bbox 595 2047 654 2085; x_wconf 81' lang='grc' dir='ltr'>καὶ</span> <span class='ocrx_word' id='word_1_238' title='bbox 682 2047 749 2099; x_wconf 85' lang='grc' dir='ltr'>γὰρ</span> <span class='ocrx_word' id='word_1_239' title='bbox 778 2047 877 2091; x_wconf 82' lang='grc' dir='ltr'>αὐτὸς</span> <span class='ocrx_word' id='word_1_240' title='bbox 897 2047 1058 2094; x_wconf 80' lang='grc' dir='ltr'>ἐκάλεσε,</span> <span class='ocrx_word' id='word_1_241' title='bbox 1079 2049 1139 2087; x_wconf 81' lang='grc' dir='ltr'>καὶ</span> 
     </span>
     <span class='ocr_line' id='line_1_31' title="bbox 120 2107 1138 2160; baseline 0.001 -14"><span class='ocrx_word' id='word_1_242' title='bbox 120 2109 219 2152; x_wconf 79' lang='grc' dir='ltr'>αὐτὸς</span> <span class='ocrx_word' id='word_1_243' title='bbox 239 2107 404 2160; x_wconf 75' lang='grc' dir='ltr'>ἀφώρισε.</span> <span class='ocrx_word' id='word_1_244' title='bbox 435 2109 537 2145; x_wconf 90' lang='grc' dir='ltr'>Ποιεῖ</span> <span class='ocrx_word' id='word_1_245' title='bbox 555 2107 591 2144; x_wconf 78' lang='grc' dir='ltr'>δὲ</span> <span class='ocrx_word' id='word_1_246' title='bbox 624 2112 724 2146; x_wconf 86' lang='grc' dir='ltr'>τοῦτο</span> <span class='ocrx_word' id='word_1_247' title='bbox 739 2138 748 2156; x_wconf 91' lang='grc'>,</span> <span class='ocrx_word' id='word_1_248' title='bbox 782 2108 838 2146; x_wconf 84' lang='grc' dir='ltr'>ἵνα</span> <span class='ocrx_word' id='word_1_249' title='bbox 857 2108 1053 2153; x_wconf 85' lang='grc' dir='ltr'>ἀξιόπιστον</span> <span class='ocrx_word' id='word_1_250' title='bbox 1079 2110 1138 2147; x_wconf 79' lang='grc' dir='ltr'>καὶ</span> 
     </span>
     <span class='ocr_line' id='line_1_32' title="bbox 120 2167 1136 2222; baseline 0.001 -14"><span class='ocrx_word' id='word_1_251' title='bbox 120 2170 372 2221; x_wconf 79' lang='grc' dir='ltr'>εὗπαράδεκτον</span> <span class='ocrx_word' id='word_1_252' title='bbox 393 2168 523 2216; x_wconf 78' lang='grc' dir='ltr'>ποιήσῃ</span> <span class='ocrx_word' id='word_1_253' title='bbox 542 2167 605 2214; x_wconf 84' lang='grc' dir='ltr'>τὴν</span> <span class='ocrx_word' id='word_1_254' title='bbox 630 2169 829 2215; x_wconf 78' lang='grc' dir='ltr'>ἐπιστολήν.</span> <span class='ocrx_word' id='word_1_255' title='bbox 850 2171 913 2213; x_wconf 82' lang='grc' dir='ltr'>Εἷς</span> <span class='ocrx_word' id='word_1_256' title='bbox 937 2170 1136 2222; x_wconf 80' lang='grc' dir='ltr'>εὐαγγέλιον</span> 
     </span>
     <span class='ocr_line' id='line_1_33' title="bbox 118 2229 1138 2282; baseline 0.001 -14"><span class='ocrx_word' id='word_1_257' title='bbox 118 2233 221 2270; x_wconf 85' lang='grc' dir='ltr'>Θεοῦ.</span> <span class='ocrx_word' id='word_1_258' title='bbox 244 2231 320 2268; x_wconf 75' lang='grc' dir='ltr'>Οὐκ</span> <span class='ocrx_word' id='word_1_259' title='bbox 347 2230 415 2282; x_wconf 82' lang='grc' dir='ltr'>ἄρα</span> <span class='ocrx_word' id='word_1_260' title='bbox 447 2229 547 2280; x_wconf 85' lang='grc' dir='ltr'>μόνος</span> <span class='ocrx_word' id='word_1_261' title='bbox 574 2232 754 2273; x_wconf 85' lang='grc' dir='ltr'>Ματθαῖος</span> <span class='ocrx_word' id='word_1_262' title='bbox 787 2230 1031 2281; x_wconf 82' lang='grc' dir='ltr'>εὐαγγελιστὴς</span> <span class='ocrx_word' id='word_1_263' title='bbox 1062 2230 1138 2269; x_wconf 78' lang='grc' dir='ltr'>οὐδὲ</span> 
     </span>
     <span class='ocr_line' id='line_1_34' title="bbox 118 2283 1138 2344; baseline 0.001 -16"><span class='ocrx_word' id='word_1_264' title='bbox 118 2291 280 2344; x_wconf 80' lang='grc' dir='ltr'>Μάρκος,</span> <span class='ocrx_word' id='word_1_265' title='bbox 301 2290 420 2342; x_wconf 81' lang='grc' dir='ltr'>ὥσπερ</span> <span class='ocrx_word' id='word_1_266' title='bbox 453 2289 529 2327; x_wconf 79' lang='grc' dir='ltr'>οὐδὲ</span> <span class='ocrx_word' id='word_1_267' title='bbox 548 2283 655 2333; x_wconf 63' lang='grc' dir='ltr'>οὗτος</span> <span class='ocrx_word' id='word_1_268' title='bbox 683 2290 783 2341; x_wconf 89' lang='grc' dir='ltr'>μόνος</span> <span class='ocrx_word' id='word_1_269' title='bbox 805 2290 1017 2339; x_wconf 86' lang='grc' dir='ltr'>ἀπόστολος,</span> <span class='ocrx_word' id='word_1_270' title='bbox 1049 2290 1138 2329; x_wconf 88' lang='grc' dir='ltr'>ἀλλὰ</span> 
     </span>
     <span class='ocr_line' id='line_1_35' title="bbox 116 2349 1137 2403; baseline 0.001 -14"><span class='ocrx_word' id='word_1_271' title='bbox 116 2352 176 2389; x_wconf 82' lang='grc' dir='ltr'>καὶ</span> <span class='ocrx_word' id='word_1_272' title='bbox 195 2354 337 2399; x_wconf 83' lang='grc' dir='ltr'>ἐκεῖνοι,</span> <span class='ocrx_word' id='word_1_273' title='bbox 358 2352 387 2388; x_wconf 89' lang='grc' dir='ltr'>εἷ</span> <span class='ocrx_word' id='word_1_274' title='bbox 405 2350 464 2388; x_wconf 85' lang='grc' dir='ltr'>καὶ</span> <span class='ocrx_word' id='word_1_275' title='bbox 486 2352 562 2388; x_wconf 85' lang='grc' dir='ltr'>κατ’</span> <span class='ocrx_word' id='word_1_276' title='bbox 592 2349 765 2403; x_wconf 80' lang='grc' dir='ltr'>ἐξαίρετον</span> <span class='ocrx_word' id='word_1_277' title='bbox 783 2353 800 2388; x_wconf 89' lang='grc' dir='ltr'>ὁ</span> <span class='ocrx_word' id='word_1_278' title='bbox 820 2351 882 2401; x_wconf 79' lang='grc' dir='ltr'>μὲν</span> <span class='ocrx_word' id='word_1_279' title='bbox 902 2356 1023 2400; x_wconf 87' lang='grc' dir='ltr'>τοῦτο,</span> <span class='ocrx_word' id='word_1_280' title='bbox 1049 2355 1080 2389; x_wconf 86' lang='grc' dir='ltr'>οἱ</span> <span class='ocrx_word' id='word_1_281' title='bbox 1102 2352 1137 2390; x_wconf 80' lang='grc' dir='ltr'>δὲ</span> 
     </span>
     <span class='ocr_line' id='line_1_36' title="bbox 117 2404 1137 2464; baseline 0.001 -14"><span class='ocrx_word' id='word_1_282' title='bbox 117 2415 226 2451; x_wconf 78' lang='grc' dir='ltr'>ἐκεῖνο</span> <span class='ocrx_word' id='word_1_283' title='bbox 244 2412 404 2464; x_wconf 90' lang='grc' dir='ltr'>λέγονται</span> <span class='ocrx_word' id='word_1_284' title='bbox 424 2404 524 2449; x_wconf 68' lang='grc' dir='ltr'>εἶναι.</span> <span class='ocrx_word' id='word_1_285' title='bbox 545 2409 785 2463; x_wconf 66' lang='grc' dir='ltr'>ᾱΕὐαγγέλιον</span> <span class='ocrx_word' id='word_1_286' title='bbox 807 2411 841 2449; x_wconf 81' lang='grc' dir='ltr'>δὲ</span> <span class='ocrx_word' id='word_1_287' title='bbox 863 2412 945 2450; x_wconf 76' lang='grc' dir='ltr'>αὐτὸ</span> <span class='ocrx_word' id='word_1_288' title='bbox 964 2413 1001 2450; x_wconf 78' lang='grc' dir='ltr'>οὗ</span> <span class='ocrx_word' id='word_1_289' title='bbox 1022 2413 1078 2451; x_wconf 77' lang='grc' dir='ltr'>διὰ</span> <span class='ocrx_word' id='word_1_290' title='bbox 1094 2413 1137 2451; x_wconf 85' lang='grc' dir='ltr'>τὰ</span> 
     </span>
     <span class='ocr_line' id='line_1_37' title="bbox 116 2471 1137 2525; baseline 0.002 -14"><span class='ocrx_word' id='word_1_291' title='bbox 116 2473 332 2525; x_wconf 84' lang='grc' dir='ltr'>γεγενημένα</span> <span class='ocrx_word' id='word_1_292' title='bbox 355 2471 467 2523; x_wconf 79' lang='grc' dir='ltr'>ἀγαθὰ</span> <span class='ocrx_word' id='word_1_293' title='bbox 485 2471 587 2522; x_wconf 90' lang='grc' dir='ltr'>μόνον</span> <span class='ocrx_word' id='word_1_294' title='bbox 603 2474 719 2519; x_wconf 85' lang='grc' dir='ltr'>καλεῖ,</span> <span class='ocrx_word' id='word_1_295' title='bbox 740 2472 830 2511; x_wconf 82' lang='grc' dir='ltr'>ἀλλὰ</span> <span class='ocrx_word' id='word_1_296' title='bbox 844 2472 902 2510; x_wconf 84' lang='grc' dir='ltr'>καὶ</span> <span class='ocrx_word' id='word_1_297' title='bbox 921 2472 977 2510; x_wconf 84' lang='grc' dir='ltr'>διὰ</span> <span class='ocrx_word' id='word_1_298' title='bbox 993 2472 1036 2510; x_wconf 83' lang='grc' dir='ltr'>τὰ</span> <span class='ocrx_word' id='word_1_299' title='bbox 1054 2473 1137 2524; x_wconf 84' lang='grc' dir='ltr'>μέλ-</span> 
     </span>
     <span class='ocr_line' id='line_1_38' title="bbox 117 2532 1137 2609; baseline 0.002 -38"><span class='ocrx_word' id='word_1_300' title='bbox 117 2536 236 2571; x_wconf 86' lang='grc' dir='ltr'>λοντα.</span> <span class='ocrx_word' id='word_1_301' title='bbox 255 2534 339 2576; x_wconf 88' lang='grc' dir='ltr'>Πῶς</span> <span class='ocrx_word' id='word_1_302' title='bbox 358 2532 392 2571; x_wconf 83' lang='grc' dir='ltr'>δὲ</span> <span class='ocrx_word' id='word_1_303' title='bbox 411 2532 468 2570; x_wconf 85' lang='grc' dir='ltr'>τὸν</span> <span class='ocrx_word' id='word_1_304' title='bbox 483 2533 573 2571; x_wconf 82' lang='grc' dir='ltr'>Θεὸν</span> <span class='ocrx_word' id='word_1_305' title='bbox 592 2532 873 2609; x_wconf 83' lang='grc' dir='ltr'>εὐαγγελίζεσθαι</span> <span class='ocrx_word' id='word_1_306' title='bbox 892 2534 934 2571; x_wconf 88' lang='grc' dir='ltr'>δι’</span> <span class='ocrx_word' id='word_1_307' title='bbox 955 2537 1057 2573; x_wconf 78' lang='grc' dir='ltr'>αὐτοῦ</span> <span class='ocrx_word' id='word_1_308' title='bbox 1071 2551 1137 2587; x_wconf 76' lang='grc' dir='ltr'>φη-</span> 
     </span>
     <span class='ocr_line' id='line_1_39' title="bbox 118 2592 1135 2663; baseline 0.002 -32"><span class='ocrx_word' id='word_1_309' title='bbox 118 2608 189 2639; x_wconf 82' lang='grc' dir='ltr'>σιν;</span> <span class='ocrx_word' id='word_1_310' title='bbox 214 2592 466 2663; x_wconf 80' lang='grc' dir='ltr'>Ἀφωρισμενρς</span> <span class='ocrx_word' id='word_1_311' title='bbox 484 2592 572 2644; x_wconf 83' lang='grc' dir='ltr'>γὰρ,</span> <span class='ocrx_word' id='word_1_312' title='bbox 592 2609 708 2644; x_wconf 80' lang='grc' dir='ltr'>φησιν,</span> <span class='ocrx_word' id='word_1_313' title='bbox 731 2596 777 2638; x_wconf 88' lang='grc' dir='ltr'>εἷς</span> <span class='ocrx_word' id='word_1_314' title='bbox 796 2594 996 2646; x_wconf 79' lang='grc' dir='ltr'>εὐαγγέλιον</span> <span class='ocrx_word' id='word_1_315' title='bbox 1025 2598 1135 2635; x_wconf 87' lang='grc' dir='ltr'>Θεοῦ·</span> 
     </span>
    </p>
   </div>
   <div class='ocr_carea' id='block_1_3' title="bbox 1056 276 1259 306">
    <p class='ocr_par' dir='ltr' id='par_1_3' title="bbox 1056 276 1259 306">
     <span class='ocr_line' id='line_1_40' title="bbox 1056 276 1259 306; baseline -0.005 0"><span class='ocrx_word' id='word_1_316' title='bbox 1056 277 1115 306; x_wconf 74' lang='grc' dir='ltr'>ΑΙ)</span> <span class='ocrx_word' id='word_1_317' title='bbox 1152 276 1241 306; x_wconf 77' lang='lat' dir='ltr'>ROM</span> <span class='ocrx_word' id='word_1_318' title='bbox 1250 295 1259 305; x_wconf 84' lang='grc'><strong>.</strong></span> 
     </span>
    </p>
   </div>
   <div class='ocr_carea' id='block_1_4' title="bbox 1179 1140 2194 1192">
    <p class='ocr_par' dir='ltr' id='par_1_4' title="bbox 1179 1140 2194 1192">
     <span class='ocr_line' id='line_1_41' title="bbox 1179 1140 2194 1192; baseline 0.003 -16"><span class='ocrx_word' id='word_1_319' title='bbox 1179 1171 1183 1175; x_wconf 95' lang='grc'><em>.</em></span> <span class='ocrx_word' id='word_1_320' title='bbox 1209 1141 1627 1192; x_wconf 77' lang='lat' dir='ltr'><strong>legationesungimur‚</strong></span> <span class='ocrx_word' id='word_1_321' title='bbox 1648 1142 1762 1191; x_wconf 82' lang='lat' dir='ltr'><strong>quasi</strong></span> <span class='ocrx_word' id='word_1_322' title='bbox 1781 1140 1865 1176; x_wconf 80' lang='lat' dir='ltr'>Deo</span> <span class='ocrx_word' id='word_1_323' title='bbox 1886 1140 2194 1191; x_wconf 70' lang='lat' dir='ltr'><strong>e.zlzor›tante7m</strong></span> 
     </span>
    </p>
   </div>
   <div class='ocr_carea' id='block_1_5' title="bbox 1160 1933 1184 1962">
    <p class='ocr_par' dir='ltr' id='par_1_5' title="bbox 1160 1933 1184 1962">
     <span class='ocr_line' id='line_1_42' title="bbox 1160 1933 1184 1962; baseline 0 0"><span class='ocrx_word' id='word_1_324' title='bbox 1160 1933 1184 1962; x_wconf 91' lang='lat' dir='ltr'>E</span> 
     </span>
    </p>
   </div>
   <div class='ocr_carea' id='block_1_6' title="bbox 1149 2630 1194 2655">
    <p class='ocr_par' dir='ltr' id='par_1_6' title="bbox 1149 2630 1194 2655">
     <span class='ocr_line' id='line_1_43' title="bbox 1149 2630 1194 2655; baseline -0.022 0"><span class='ocrx_word' id='word_1_325' title='bbox 1149 2630 1194 2655; x_wconf 66' lang='lat'>451</span> 
     </span>
    </p>
   </div>
   <div class='ocr_carea' id='block_1_7' title="bbox 119 2652 1185 2728">
    <p class='ocr_par' dir='ltr' id='par_1_7' title="bbox 119 2652 1185 2728">
     <span class='ocr_line' id='line_1_44' title="bbox 119 2652 1185 2728; baseline 0.005 -37"><span class='ocrx_word' id='word_1_326' title='bbox 119 2658 136 2691; x_wconf 84' lang='grc' dir='ltr'>ὃ</span> <span class='ocrx_word' id='word_1_327' title='bbox 158 2653 226 2705; x_wconf 77' lang='grc' dir='ltr'>γὰρ</span> <span class='ocrx_word' id='word_1_328' title='bbox 239 2652 367 2704; x_wconf 84' lang='grc' dir='ltr'>Πατὴρ</span> <span class='ocrx_word' id='word_1_329' title='bbox 383 2653 442 2690; x_wconf 77' lang='grc' dir='ltr'>καὶ</span> <span class='ocrx_word' id='word_1_330' title='bbox 455 2653 523 2705; x_wconf 79' lang='grc' dir='ltr'>πρὸ</span> <span class='ocrx_word' id='word_1_331' title='bbox 540 2669 608 2691; x_wconf 80' lang='grc' dir='ltr'>των</span> <span class='ocrx_word' id='word_1_332' title='bbox 627 2654 836 2728; x_wconf 79' lang='grc' dir='ltr'>εὐαγγελίων</span> <span class='ocrx_word' id='word_1_333' title='bbox 855 2656 992 2703; x_wconf 80' lang='grc' dir='ltr'>δῆλος</span> <span class='ocrx_word' id='word_1_334' title='bbox 975 2673 1029 2703; x_wconf 91' lang='grc' dir='ltr'>ην.</span> <span class='ocrx_word' id='word_1_335' title='bbox 1043 2656 1133 2695; x_wconf 81' lang='grc' dir='ltr'>Ἀλλ’</span> <span class='ocrx_word' id='word_1_336' title='bbox 1159 2668 1185 2696; x_wconf 91' lang='grc' dir='ltr'><strong>Λ</strong></span> 
     </span>
    </p>
   </div>
   <div class='ocr_carea' id='block_1_8' title="bbox 118 2713 1136 3134">
    <p class='ocr_par' dir='ltr' id='par_1_8' title="bbox 118 2713 1136 2887">
     <span class='ocr_line' id='line_1_45' title="bbox 120 2713 1136 2765; baseline 0.003 -13"><span class='ocrx_word' id='word_1_337' title='bbox 120 2717 148 2752; x_wconf 89' lang='grc' dir='ltr'>εἷ</span> <span class='ocrx_word' id='word_1_338' title='bbox 179 2729 238 2752; x_wconf 88' lang='grc' dir='ltr'>και</span> <span class='ocrx_word' id='word_1_339' title='bbox 266 2715 365 2759; x_wconf 78' lang='grc' dir='ltr'>δῆλος</span> <span class='ocrx_word' id='word_1_340' title='bbox 398 2716 452 2759; x_wconf 83' lang='grc' dir='ltr'>ἠν,</span> <span class='ocrx_word' id='word_1_341' title='bbox 472 2713 650 2756; x_wconf 86' lang='grc' dir='ltr'>Ιουδαίοις</span> <span class='ocrx_word' id='word_1_342' title='bbox 683 2714 817 2765; x_wconf 88' lang='grc' dir='ltr'>μόνοις,</span> <span class='ocrx_word' id='word_1_343' title='bbox 833 2716 893 2754; x_wconf 86' lang='grc' dir='ltr'>καὶ</span> <span class='ocrx_word' id='word_1_344' title='bbox 913 2716 988 2755; x_wconf 78' lang='grc' dir='ltr'>οὐδὲ</span> <span class='ocrx_word' id='word_1_345' title='bbox 1004 2717 1136 2761; x_wconf 83' lang='grc' dir='ltr'>τούτοις</span> 
     </span>
     <span class='ocr_line' id='line_1_46' title="bbox 118 2772 1136 2829; baseline 0.004 -17"><span class='ocrx_word' id='word_1_346' title='bbox 118 2790 236 2822; x_wconf 85' lang='grc' dir='ltr'>πασιν,</span> <span class='ocrx_word' id='word_1_347' title='bbox 255 2776 301 2817; x_wconf 86' lang='grc' dir='ltr'>ὡς</span> <span class='ocrx_word' id='word_1_348' title='bbox 322 2773 409 2812; x_wconf 78' lang='grc' dir='ltr'>ἔδει·</span> <span class='ocrx_word' id='word_1_349' title='bbox 430 2772 507 2811; x_wconf 88' lang='grc' dir='ltr'>οὔτε</span> <span class='ocrx_word' id='word_1_350' title='bbox 525 2773 592 2826; x_wconf 84' lang='grc' dir='ltr'>γὰρ</span> <span class='ocrx_word' id='word_1_351' title='bbox 612 2774 757 2828; x_wconf 83' lang='grc' dir='ltr'>Πατέρα</span> <span class='ocrx_word' id='word_1_352' title='bbox 775 2776 875 2815; x_wconf 80' lang='grc' dir='ltr'>αὐτὸν</span> <span class='ocrx_word' id='word_1_353' title='bbox 896 2777 979 2815; x_wconf 82' lang='grc' dir='ltr'>ὄντα</span> <span class='ocrx_word' id='word_1_354' title='bbox 994 2777 1136 2829; x_wconf 79' lang='grc' dir='ltr'>ᾔδεσαν,</span> 
     </span>
     <span class='ocr_line' id='line_1_47' title="bbox 118 2827 1135 2887; baseline 0.005 -16"><span class='ocrx_word' id='word_1_355' title='bbox 118 2849 177 2871; x_wconf 87' lang='grc' dir='ltr'>και</span> <span class='ocrx_word' id='word_1_356' title='bbox 191 2833 338 2871; x_wconf 79' lang='grc' dir='ltr'>πολλὰ’</span> <span class='ocrx_word' id='word_1_357' title='bbox 319 2827 440 2878; x_wconf 77' lang='grc' dir='ltr'>ανάξια</span> <span class='ocrx_word' id='word_1_358' title='bbox 454 2837 556 2872; x_wconf 80' lang='grc' dir='ltr'>αὐτοῦ</span> <span class='ocrx_word' id='word_1_359' title='bbox 567 2834 645 2872; x_wconf 86' lang='grc' dir='ltr'>τότε</span> <span class='ocrx_word' id='word_1_360' title='bbox 657 2835 906 2887; x_wconf 78' lang='grc' dir='ltr'>ἐφαντάζοντο·</span> <span class='ocrx_word' id='word_1_361' title='bbox 925 2838 976 2876; x_wconf 88' lang='grc' dir='ltr'>διὸ</span> <span class='ocrx_word' id='word_1_362' title='bbox 988 2853 1046 2875; x_wconf 91' lang='grc' dir='ltr'>και</span> <span class='ocrx_word' id='word_1_363' title='bbox 1062 2838 1135 2876; x_wconf 80' lang='grc' dir='ltr'>ἔλε-</span> 
     </span>
    </p>

    <p class='ocr_par' dir='ltr' id='par_1_9' title="bbox 118 2894 1131 2969">
     <span class='ocr_line' id='line_1_48' title="bbox 118 2894 1131 2969; baseline 0.006 -38"><span class='ocrx_word' id='word_1_364' title='bbox 118 2910 175 2944; x_wconf 84' lang='grc' dir='ltr'>γεν</span> <span class='ocrx_word' id='word_1_365' title='bbox 195 2898 212 2932; x_wconf 88' lang='grc' dir='ltr'>ὁ</span> <span class='ocrx_word' id='word_1_366' title='bbox 219 2894 438 2969; x_wconf 49' lang='grc' dir='ltr'>ϋϋΧριστὸς,</span> <span class='ocrx_word' id='word_1_367' title='bbox 417 2911 468 2933; x_wconf 90' lang='grc' dir='ltr'>οτι</span> <span class='ocrx_word' id='word_1_368' title='bbox 484 2895 622 2942; x_wconf 83' lang='grc' dir='ltr'>ἥξουσιν</span> <span class='ocrx_word' id='word_1_369' title='bbox 641 2913 672 2935; x_wconf 91' lang='grc' dir='ltr'>οι</span> <span class='ocrx_word' id='word_1_370' title='bbox 696 2897 852 2943; x_wconf 85' lang='grc' dir='ltr'>ἀληθινοὶ</span> <span class='ocrx_word' id='word_1_371' title='bbox 873 2899 1131 2952; x_wconf 86' lang='grc' dir='ltr'>προσκυνηταί·</span> 
     </span>
    </p>

    <p class='ocr_par' dir='ltr' id='par_1_10' title="bbox 118 2953 1134 3134">
     <span class='ocr_line' id='line_1_49' title="bbox 118 2953 1134 3011; baseline 0.008 -21"><span class='ocrx_word' id='word_1_372' title='bbox 118 2954 198 3001; x_wconf 84' lang='grc' dir='ltr'>καὶ,</span> <span class='ocrx_word' id='word_1_373' title='bbox 215 2953 266 2991; x_wconf 91' lang='grc' dir='ltr'>οτι</span> <span class='ocrx_word' id='word_1_374' title='bbox 280 2954 324 2993; x_wconf 93' lang='grc' dir='ltr'>Ο</span> <span class='ocrx_word' id='word_1_375' title='bbox 340 2954 465 3007; x_wconf 83' lang='grc' dir='ltr'>Πατὴρ</span> <span class='ocrx_word' id='word_1_376' title='bbox 480 2956 757 3003; x_wconf 84' lang='grc' dir='ltr'>τοιούτουςζητεῖ</span> <span class='ocrx_word' id='word_1_377' title='bbox 768 2957 844 3002; x_wconf 92' lang='grc' dir='ltr'>τους</span> <span class='ocrx_word' id='word_1_378' title='bbox 857 2964 1134 3011; x_wconf 86' lang='grc' dir='ltr'>προσκυνοῦντας</span> 
     </span>
     <span class='ocr_line' id='line_1_50' title="bbox 118 3013 1134 3073; baseline 0.009 -22"><span class='ocrx_word' id='word_1_379' title='bbox 118 3014 230 3052; x_wconf 89' lang='grc' dir='ltr'>αυτόν.</span> <span class='ocrx_word' id='word_1_380' title='bbox 243 3013 451 3066; x_wconf 57' lang='grc' dir='ltr'>Ὕστερον</span> <span class='ocrx_word' id='word_1_381' title='bbox 433 3015 468 3053; x_wconf 78' lang='grc' dir='ltr'>οὲ</span> <span class='ocrx_word' id='word_1_382' title='bbox 484 3032 544 3054; x_wconf 91' lang='grc' dir='ltr'>και</span> <span class='ocrx_word' id='word_1_383' title='bbox 565 3018 666 3062; x_wconf 80' lang='grc' dir='ltr'>αὐτὸς</span> <span class='ocrx_word' id='word_1_384' title='bbox 685 3018 774 3069; x_wconf 88' lang='grc' dir='ltr'>μετὰ</span> <span class='ocrx_word' id='word_1_385' title='bbox 787 3023 846 3058; x_wconf 91' lang='grc' dir='ltr'>τοῦ</span> <span class='ocrx_word' id='word_1_386' title='bbox 866 3021 908 3057; x_wconf 68' lang='lat'>1¹⁶</span> <span class='ocrx_word' id='word_1_387' title='bbox 901 3024 950 3058; x_wconf 88' lang='grc' dir='ltr'>ιοῦ</span> <span class='ocrx_word' id='word_1_388' title='bbox 969 3021 1134 3073; x_wconf 52' lang='grc' dir='ltr'>Βὲξεφάν-</span> 
     </span>
     <span class='ocr_line' id='line_1_51' title="bbox 119 3075 1133 3134; baseline 0.009 -23"><span class='ocrx_word' id='word_1_389' title='bbox 119 3078 160 3120; x_wconf 86' lang='lat' dir='ltr'>Or</span> <span class='ocrx_word' id='word_1_390' title='bbox 175 3077 218 3126; x_wconf 80' lang='grc' dir='ltr'>τῇ</span> <span class='ocrx_word' id='word_1_391' title='bbox 253 3075 435 3127; x_wconf 84' lang='grc' dir='ltr'>οἰκουμένη</span> <span class='ocrx_word' id='word_1_392' title='bbox 456 3076 569 3129; x_wconf 82' lang='grc' dir='ltr'>πάσῃ·</span> <span class='ocrx_word' id='word_1_393' title='bbox 597 3077 683 3131; x_wconf 78' lang='grc' dir='ltr'>ὅπερ</span> <span class='ocrx_word' id='word_1_394' title='bbox 705 3083 762 3117; x_wconf 86' lang='grc' dir='ltr'>οὐν</span> <span class='ocrx_word' id='word_1_395' title='bbox 795 3080 854 3118; x_wconf 85' lang='grc' dir='ltr'>καὶ</span> <span class='ocrx_word' id='word_1_396' title='bbox 873 3084 1133 3134; x_wconf 75' lang='grc' dir='ltr'>προαναφωνῶν</span> 
     </span>
    </p>
   </div>
   <div class='ocr_carea' id='block_1_9' title="bbox 118 3135 457 3186">
    <p class='ocr_par' dir='ltr' id='par_1_11' title="bbox 118 3135 457 3186">
     <span class='ocr_line' id='line_1_52' title="bbox 118 3135 457 3186; baseline -0.003 -11.991"><span class='ocrx_word' id='word_1_397' title='bbox 118 3135 232 3185; x_wconf 77' lang='grc' dir='ltr'>ἔλεγεν</span> <span class='ocrx_word' id='word_1_398' title='bbox 253 3138 270 3172; x_wconf 82' lang='grc' dir='ltr'>ὁ</span> <span class='ocrx_word' id='word_1_399' title='bbox 288 3136 457 3186; x_wconf 86' lang='grc' dir='ltr'>Χριστός·</span> 
     </span>
    </p>
   </div>
   <div class='ocr_carea' id='block_1_10' title="bbox 119 3137 1133 3260">
    <p class='ocr_par' dir='ltr' id='par_1_12' title="bbox 119 3137 1133 3260">
     <span class='ocr_line' id='line_1_53' title="bbox 482 3137 1133 3192; baseline 0.011 -18.172"><span class='ocrx_word' id='word_1_400' title='bbox 482 3137 557 3175; x_wconf 88' lang='grc' dir='ltr'>Ἵνα</span> <span class='ocrx_word' id='word_1_401' title='bbox 576 3139 774 3189; x_wconf 84' lang='grc' dir='ltr'>γινώσκωσί</span> <span class='ocrx_word' id='word_1_402' title='bbox 789 3156 827 3178; x_wconf 92' lang='grc' dir='ltr'>σε</span> <span class='ocrx_word' id='word_1_403' title='bbox 845 3141 903 3179; x_wconf 85' lang='grc' dir='ltr'>τὸν</span> <span class='ocrx_word' id='word_1_404' title='bbox 923 3142 1025 3192; x_wconf 65' lang='grc' dir='ltr'>μόνον</span> <span class='ocrx_word' id='word_1_405' title='bbox 1043 3145 1133 3190; x_wconf 87' lang='grc' dir='ltr'>ἀλη-</span> 
     </span>
     <span class='ocr_line' id='line_1_54' title="bbox 119 3203 1133 3260; baseline 0.006 -20"><span class='ocrx_word' id='word_1_406' title='bbox 119 3203 208 3240; x_wconf 80' lang='grc' dir='ltr'>θινὸν</span> <span class='ocrx_word' id='word_1_407' title='bbox 223 3203 325 3250; x_wconf 85' lang='grc' dir='ltr'>Θεὸν,</span> <span class='ocrx_word' id='word_1_408' title='bbox 342 3203 400 3239; x_wconf 83' lang='grc' dir='ltr'>καὶ</span> <span class='ocrx_word' id='word_1_409' title='bbox 414 3203 448 3241; x_wconf 79' lang='grc' dir='ltr'>ὃν</span> <span class='ocrx_word' id='word_1_410' title='bbox 465 3203 671 3249; x_wconf 82' lang='grc' dir='ltr'>ἀπέστειλας</span> <span class='ocrx_word' id='word_1_411' title='bbox 687 3206 822 3253; x_wconf 87' lang='grc' dir='ltr'>Ἰησοῦν</span> <span class='ocrx_word' id='word_1_412' title='bbox 838 3208 1002 3259; x_wconf 88' lang='grc' dir='ltr'>Χριστόν.</span> <span class='ocrx_word' id='word_1_413' title='bbox 1019 3210 1133 3260; x_wconf 83' lang='grc' dir='ltr'>Εὔαγ-</span> 
     </span>
    </p>
   </div>
   <div class='ocr_carea' id='block_1_11' title="bbox 119 3269 1134 3329">
    <p class='ocr_par' dir='ltr' id='par_1_13' title="bbox 119 3269 1134 3329">
     <span class='ocr_line' id='line_1_55' title="bbox 119 3269 1134 3329; baseline 0.008 -23"><span class='ocrx_word' id='word_1_414' title='bbox 119 3270 229 3319; x_wconf 81' lang='grc' dir='ltr'>γέλιον</span> <span class='ocrx_word' id='word_1_415' title='bbox 251 3269 286 3307; x_wconf 77' lang='grc' dir='ltr'>δὲ</span> <span class='ocrx_word' id='word_1_416' title='bbox 316 3270 406 3308; x_wconf 85' lang='grc' dir='ltr'>Θεοῦ</span> <span class='ocrx_word' id='word_1_417' title='bbox 434 3271 553 3319; x_wconf 89' lang='grc' dir='ltr'>καλεῖ,</span> <span class='ocrx_word' id='word_1_418' title='bbox 574 3272 643 3310; x_wconf 88' lang='grc' dir='ltr'>ἀπὸ</span> <span class='ocrx_word' id='word_1_419' title='bbox 663 3275 730 3310; x_wconf 86' lang='grc' dir='ltr'>τῶν</span> <span class='ocrx_word' id='word_1_420' title='bbox 751 3273 944 3325; x_wconf 85' lang='grc' dir='ltr'>προοιμίων</span> <span class='ocrx_word' id='word_1_421' title='bbox 982 3276 1134 3329; x_wconf 82' lang='grc' dir='ltr'>ἀνορθῶν</span> 
     </span>
    </p>
   </div>
   <div class='ocr_carea' id='block_1_12' title="bbox 165 3379 923 3481">
    <p class='ocr_par' dir='ltr' id='par_1_14' title="bbox 165 3379 923 3481">
     <span class='ocr_line' id='line_1_56' title="bbox 165 3379 711 3429; baseline 0.011 -18"><span class='ocrx_word' id='word_1_422' title='bbox 165 3392 177 3405; x_wconf 75' lang='lat' dir='ltr'><strong>e</strong></span> <span class='ocrx_word' id='word_1_423' title='bbox 200 3379 305 3412; x_wconf 84' lang='lat' dir='ltr'><strong>Iidem</strong></span> <span class='ocrx_word' id='word_1_424' title='bbox 320 3380 367 3421; x_wconf 79' lang='lat' dir='ltr'><strong>[et</strong></span> <span class='ocrx_word' id='word_1_425' title='bbox 381 3381 433 3422; x_wconf 81' lang='grc' dir='ltr'>Α.]</span> <span class='ocrx_word' id='word_1_426' title='bbox 448 3386 582 3427; x_wconf 76' lang='grc' dir='ltr'>καθάπερ</span> <span class='ocrx_word' id='word_1_427' title='bbox 599 3389 656 3429; x_wconf 77' lang='grc' dir='ltr'>γὰρ</span> <span class='ocrx_word' id='word_1_428' title='bbox 671 3389 711 3417; x_wconf 79' lang='grc' dir='ltr'>ἐν.</span> 
     </span>
     <span class='ocr_line' id='line_1_57' title="bbox 166 3434 923 3481; baseline 0.005 -15"><span class='ocrx_word' id='word_1_429' title='bbox 166 3434 181 3456; x_wconf 64' lang='lat' dir='ltr'><strong>d</strong></span> <span class='ocrx_word' id='word_1_430' title='bbox 207 3434 395 3475; x_wconf 68' lang='grc' dir='ltr'>[εὐαγγέλιον</span> <span class='ocrx_word' id='word_1_431' title='bbox 411 3436 441 3467; x_wconf 81' lang='grc' dir='ltr'>δὲ</span> <span class='ocrx_word' id='word_1_432' title='bbox 458 3438 522 3467; x_wconf 73' lang='grc' dir='ltr'>θεοῦ</span> <span class='ocrx_word' id='word_1_433' title='bbox 538 3439 568 3468; x_wconf 69' lang='grc' dir='ltr'>οὐ</span> <span class='ocrx_word' id='word_1_434' title='bbox 582 3436 619 3467; x_wconf 88' lang='grc' dir='ltr'>Α.</span> <span class='ocrx_word' id='word_1_435' title='bbox 635 3443 667 3467; x_wconf 80' lang='lat' dir='ltr'>et</span> <span class='ocrx_word' id='word_1_436' title='bbox 683 3447 787 3480; x_wconf 82' lang='lat' dir='ltr'><strong>marg.</strong></span> <span class='ocrx_word' id='word_1_437' title='bbox 806 3437 923 3481; x_wconf 68' lang='lat' dir='ltr'><strong>Savil]</strong></span> 
     </span>
    </p>
   </div>
   <div class='ocr_carea' id='block_1_13' title="bbox 1205 258 2391 3314">
    <p class='ocr_par' dir='ltr' id='par_1_15' title="bbox 1206 258 2189 406">
     <span class='ocr_line' id='line_1_58' title="bbox 1299 258 2182 321; baseline -0.001 -17"><span class='ocrx_word' id='word_1_438' title='bbox 1299 274 1453 306; x_wconf 69' lang='lat' dir='ltr'><strong>nomm.</strong></span> <span class='ocrx_word' id='word_1_439' title='bbox 1493 276 1523 304; x_wconf 84' lang='lat'>1.</span> <span class='ocrx_word' id='word_1_440' title='bbox 2092 258 2182 321; x_wconf 72' lang='lat'>467</span> 
     </span>
     <span class='ocr_line' id='line_1_59' title="bbox 1206 353 2189 406; baseline -0.005 -11"><span class='ocrx_word' id='word_1_441' title='bbox 1206 365 1285 395; x_wconf 84' lang='lat' dir='ltr'><strong>stos</strong></span> <span class='ocrx_word' id='word_1_442' title='bbox 1302 370 1415 405; x_wconf 81' lang='lat' dir='ltr'><strong>meos,</strong></span> <span class='ocrx_word' id='word_1_443' title='bbox 1433 364 1469 394; x_wconf 84' lang='lat' dir='ltr'>et</span> <span class='ocrx_word' id='word_1_444' title='bbox 1486 358 1525 392; x_wconf 82' lang='lat' dir='ltr'>in</span> <span class='ocrx_word' id='word_1_445' title='bbox 1537 354 1733 406; x_wconf 77' lang='lat' dir='ltr'><strong>prophetis</strong></span> <span class='ocrx_word' id='word_1_446' title='bbox 1751 355 1843 391; x_wconf 84' lang='lat' dir='ltr'><strong>meis</strong></span> <span class='ocrx_word' id='word_1_447' title='bbox 1861 353 1979 390; x_wconf 82' lang='lat' dir='ltr'><strong>nolite</strong></span> <span class='ocrx_word' id='word_1_448' title='bbox 1996 354 2189 405; x_wconf 84' lang='lat' dir='ltr'><strong>maligna-</strong></span> 
     </span>
    </p>

    <p class='ocr_par' dir='ltr' id='par_1_16' title="bbox 1205 413 2190 590">
     <span class='ocr_line' id='line_1_60' title="bbox 1206 413 2190 465; baseline -0.006 -9"><span class='ocrx_word' id='word_1_449' title='bbox 1206 419 1251 456; x_wconf 83' lang='lat' dir='ltr'><strong>ri.</strong></span> <span class='ocrx_word' id='word_1_450' title='bbox 1271 419 1374 456; x_wconf 86' lang='lat' dir='ltr'><strong>Tunc</strong></span> <span class='ocrx_word' id='word_1_451' title='bbox 1393 416 1486 454; x_wconf 90' lang='lat' dir='ltr'><strong>enim</strong></span> <span class='ocrx_word' id='word_1_452' title='bbox 1507 415 1628 453; x_wconf 89' lang='lat' dir='ltr'><strong>nullus</strong></span> <span class='ocrx_word' id='word_1_453' title='bbox 1650 423 1725 452; x_wconf 85' lang='lat' dir='ltr'><strong>erat</strong></span> <span class='ocrx_word' id='word_1_454' title='bbox 1744 413 1790 451; x_wconf 88' lang='lat' dir='ltr'>ad</span> <span class='ocrx_word' id='word_1_455' title='bbox 1809 414 2013 452; x_wconf 88' lang='lat' dir='ltr'><strong>unctiouem</strong></span> <span class='ocrx_word' id='word_1_456' title='bbox 2033 414 2102 451; x_wconf 92' lang='lat' dir='ltr'><strong>olei</strong></span> <span class='ocrx_word' id='word_1_457' title='bbox 2122 428 2190 465; x_wconf 86' lang='lat' dir='ltr'>ap-</span> 
     </span>
     <span class='ocr_line' id='line_1_61' title="bbox 1205 474 2189 530; baseline -0.004 -15"><span class='ocrx_word' id='word_1_458' title='bbox 1205 487 1361 530; x_wconf 85' lang='lat' dir='ltr'><strong>paratus.</strong></span> <span class='ocrx_word' id='word_1_459' title='bbox 1386 478 1552 515; x_wconf 83' lang='lat' dir='ltr'><strong>Vocatus</strong></span> <span class='ocrx_word' id='word_1_460' title='bbox 1572 475 1782 528; x_wconf 83' lang='lat' dir='ltr'><strong>apostolus.</strong></span> <span class='ocrx_word' id='word_1_461' title='bbox 1804 474 1950 525; x_wconf 87' lang='lat' dir='ltr'>Ubique</span> <span class='ocrx_word' id='word_1_462' title='bbox 1970 489 2007 512; x_wconf 92' lang='lat' dir='ltr'>se</span> <span class='ocrx_word' id='word_1_463' title='bbox 2023 483 2189 513; x_wconf 82' lang='lat' dir='ltr'><strong>vocatum</strong></span> 
     </span>
     <span class='ocr_line' id='line_1_62' title="bbox 1206 534 2190 590; baseline -0.004 -15"><span class='ocrx_word' id='word_1_464' title='bbox 1206 538 1373 590; x_wconf 82' lang='lat' dir='ltr'><strong>appellat,</strong></span> <span class='ocrx_word' id='word_1_465' title='bbox 1403 546 1543 588; x_wconf 84' lang='lat' dir='ltr'><strong>gratum</strong></span> <span class='ocrx_word' id='word_1_466' title='bbox 1570 536 1728 574; x_wconf 83' lang='lat' dir='ltr'><strong>animum</strong></span> <span class='ocrx_word' id='word_1_467' title='bbox 1749 535 1935 582; x_wconf 75' lang='lat' dir='ltr'>exhibens,</span> <span class='ocrx_word' id='word_1_468' title='bbox 1962 534 2190 585; x_wconf 82' lang='lat' dir='ltr'>indicansque</span> 
     </span>
    </p>

    <p class='ocr_par' dir='ltr' id='par_1_17' title="bbox 1205 596 2390 2835">
     <span class='ocr_line' id='line_1_63' title="bbox 1207 596 2192 649; baseline -0.003 -13"><span class='ocrx_word' id='word_1_469' title='bbox 1207 612 1243 636; x_wconf 88' lang='lat' dir='ltr'>se</span> <span class='ocrx_word' id='word_1_470' title='bbox 1261 613 1330 636; x_wconf 92' lang='lat' dir='ltr'>non</span> <span class='ocrx_word' id='word_1_471' title='bbox 1351 607 1563 649; x_wconf 83' lang='lat' dir='ltr'><strong>quaerentem</strong></span> <span class='ocrx_word' id='word_1_472' title='bbox 1583 597 1770 645; x_wconf 69' lang='lat' dir='ltr'><strong>invenisse,</strong></span> <span class='ocrx_word' id='word_1_473' title='bbox 1798 596 1860 635; x_wconf 90' lang='lat' dir='ltr'>sed</span> <span class='ocrx_word' id='word_1_474' title='bbox 1876 606 2043 634; x_wconf 77' lang='lat' dir='ltr'><strong>vocatum</strong></span> <span class='ocrx_word' id='word_1_475' title='bbox 2066 596 2192 634; x_wconf 85' lang='lat' dir='ltr'><strong>obedi-</strong></span> 
     </span>
     <span class='ocr_line' id='line_1_64' title="bbox 1206 658 2269 710; baseline -0.002 -14"><span class='ocrx_word' id='word_1_476' title='bbox 1206 659 1310 697; x_wconf 84' lang='lat' dir='ltr'><strong>visse.</strong></span> <span class='ocrx_word' id='word_1_477' title='bbox 1331 659 1470 696; x_wconf 85' lang='lat' dir='ltr'><strong>Fideles</strong></span> <span class='ocrx_word' id='word_1_478' title='bbox 1489 672 1573 697; x_wconf 54' lang='grc' dir='ltr'>γει-ο</span> <span class='ocrx_word' id='word_1_479' title='bbox 1588 658 1638 695; x_wconf 89' lang='lat' dir='ltr'>sic</span> <span class='ocrx_word' id='word_1_480' title='bbox 1652 658 1826 709; x_wconf 82' lang='lat' dir='ltr'><strong>appellat,</strong></span> <span class='ocrx_word' id='word_1_481' title='bbox 1843 666 2003 695; x_wconf 82' lang='lat' dir='ltr'><strong>vocatos</strong></span> <span class='ocrx_word' id='word_1_482' title='bbox 2023 665 2188 695; x_wconf 79' lang='lat' dir='ltr'><strong>sanctos.</strong></span> <span class='ocrx_word' id='word_1_483' title='bbox 2206 685 2232 701; x_wconf 86' lang='lat' dir='ltr'>v.</span> <span class='ocrx_word' id='word_1_484' title='bbox 2254 683 2269 710; x_wconf 89' lang='lat'>7</span> 
     </span>
     <span class='ocr_line' id='line_1_65' title="bbox 1207 716 2190 769; baseline -0.002 -14"><span class='ocrx_word' id='word_1_485' title='bbox 1207 718 1265 755; x_wconf 91' lang='lat' dir='ltr'><strong>Illi</strong></span> <span class='ocrx_word' id='word_1_486' title='bbox 1281 733 1433 769; x_wconf 89' lang='lat' dir='ltr'><strong>namque</strong></span> <span class='ocrx_word' id='word_1_487' title='bbox 1445 718 1491 756; x_wconf 89' lang='lat' dir='ltr'>ad</span> <span class='ocrx_word' id='word_1_488' title='bbox 1510 717 1617 755; x_wconf 84' lang='lat' dir='ltr'><strong>fidem</strong></span> <span class='ocrx_word' id='word_1_489' title='bbox 1633 718 1748 756; x_wconf 78' lang='lat' dir='ltr'><strong>vocati</strong></span> <span class='ocrx_word' id='word_1_490' title='bbox 1765 727 1846 755; x_wconf 90' lang='lat' dir='ltr'><strong>sunt</strong></span> <span class='ocrx_word' id='word_1_491' title='bbox 1860 733 1872 767; x_wconf 75' lang='lat'><em>3</em></span> <span class='ocrx_word' id='word_1_492' title='bbox 1889 718 1974 755; x_wconf 85' lang='lat' dir='ltr'><strong>huic</strong></span> <span class='ocrx_word' id='word_1_493' title='bbox 1988 731 2072 757; x_wconf 77' lang='lat' dir='ltr'><strong>vero</strong></span> <span class='ocrx_word' id='word_1_494' title='bbox 2089 716 2190 754; x_wconf 83' lang='lat' dir='ltr'><strong>aliud</strong></span> 
     </span>
     <span class='ocr_line' id='line_1_66' title="bbox 1208 776 2190 829; baseline -0.003 -13"><span class='ocrx_word' id='word_1_495' title='bbox 1208 779 1464 826; x_wconf 78' lang='lat' dir='ltr'><strong>concreditum,</strong></span> <span class='ocrx_word' id='word_1_496' title='bbox 1497 778 1712 829; x_wconf 79' lang='lat' dir='ltr'><strong>apostolatus</strong></span> <span class='ocrx_word' id='word_1_497' title='bbox 1740 790 1879 828; x_wconf 82' lang='lat' dir='ltr'><strong>nempe,</strong></span> <span class='ocrx_word' id='word_1_498' title='bbox 1911 791 1966 814; x_wconf 82' lang='lat' dir='ltr'>res</span> <span class='ocrx_word' id='word_1_499' title='bbox 1996 776 2190 814; x_wconf 78' lang='lat' dir='ltr'><strong>innumeris</strong></span> 
     </span>
     <span class='ocr_line' id='line_1_67' title="bbox 1206 837 2189 890; baseline -0.001 -14"><span class='ocrx_word' id='word_1_500' title='bbox 1206 839 1311 890; x_wconf 84' lang='lat' dir='ltr'><strong>plena</strong></span> <span class='ocrx_word' id='word_1_501' title='bbox 1324 840 1439 887; x_wconf 88' lang='lat' dir='ltr'><strong>bonis,</strong></span> <span class='ocrx_word' id='word_1_502' title='bbox 1456 838 1549 876; x_wconf 83' lang='lat' dir='ltr'><strong>dona</strong></span> <span class='ocrx_word' id='word_1_503' title='bbox 1568 838 1685 876; x_wconf 84' lang='lat' dir='ltr'><strong>omnia</strong></span> <span class='ocrx_word' id='word_1_504' title='bbox 1705 852 1873 889; x_wconf 86' lang='lat' dir='ltr'><strong>superans</strong></span> <span class='ocrx_word' id='word_1_505' title='bbox 1888 837 2021 888; x_wconf 85' lang='lat' dir='ltr'><strong>illaque</strong></span> <span class='ocrx_word' id='word_1_506' title='bbox 2036 838 2189 890; x_wconf 88' lang='lat' dir='ltr'><strong>complc-</strong></span> 
     </span>
     <span class='ocr_line' id='line_1_68' title="bbox 1205 897 2188 949; baseline -0.001 -13"><span class='ocrx_word' id='word_1_507' title='bbox 1205 908 1312 936; x_wconf 87' lang='lat' dir='ltr'><strong>ctens.</strong></span> <span class='ocrx_word' id='word_1_508' title='bbox 1333 898 1473 949; x_wconf 84' lang='lat' dir='ltr'><strong>Ecquid</strong></span> <span class='ocrx_word' id='word_1_509' title='bbox 1496 908 1547 936; x_wconf 86' lang='lat' dir='ltr'>est</span> <span class='ocrx_word' id='word_1_510' title='bbox 1568 897 1661 935; x_wconf 79' lang='lat' dir='ltr'><strong>ultra</strong></span> <span class='ocrx_word' id='word_1_511' title='bbox 1681 897 1892 946; x_wconf 74' lang='lat' dir='ltr'><strong>dicendum,</strong></span> <span class='ocrx_word' id='word_1_512' title='bbox 1918 898 1985 935; x_wconf 86' lang='lat' dir='ltr'><strong>nisi</strong></span> <span class='ocrx_word' id='word_1_513' title='bbox 2011 898 2108 948; x_wconf 86' lang='lat' dir='ltr'><strong>quod</strong></span> <span class='ocrx_word' id='word_1_514' title='bbox 2136 912 2188 943; x_wconf 80' lang='lat' dir='ltr'>ca,</span> 
     </span>
     <span class='ocr_line' id='line_1_69' title="bbox 1206 957 2192 1008; baseline 0.001 -14"><span class='ocrx_word' id='word_1_515' title='bbox 1206 972 1284 1008; x_wconf 77' lang='lat' dir='ltr'><strong>quae</strong></span> <span class='ocrx_word' id='word_1_516' title='bbox 1305 959 1467 996; x_wconf 84' lang='lat' dir='ltr'><strong>Christus</strong></span> <span class='ocrx_word' id='word_1_517' title='bbox 1487 958 1631 996; x_wconf 75' lang='lat' dir='ltr'><strong>veniens</strong></span> <span class='ocrx_word' id='word_1_518' title='bbox 1654 957 1749 1005; x_wconf 82' lang='lat' dir='ltr'><strong>fecit,</strong></span> <span class='ocrx_word' id='word_1_519' title='bbox 1773 957 1974 1008; x_wconf 79' lang='lat' dir='ltr'><strong>demigrans</strong></span> <span class='ocrx_word' id='word_1_520' title='bbox 2000 958 2072 996; x_wconf 87' lang='lat' dir='ltr'><strong>illis</strong></span> <span class='ocrx_word' id='word_1_521' title='bbox 2098 972 2192 995; x_wconf 90' lang='lat' dir='ltr'><strong>com-</strong></span> 
     </span>
     <span class='ocr_line' id='line_1_70' title="bbox 1207 1017 2191 1070; baseline 0.001 -16"><span class='ocrx_word' id='word_1_522' title='bbox 1207 1018 1306 1055; x_wconf 85' lang='lat' dir='ltr'><strong>misit</strong></span> <span class='ocrx_word' id='word_1_523' title='bbox 1324 1019 1341 1055; x_wconf 78' lang='lat'>?</span> <span class='ocrx_word' id='word_1_524' title='bbox 1362 1018 1404 1056; x_wconf 89' lang='lat' dir='ltr'><strong>Id</strong></span> <span class='ocrx_word' id='word_1_525' title='bbox 1423 1027 1474 1055; x_wconf 90' lang='lat' dir='ltr'>est</span> <span class='ocrx_word' id='word_1_526' title='bbox 1493 1017 1590 1068; x_wconf 86' lang='lat' dir='ltr'><strong>quod</strong></span> <span class='ocrx_word' id='word_1_527' title='bbox 1605 1018 1710 1055; x_wconf 83' lang='lat' dir='ltr'><strong>etiam</strong></span> <span class='ocrx_word' id='word_1_528' title='bbox 1729 1018 1862 1055; x_wconf 88' lang='lat' dir='ltr'><strong>Paulus</strong></span> <span class='ocrx_word' id='word_1_529' title='bbox 1882 1019 2037 1055; x_wconf 87' lang='lat' dir='ltr'><strong>clamans</strong></span> <span class='ocrx_word' id='word_1_530' title='bbox 2053 1027 2085 1055; x_wconf 91' lang='lat' dir='ltr'>et</span> <span class='ocrx_word' id='word_1_531' title='bbox 2101 1032 2191 1070; x_wconf 85' lang='lat' dir='ltr'><strong>apo-</strong></span> 
     </span>
     <span class='ocr_line' id='line_1_71' title="bbox 1207 1078 2370 1130; baseline -0.001 -14"><span class='ocrx_word' id='word_1_532' title='bbox 1207 1079 1381 1116; x_wconf 84' lang='lat' dir='ltr'><strong>stolorum</strong></span> <span class='ocrx_word' id='word_1_533' title='bbox 1395 1078 1604 1130; x_wconf 83' lang='lat' dir='ltr'><strong>dignitatem</strong></span> <span class='ocrx_word' id='word_1_534' title='bbox 1616 1078 1787 1116; x_wconf 74' lang='lat' dir='ltr'><strong>extollens</strong></span> <span class='ocrx_word' id='word_1_535' title='bbox 1804 1078 1892 1115; x_wconf 72' lang='lat' dir='ltr'><strong>dicit</strong></span> <span class='ocrx_word' id='word_1_536' title='bbox 1913 1094 1920 1114; x_wconf 92' lang='lat'>:</span> <span class='ocrx_word' id='word_1_537' title='bbox 1941 1080 2020 1116; x_wconf 85' lang='lat' dir='ltr'><strong>Pro</strong></span> <span class='ocrx_word' id='word_1_538' title='bbox 2038 1080 2190 1117; x_wconf 77' lang='lat' dir='ltr'><strong>Christo</strong></span> <span class='ocrx_word' id='word_1_539' title='bbox 2210 1094 2237 1113; x_wconf 83' lang='lat'>2.</span> <span class='ocrx_word' id='word_1_540' title='bbox 2253 1087 2321 1115; x_wconf 69' lang='lat' dir='ltr'>For.</span> <span class='ocrx_word' id='word_1_541' title='bbox 2340 1085 2370 1115; x_wconf 84' lang='lat'>5.</span> 
     </span>
     <span class='ocr_line' id='line_1_72' title="bbox 1210 1200 2193 1252; baseline 0.001 -14"><span class='ocrx_word' id='word_1_542' title='bbox 1210 1215 1278 1238; x_wconf 85' lang='lat' dir='ltr'>nos</span> <span class='ocrx_word' id='word_1_543' title='bbox 1298 1217 1313 1246; x_wconf 80' lang='lat'>,·</span> <span class='ocrx_word' id='word_1_544' title='bbox 1336 1201 1373 1238; x_wconf 89' lang='lat' dir='ltr'>id</span> <span class='ocrx_word' id='word_1_545' title='bbox 1392 1210 1456 1251; x_wconf 86' lang='lat' dir='ltr'><strong>est,</strong></span> <span class='ocrx_word' id='word_1_546' title='bbox 1475 1201 1553 1240; x_wconf 84' lang='lat' dir='ltr'><strong>vice</strong></span> <span class='ocrx_word' id='word_1_547' title='bbox 1566 1200 1714 1239; x_wconf 80' lang='lat' dir='ltr'><strong>Christi.</strong></span> <span class='ocrx_word' id='word_1_548' title='bbox 1734 1201 1806 1238; x_wconf 66' lang='lat' dir='ltr'>Secr</span> <span class='ocrx_word' id='word_1_549' title='bbox 1781 1209 1960 1252; x_wconf 78' lang='lat' dir='ltr'><strong>gregatas</strong></span> <span class='ocrx_word' id='word_1_550' title='bbox 1977 1204 2193 1253; x_wconf 71' lang='lat' dir='ltr'><strong>inevange-</strong></span> 
     </span>
     <span class='ocr_line' id='line_1_73' title="bbox 1210 1261 2193 1308; baseline 0.001 -10"><span class='ocrx_word' id='word_1_551' title='bbox 1210 1261 1303 1299; x_wconf 82' lang='lat' dir='ltr'><strong>lium</strong></span> <span class='ocrx_word' id='word_1_552' title='bbox 1329 1263 1416 1300; x_wconf 87' lang='lat' dir='ltr'><strong>Dei.</strong></span> <span class='ocrx_word' id='word_1_553' title='bbox 1447 1261 1795 1308; x_wconf 84' lang='lat' dir='ltr'><strong>Quemadmodum</strong></span> <span class='ocrx_word' id='word_1_554' title='bbox 1786 1276 1821 1298; x_wconf 84' lang='lat' dir='ltr'>ln</span> <span class='ocrx_word' id='word_1_555' title='bbox 1848 1261 1953 1299; x_wconf 90' lang='lat' dir='ltr'><strong>domo</strong></span> <span class='ocrx_word' id='word_1_556' title='bbox 1981 1261 2027 1299; x_wconf 87' lang='lat' dir='ltr'>ad</span> <span class='ocrx_word' id='word_1_557' title='bbox 2053 1262 2193 1301; x_wconf 76' lang='lat' dir='ltr'><strong>diversa</strong></span> 
     </span>
     <span class='ocr_line' id='line_1_74' title="bbox 1210 1322 2193 1375; baseline -0.001 -15"><span class='ocrx_word' id='word_1_558' title='bbox 1210 1337 1315 1375; x_wconf 88' lang='lat' dir='ltr'><strong>opera</strong></span> <span class='ocrx_word' id='word_1_559' title='bbox 1337 1322 1470 1374; x_wconf 82' lang='lat' dir='ltr'><strong>singuli</strong></span> <span class='ocrx_word' id='word_1_560' title='bbox 1491 1323 1664 1373; x_wconf 84' lang='lat' dir='ltr'><strong>segregati</strong></span> <span class='ocrx_word' id='word_1_561' title='bbox 1685 1331 1766 1360; x_wconf 87' lang='lat' dir='ltr'><strong>sunt</strong></span> <span class='ocrx_word' id='word_1_562' title='bbox 1793 1338 1801 1358; x_wconf 89' lang='lat'>:</span> <span class='ocrx_word' id='word_1_563' title='bbox 1823 1322 1873 1359; x_wconf 91' lang='lat' dir='ltr'>sic</span> <span class='ocrx_word' id='word_1_564' title='bbox 1898 1322 1933 1360; x_wconf 92' lang='lat' dir='ltr'>in</span> <span class='ocrx_word' id='word_1_565' title='bbox 1956 1322 2114 1360; x_wconf 80' lang='lat' dir='ltr'><strong>Ecclesia</strong></span> <span class='ocrx_word' id='word_1_566' title='bbox 2132 1322 2193 1359; x_wconf 87' lang='lat' dir='ltr'>di-</span> 
     </span>
     <span class='ocr_line' id='line_1_75' title="bbox 1209 1382 2195 1435; baseline -0.001 -13"><span class='ocrx_word' id='word_1_567' title='bbox 1209 1397 1311 1423; x_wconf 75' lang='lat' dir='ltr'><strong>versa</strong></span> <span class='ocrx_word' id='word_1_568' title='bbox 1338 1392 1424 1421; x_wconf 79' lang='lat' dir='ltr'><strong>sunt</strong></span> <span class='ocrx_word' id='word_1_569' title='bbox 1444 1383 1634 1421; x_wconf 87' lang='lat' dir='ltr'><strong>distributa</strong></span> <span class='ocrx_word' id='word_1_570' title='bbox 1668 1383 1876 1420; x_wconf 84' lang='lat' dir='ltr'><strong>ministeria.</strong></span> <span class='ocrx_word' id='word_1_571' title='bbox 1907 1382 2062 1422; x_wconf 82' lang='lat' dir='ltr'><strong>Videtur</strong></span> <span class='ocrx_word' id='word_1_572' title='bbox 2091 1397 2195 1435; x_wconf 85' lang='lat' dir='ltr'><strong>porro</strong></span> 
     </span>
     <span class='ocr_line' id='line_1_76' title="bbox 1210 1443 2193 1497; baseline -0.002 -14"><span class='ocrx_word' id='word_1_573' title='bbox 1210 1446 1299 1483; x_wconf 85' lang='lat' dir='ltr'><strong>mihi</strong></span> <span class='ocrx_word' id='word_1_574' title='bbox 1323 1445 1384 1483; x_wconf 85' lang='lat' dir='ltr'><strong>hic</strong></span> <span class='ocrx_word' id='word_1_575' title='bbox 1410 1459 1479 1483; x_wconf 93' lang='lat' dir='ltr'>non</span> <span class='ocrx_word' id='word_1_576' title='bbox 1502 1447 1618 1497; x_wconf 81' lang='lat' dir='ltr'><strong>ipsam</strong></span> <span class='ocrx_word' id='word_1_577' title='bbox 1647 1453 1777 1482; x_wconf 83' lang='lat' dir='ltr'><strong>sortem</strong></span> <span class='ocrx_word' id='word_1_578' title='bbox 1803 1443 2013 1495; x_wconf 78' lang='lat' dir='ltr'><strong>significari,</strong></span> <span class='ocrx_word' id='word_1_579' title='bbox 2037 1444 2097 1482; x_wconf 91' lang='lat' dir='ltr'>sed</span> <span class='ocrx_word' id='word_1_580' title='bbox 2118 1444 2193 1496; x_wconf 85' lang='lat' dir='ltr'>jam</span> 
     </span>
     <span class='ocr_line' id='line_1_77' title="bbox 1209 1506 2194 1561; baseline -0.002 -15"><span class='ocrx_word' id='word_1_581' title='bbox 1209 1509 1294 1546; x_wconf 87' lang='lat' dir='ltr'><strong>olim</strong></span> <span class='ocrx_word' id='word_1_582' title='bbox 1308 1508 1425 1561; x_wconf 90' lang='lat' dir='ltr'><strong>ipsum</strong></span> <span class='ocrx_word' id='word_1_583' title='bbox 1445 1507 1490 1546; x_wconf 86' lang='lat' dir='ltr'>ad</span> <span class='ocrx_word' id='word_1_584' title='bbox 1509 1507 1577 1545; x_wconf 89' lang='lat' dir='ltr'>hoc</span> <span class='ocrx_word' id='word_1_585' title='bbox 1595 1507 1806 1559; x_wconf 85' lang='lat' dir='ltr'><strong>deputatum</strong></span> <span class='ocrx_word' id='word_1_586' title='bbox 1824 1506 1932 1545; x_wconf 78' lang='lat' dir='ltr'><strong>fuisse</strong></span> <span class='ocrx_word' id='word_1_587' title='bbox 1951 1507 2064 1545; x_wconf 90' lang='lat' dir='ltr'><strong>innui.</strong></span> <span class='ocrx_word' id='word_1_588' title='bbox 2087 1506 2194 1553; x_wconf 89' lang='lat' dir='ltr'><strong>Quod</strong></span> 
     </span>
     <span class='ocr_line' id='line_1_78' title="bbox 1207 1569 2191 1610; baseline -0.001 -1"><span class='ocrx_word' id='word_1_589' title='bbox 1207 1571 1313 1609; x_wconf 87' lang='lat' dir='ltr'><strong>etiam</strong></span> <span class='ocrx_word' id='word_1_590' title='bbox 1338 1570 1509 1610; x_wconf 87' lang='lat' dir='ltr'><strong>Jercmias</strong></span> <span class='ocrx_word' id='word_1_591' title='bbox 1530 1570 1580 1608; x_wconf 88' lang='lat' dir='ltr'>ait</span> <span class='ocrx_word' id='word_1_592' title='bbox 1608 1569 1653 1608; x_wconf 88' lang='lat' dir='ltr'>de</span> <span class='ocrx_word' id='word_1_593' title='bbox 1675 1584 1711 1608; x_wconf 91' lang='lat' dir='ltr'>se</span> <span class='ocrx_word' id='word_1_594' title='bbox 1734 1570 1870 1608; x_wconf 80' lang='lat' dir='ltr'><strong>dixisse</strong></span> <span class='ocrx_word' id='word_1_595' title='bbox 1894 1572 2011 1608; x_wconf 90' lang='lat' dir='ltr'><strong>Deum</strong></span> <span class='ocrx_word' id='word_1_596' title='bbox 2031 1586 2038 1606; x_wconf 91' lang='lat'>:</span> <span class='ocrx_word' id='word_1_597' title='bbox 2060 1570 2191 1608; x_wconf 81' lang='lat' dir='ltr'><strong>Ante-</strong></span> 
     </span>
     <span class='ocr_line' id='line_1_79' title="bbox 1209 1632 2193 1684; baseline -0.001 -14"><span class='ocrx_word' id='word_1_598' title='bbox 1209 1646 1328 1684; x_wconf 83' lang='lat' dir='ltr'>quam</span> <span class='ocrx_word' id='word_1_599' title='bbox 1343 1635 1467 1670; x_wconf 59' lang='grc' dir='ltr'>σπίνω</span> <span class='ocrx_word' id='word_1_600' title='bbox 1480 1633 1528 1669; x_wconf 83' lang='lat' dir='ltr'>de</span> <span class='ocrx_word' id='word_1_601' title='bbox 1546 1632 1682 1680; x_wconf 70' lang='lat' dir='ltr'><strong>vulva,</strong></span> <span class='ocrx_word' id='word_1_602' title='bbox 1704 1632 1948 1683; x_wconf 76' lang='lat' dir='ltr'><strong>sanctificavi</strong></span> <span class='ocrx_word' id='word_1_603' title='bbox 1967 1641 2015 1677; x_wconf 81' lang='lat' dir='ltr'><strong>te,</strong></span> <span class='ocrx_word' id='word_1_604' title='bbox 2032 1634 2193 1684; x_wconf 79' lang='lat' dir='ltr'><strong>prophe-</strong></span> 
     </span>
     <span class='ocr_line' id='line_1_80' title="bbox 1209 1691 2192 1743; baseline 0 -13"><span class='ocrx_word' id='word_1_605' title='bbox 1209 1701 1288 1730; x_wconf 83' lang='lat' dir='ltr'>tam</span> <span class='ocrx_word' id='word_1_606' title='bbox 1319 1695 1360 1730; x_wconf 86' lang='lat' dir='ltr'>in</span> <span class='ocrx_word' id='word_1_607' title='bbox 1386 1694 1562 1743; x_wconf 82' lang='lat' dir='ltr'><strong>gentibus</strong></span> <span class='ocrx_word' id='word_1_608' title='bbox 1581 1694 1694 1742; x_wconf 85' lang='lat' dir='ltr'><strong>posui</strong></span> <span class='ocrx_word' id='word_1_609' title='bbox 1717 1700 1763 1730; x_wconf 82' lang='lat' dir='ltr'><strong>te.</strong></span> <span class='ocrx_word' id='word_1_610' title='bbox 1789 1691 1884 1739; x_wconf 87' lang='lat' dir='ltr'><strong>Quia</strong></span> <span class='ocrx_word' id='word_1_611' title='bbox 1908 1692 2002 1730; x_wconf 90' lang='lat' dir='ltr'><strong>enim</strong></span> <span class='ocrx_word' id='word_1_612' title='bbox 2027 1692 2074 1730; x_wconf 87' lang='lat' dir='ltr'>ad</span> <span class='ocrx_word' id='word_1_613' title='bbox 2094 1707 2192 1731; x_wconf 85' lang='lat' dir='ltr'><strong>arro-</strong></span> 
     </span>
     <span class='ocr_line' id='line_1_81' title="bbox 1209 1752 2194 1805; baseline 0 -14"><span class='ocrx_word' id='word_1_614' title='bbox 1209 1763 1349 1805; x_wconf 85' lang='lat' dir='ltr'><strong>gantem</strong></span> <span class='ocrx_word' id='word_1_615' title='bbox 1360 1762 1393 1790; x_wconf 90' lang='lat' dir='ltr'>et</span> <span class='ocrx_word' id='word_1_616' title='bbox 1400 1754 1491 1790; x_wconf 85' lang='lat' dir='ltr'><strong>fastu</strong></span> <span class='ocrx_word' id='word_1_617' title='bbox 1506 1753 1647 1804; x_wconf 83' lang='lat' dir='ltr'><strong>plenam</strong></span> <span class='ocrx_word' id='word_1_618' title='bbox 1660 1752 1785 1789; x_wconf 84' lang='lat' dir='ltr'><strong>urbem</strong></span> <span class='ocrx_word' id='word_1_619' title='bbox 1800 1752 1993 1803; x_wconf 77' lang='lat' dir='ltr'>scribebat7</span> <span class='ocrx_word' id='word_1_620' title='bbox 2005 1753 2063 1791; x_wconf 85' lang='lat' dir='ltr'><strong>his</strong></span> <span class='ocrx_word' id='word_1_621' title='bbox 2079 1754 2194 1791; x_wconf 87' lang='lat' dir='ltr'><strong>omni-</strong></span> 
     </span>
     <span class='ocr_line' id='line_1_82' title="bbox 1209 1812 2193 1866; baseline -0.001 -14"><span class='ocrx_word' id='word_1_622' title='bbox 1209 1815 1275 1852; x_wconf 90' lang='lat' dir='ltr'>bus</span> <span class='ocrx_word' id='word_1_623' title='bbox 1300 1814 1452 1852; x_wconf 82' lang='lat' dir='ltr'><strong>ostendit</strong></span> <span class='ocrx_word' id='word_1_624' title='bbox 1478 1813 1545 1851; x_wconf 92' lang='lat' dir='ltr'>Dei</span> <span class='ocrx_word' id='word_1_625' title='bbox 1567 1827 1640 1850; x_wconf 86' lang='lat' dir='ltr'><strong>esse</strong></span> <span class='ocrx_word' id='word_1_626' title='bbox 1664 1812 1944 1850; x_wconf 82' lang='lat' dir='ltr'><strong>ordinationem:</strong></span> <span class='ocrx_word' id='word_1_627' title='bbox 1962 1814 2090 1851; x_wconf 84' lang='lat' dir='ltr'><strong>etenim</strong></span> <span class='ocrx_word' id='word_1_628' title='bbox 2118 1814 2193 1866; x_wconf 90' lang='lat' dir='ltr'><strong>ipse</strong></span> 
     </span>
     <span class='ocr_line' id='line_1_83' title="bbox 1208 1873 2192 1926; baseline -0.002 -13"><span class='ocrx_word' id='word_1_629' title='bbox 1208 1874 1365 1924; x_wconf 73' lang='lat' dir='ltr'><strong>vocavit,</strong></span> <span class='ocrx_word' id='word_1_630' title='bbox 1389 1883 1422 1912; x_wconf 90' lang='lat' dir='ltr'>et</span> <span class='ocrx_word' id='word_1_631' title='bbox 1446 1874 1521 1926; x_wconf 88' lang='lat' dir='ltr'><strong>ipse</strong></span> <span class='ocrx_word' id='word_1_632' title='bbox 1546 1873 1754 1924; x_wconf 84' lang='lat' dir='ltr'><strong>segregavit.</strong></span> <span class='ocrx_word' id='word_1_633' title='bbox 1782 1873 1857 1910; x_wconf 89' lang='lat' dir='ltr'>Hoc</span> <span class='ocrx_word' id='word_1_634' title='bbox 1881 1882 1999 1911; x_wconf 88' lang='lat' dir='ltr'><strong>autem</strong></span> <span class='ocrx_word' id='word_1_635' title='bbox 2029 1873 2125 1922; x_wconf 89' lang='lat' dir='ltr'><strong>facit,</strong></span> <span class='ocrx_word' id='word_1_636' title='bbox 2154 1883 2192 1911; x_wconf 91' lang='lat' dir='ltr'><strong>ut</strong></span> 
     </span>
     <span class='ocr_line' id='line_1_84' title="bbox 1208 1933 2193 1987; baseline -0.002 -14"><span class='ocrx_word' id='word_1_637' title='bbox 1208 1935 1281 1973; x_wconf 79' lang='lat' dir='ltr'><strong>fide</strong></span> <span class='ocrx_word' id='word_1_638' title='bbox 1309 1935 1457 1987; x_wconf 85' lang='lat' dir='ltr'><strong>dignam</strong></span> <span class='ocrx_word' id='word_1_639' title='bbox 1490 1943 1524 1972; x_wconf 85' lang='lat' dir='ltr'>et</span> <span class='ocrx_word' id='word_1_640' title='bbox 1551 1942 1734 1986; x_wconf 81' lang='lat' dir='ltr'><strong>acceptam</strong></span> <span class='ocrx_word' id='word_1_641' title='bbox 1765 1933 1891 1971; x_wconf 88' lang='lat' dir='ltr'><strong>reddat</strong></span> <span class='ocrx_word' id='word_1_642' title='bbox 1920 1933 2115 1986; x_wconf 86' lang='lat' dir='ltr'><strong>epistolam.</strong></span> <span class='ocrx_word' id='word_1_643' title='bbox 2144 1937 2193 1971; x_wconf 84' lang='lat' dir='ltr'><strong>In</strong></span> 
     </span>
     <span class='ocr_line' id='line_1_85' title="bbox 1205 1995 2192 2048; baseline -0.002 -14"><span class='ocrx_word' id='word_1_644' title='bbox 1205 1997 1445 2048; x_wconf 78' lang='lat' dir='ltr'><strong>evangelium</strong></span> <span class='ocrx_word' id='word_1_645' title='bbox 1468 1997 1555 2033; x_wconf 75' lang='lat' dir='ltr'><strong>Dei.</strong></span> <span class='ocrx_word' id='word_1_646' title='bbox 1578 1996 1657 2032; x_wconf 86' lang='lat' dir='ltr'>Non</span> <span class='ocrx_word' id='word_1_647' title='bbox 1679 2008 1762 2045; x_wconf 83' lang='lat' dir='ltr'><strong>ergo</strong></span> <span class='ocrx_word' id='word_1_648' title='bbox 1783 1995 1975 2032; x_wconf 79' lang='lat' dir='ltr'><strong>Matthaeus</strong></span> <span class='ocrx_word' id='word_1_649' title='bbox 1999 2003 2138 2032; x_wconf 87' lang='lat' dir='ltr'><strong>tantum</strong></span> <span class='ocrx_word' id='word_1_650' title='bbox 2159 2005 2192 2033; x_wconf 83' lang='lat' dir='ltr'>et</span> 
     </span>
     <span class='ocr_line' id='line_1_86' title="bbox 1206 2057 2193 2109; baseline -0.002 -12"><span class='ocrx_word' id='word_1_651' title='bbox 1206 2061 1350 2097; x_wconf 85' lang='lat' dir='ltr'><strong>Marcus</strong></span> <span class='ocrx_word' id='word_1_652' title='bbox 1372 2067 1454 2096; x_wconf 88' lang='lat' dir='ltr'><strong>sunt</strong></span> <span class='ocrx_word' id='word_1_653' title='bbox 1479 2057 1722 2109; x_wconf 81' lang='lat' dir='ltr'><strong>evangelistae,</strong></span> <span class='ocrx_word' id='word_1_654' title='bbox 1750 2065 1790 2094; x_wconf 91' lang='lat' dir='ltr'><strong>ut</strong></span> <span class='ocrx_word' id='word_1_655' title='bbox 1814 2071 1925 2108; x_wconf 88' lang='lat' dir='ltr'><strong>neque</strong></span> <span class='ocrx_word' id='word_1_656' title='bbox 1942 2057 2002 2095; x_wconf 86' lang='lat' dir='ltr'><strong>hic</strong></span> <span class='ocrx_word' id='word_1_657' title='bbox 2024 2058 2118 2095; x_wconf 89' lang='lat' dir='ltr'><strong>solus</strong></span> <span class='ocrx_word' id='word_1_658' title='bbox 2141 2066 2193 2095; x_wconf 82' lang='lat' dir='ltr'>est</span> 
     </span>
     <span class='ocr_line' id='line_1_87' title="bbox 1207 2117 2192 2172; baseline -0.002 -15"><span class='ocrx_word' id='word_1_659' title='bbox 1207 2119 1401 2172; x_wconf 82' lang='lat' dir='ltr'><strong>apostolus,</strong></span> <span class='ocrx_word' id='word_1_660' title='bbox 1419 2117 1481 2156; x_wconf 89' lang='lat' dir='ltr'>sed</span> <span class='ocrx_word' id='word_1_661' title='bbox 1493 2118 1599 2155; x_wconf 86' lang='lat' dir='ltr'><strong>etiam</strong></span> <span class='ocrx_word' id='word_1_662' title='bbox 1615 2117 1670 2154; x_wconf 90' lang='lat' dir='ltr'><strong>illi</strong></span> <span class='ocrx_word' id='word_1_663' title='bbox 1682 2132 1694 2166; x_wconf 71' lang='lat'><em>3</em></span> <span class='ocrx_word' id='word_1_664' title='bbox 1714 2117 1778 2154; x_wconf 91' lang='lat' dir='ltr'><strong>etsi</strong></span> <span class='ocrx_word' id='word_1_665' title='bbox 1795 2131 1857 2169; x_wconf 82' lang='lat' dir='ltr'>per</span> <span class='ocrx_word' id='word_1_666' title='bbox 1876 2118 2121 2156; x_wconf 80' lang='lat' dir='ltr'><strong>excellentiam</strong></span> <span class='ocrx_word' id='word_1_667' title='bbox 2133 2118 2192 2155; x_wconf 85' lang='lat' dir='ltr'><strong>hic</strong></span> 
     </span>
     <span class='ocr_line' id='line_1_88' title="bbox 1209 2178 2193 2232; baseline -0.002 -14"><span class='ocrx_word' id='word_1_668' title='bbox 1209 2180 1403 2232; x_wconf 78' lang='lat' dir='ltr'><strong>apostolus,</strong></span> <span class='ocrx_word' id='word_1_669' title='bbox 1424 2179 1478 2216; x_wconf 91' lang='lat' dir='ltr'><strong>illi</strong></span> <span class='ocrx_word' id='word_1_670' title='bbox 1503 2178 1727 2229; x_wconf 69' lang='lat' dir='ltr'><strong>evangelistae</strong></span> <span class='ocrx_word' id='word_1_671' title='bbox 1748 2187 1931 2216; x_wconf 79' lang='lat' dir='ltr'><strong>vocentur.</strong></span> <span class='ocrx_word' id='word_1_672' title='bbox 1951 2179 2193 2230; x_wconf 71' lang='lat' dir='ltr'><strong>Evangelium</strong></span> 
     </span>
     <span class='ocr_line' id='line_1_89' title="bbox 1208 2238 2192 2292; baseline -0.002 -14"><span class='ocrx_word' id='word_1_673' title='bbox 1208 2255 1294 2279; x_wconf 74' lang='lat' dir='ltr'><strong>vero</strong></span> <span class='ocrx_word' id='word_1_674' title='bbox 1312 2240 1430 2292; x_wconf 91' lang='lat' dir='ltr'><strong>ipsum</strong></span> <span class='ocrx_word' id='word_1_675' title='bbox 1448 2248 1550 2278; x_wconf 83' lang='lat' dir='ltr'><strong>vocat</strong></span> <span class='ocrx_word' id='word_1_676' title='bbox 1569 2253 1639 2277; x_wconf 91' lang='lat' dir='ltr'>non</span> <span class='ocrx_word' id='word_1_677' title='bbox 1658 2239 1703 2276; x_wconf 91' lang='lat' dir='ltr'>ob</span> <span class='ocrx_word' id='word_1_678' title='bbox 1719 2239 1795 2290; x_wconf 86' lang='lat' dir='ltr'>jam</span> <span class='ocrx_word' id='word_1_679' title='bbox 1814 2238 1912 2276; x_wconf 87' lang='lat' dir='ltr'><strong>illata</strong></span> <span class='ocrx_word' id='word_1_680' title='bbox 1929 2240 2019 2277; x_wconf 89' lang='lat' dir='ltr'><strong>bona</strong></span> <span class='ocrx_word' id='word_1_681' title='bbox 2040 2248 2192 2283; x_wconf 81' lang='lat' dir='ltr'><strong>tantum,</strong></span> 
     </span>
     <span class='ocr_line' id='line_1_90' title="bbox 1209 2298 2194 2351; baseline -0.002 -13"><span class='ocrx_word' id='word_1_682' title='bbox 1209 2300 1270 2339; x_wconf 90' lang='lat' dir='ltr'>sed</span> <span class='ocrx_word' id='word_1_683' title='bbox 1294 2300 1401 2338; x_wconf 78' lang='lat' dir='ltr'><strong>etiam</strong></span> <span class='ocrx_word' id='word_1_684' title='bbox 1419 2300 1464 2338; x_wconf 91' lang='lat' dir='ltr'>ob</span> <span class='ocrx_word' id='word_1_685' title='bbox 1486 2300 1618 2337; x_wconf 84' lang='lat' dir='ltr'><strong>futura.</strong></span> <span class='ocrx_word' id='word_1_686' title='bbox 1643 2298 1833 2346; x_wconf 87' lang='lat' dir='ltr'><strong>Quomodo</strong></span> <span class='ocrx_word' id='word_1_687' title='bbox 1858 2307 1977 2336; x_wconf 86' lang='lat' dir='ltr'><strong>autem</strong></span> <span class='ocrx_word' id='word_1_688' title='bbox 1996 2300 2110 2337; x_wconf 90' lang='lat' dir='ltr'><strong>Deum</strong></span> <span class='ocrx_word' id='word_1_689' title='bbox 2132 2313 2194 2351; x_wconf 88' lang='lat' dir='ltr'>per</span> 
     </span>
     <span class='ocr_line' id='line_1_91' title="bbox 1209 2358 2194 2413; baseline -0.002 -15"><span class='ocrx_word' id='word_1_690' title='bbox 1209 2361 1327 2413; x_wconf 90' lang='lat' dir='ltr'><strong>ipsum</strong></span> <span class='ocrx_word' id='word_1_691' title='bbox 1345 2359 1578 2412; x_wconf 85' lang='lat' dir='ltr'><strong>evangelizari</strong></span> <span class='ocrx_word' id='word_1_692' title='bbox 1596 2358 1645 2396; x_wconf 86' lang='lat' dir='ltr'>ait</span> <span class='ocrx_word' id='word_1_693' title='bbox 1660 2359 1677 2396; x_wconf 75' lang='grc' dir='ltr'><strong><em>Ρ</em></strong></span> <span class='ocrx_word' id='word_1_694' title='bbox 1692 2373 1773 2396; x_wconf 89' lang='lat' dir='ltr'>nam</span> <span class='ocrx_word' id='word_1_695' title='bbox 1793 2358 1893 2407; x_wconf 79' lang='lat' dir='ltr'><strong>djcit‚</strong></span> <span class='ocrx_word' id='word_1_696' title='bbox 1907 2359 2133 2412; x_wconf 78' lang='lat' dir='ltr'><strong>Segregatas</strong></span> <span class='ocrx_word' id='word_1_697' title='bbox 2153 2362 2194 2397; x_wconf 81' lang='lat' dir='ltr'>in</span> 
     </span>
     <span class='ocr_line' id='line_1_92' title="bbox 1209 2419 2194 2474; baseline 0 -15"><span class='ocrx_word' id='word_1_698' title='bbox 1209 2421 1452 2474; x_wconf 75' lang='lat' dir='ltr'><strong>evangelium</strong></span> <span class='ocrx_word' id='word_1_699' title='bbox 1466 2422 1542 2458; x_wconf 76' lang='lat' dir='ltr'>Dei</span> <span class='ocrx_word' id='word_1_700' title='bbox 1556 2437 1566 2456; x_wconf 93' lang='grc'>.·</span> <span class='ocrx_word' id='word_1_701' title='bbox 1580 2420 1683 2458; x_wconf 83' lang='lat' dir='ltr'><strong>Pater</strong></span> <span class='ocrx_word' id='word_1_702' title='bbox 1697 2419 1791 2457; x_wconf 88' lang='lat' dir='ltr'><strong>enim</strong></span> <span class='ocrx_word' id='word_1_703' title='bbox 1803 2429 1883 2457; x_wconf 86' lang='lat' dir='ltr'><strong>ante</strong></span> <span class='ocrx_word' id='word_1_704' title='bbox 1896 2421 2077 2471; x_wconf 82' lang='lat' dir='ltr'><strong>evangelia</strong></span> <span class='ocrx_word' id='word_1_705' title='bbox 2091 2430 2194 2459; x_wconf 84' lang='lat' dir='ltr'><strong>notus</strong></span> 
     </span>
     <span class='ocr_line' id='line_1_93' title="bbox 1209 2481 2195 2532; baseline -0.001 -11"><span class='ocrx_word' id='word_1_706' title='bbox 1209 2493 1293 2521; x_wconf 86' lang='lat' dir='ltr'><strong>erat.</strong></span> <span class='ocrx_word' id='word_1_707' title='bbox 1322 2485 1456 2523; x_wconf 88' lang='lat' dir='ltr'><strong>Verum</strong></span> <span class='ocrx_word' id='word_1_708' title='bbox 1482 2482 1546 2521; x_wconf 87' lang='lat' dir='ltr'><strong>etsi</strong></span> <span class='ocrx_word' id='word_1_709' title='bbox 1566 2491 1669 2519; x_wconf 90' lang='lat' dir='ltr'><strong>notus</strong></span> <span class='ocrx_word' id='word_1_710' title='bbox 1693 2490 1785 2531; x_wconf 77' lang='lat' dir='ltr'><strong>erat,</strong></span> <span class='ocrx_word' id='word_1_711' title='bbox 1811 2481 1946 2521; x_wconf 83' lang='lat' dir='ltr'><strong>Judaeis</strong></span> <span class='ocrx_word' id='word_1_712' title='bbox 1976 2490 2129 2532; x_wconf 84' lang='lat' dir='ltr'><strong>tantum,</strong></span> <span class='ocrx_word' id='word_1_713' title='bbox 2162 2493 2195 2520; x_wconf 85' lang='lat' dir='ltr'><strong>ct</strong></span> 
     </span>
     <span class='ocr_line' id='line_1_94' title="bbox 1209 2540 2195 2594; baseline -0.002 -13"><span class='ocrx_word' id='word_1_714' title='bbox 1209 2558 1252 2581; x_wconf 91' lang='lat' dir='ltr'>ne</span> <span class='ocrx_word' id='word_1_715' title='bbox 1280 2543 1336 2581; x_wconf 85' lang='lat' dir='ltr'><strong>his</strong></span> <span class='ocrx_word' id='word_1_716' title='bbox 1365 2542 1510 2594; x_wconf 89' lang='lat' dir='ltr'><strong>quidem</strong></span> <span class='ocrx_word' id='word_1_717' title='bbox 1537 2541 1717 2589; x_wconf 78' lang='lat' dir='ltr'><strong>omnibus,</strong></span> <span class='ocrx_word' id='word_1_718' title='bbox 1746 2550 1786 2578; x_wconf 90' lang='lat' dir='ltr'><strong>ut</strong></span> <span class='ocrx_word' id='word_1_719' title='bbox 1813 2556 1877 2593; x_wconf 86' lang='lat' dir='ltr'>par</span> <span class='ocrx_word' id='word_1_720' title='bbox 1900 2540 2022 2579; x_wconf 85' lang='lat' dir='ltr'><strong>suisset</strong></span> <span class='ocrx_word' id='word_1_721' title='bbox 2050 2558 2057 2578; x_wconf 75' lang='grc' dir='ltr'>τ</span> <span class='ocrx_word' id='word_1_722' title='bbox 2083 2557 2195 2593; x_wconf 87' lang='lat' dir='ltr'><strong>neque</strong></span> 
     </span>
     <span class='ocr_line' id='line_1_95' title="bbox 1209 2601 2194 2656; baseline -0.001 -14"><span class='ocrx_word' id='word_1_723' title='bbox 1209 2604 1303 2642; x_wconf 91' lang='lat' dir='ltr'><strong>enim</strong></span> <span class='ocrx_word' id='word_1_724' title='bbox 1318 2604 1436 2656; x_wconf 91' lang='lat' dir='ltr'><strong>ipsum</strong></span> <span class='ocrx_word' id='word_1_725' title='bbox 1455 2617 1528 2641; x_wconf 86' lang='lat' dir='ltr'><strong>esse</strong></span> <span class='ocrx_word' id='word_1_726' title='bbox 1546 2605 1688 2640; x_wconf 83' lang='lat' dir='ltr'><strong>Patrem</strong></span> <span class='ocrx_word' id='word_1_727' title='bbox 1705 2601 1876 2650; x_wconf 84' lang='lat' dir='ltr'><strong>sciebant,</strong></span> <span class='ocrx_word' id='word_1_728' title='bbox 1893 2611 1926 2638; x_wconf 87' lang='lat' dir='ltr'>et</span> <span class='ocrx_word' id='word_1_729' title='bbox 1938 2602 2050 2640; x_wconf 86' lang='lat' dir='ltr'><strong>multa</strong></span> <span class='ocrx_word' id='word_1_730' title='bbox 2065 2602 2126 2640; x_wconf 90' lang='lat' dir='ltr'><strong>illo</strong></span> <span class='ocrx_word' id='word_1_731' title='bbox 2142 2603 2194 2641; x_wconf 91' lang='lat' dir='ltr'>in-</span> 
     </span>
     <span class='ocr_line' id='line_1_96' title="bbox 1207 2661 2191 2716; baseline -0.003 -14"><span class='ocrx_word' id='word_1_732' title='bbox 1207 2665 1316 2716; x_wconf 87' lang='lat' dir='ltr'><strong>digna</strong></span> <span class='ocrx_word' id='word_1_733' title='bbox 1334 2674 1418 2702; x_wconf 88' lang='lat' dir='ltr'><strong>tunc</strong></span> <span class='ocrx_word' id='word_1_734' title='bbox 1434 2663 1731 2714; x_wconf 79' lang='lat' dir='ltr'><strong>imaginabantur.</strong></span> <span class='ocrx_word' id='word_1_735' title='bbox 1752 2661 1836 2699; x_wconf 88' lang='lat' dir='ltr'><strong>Ideo</strong></span> <span class='ocrx_word' id='word_1_736' title='bbox 1853 2661 1994 2700; x_wconf 84' lang='lat' dir='ltr'><strong>dicebat</strong></span> <span class='ocrx_word' id='word_1_737' title='bbox 2008 2663 2191 2701; x_wconf 87' lang='lat' dir='ltr'><strong>Christus:</strong></span> 
     </span>
     <span class='ocr_line' id='line_1_97' title="bbox 1211 2724 2390 2777; baseline -0.001 -14"><span class='ocrx_word' id='word_1_738' title='bbox 1211 2728 1371 2763; x_wconf 83' lang='lat' dir='ltr'><strong>Venient</strong></span> <span class='ocrx_word' id='word_1_739' title='bbox 1384 2727 1470 2762; x_wconf 82' lang='lat' dir='ltr'><strong>veri</strong></span> <span class='ocrx_word' id='word_1_740' title='bbox 1482 2725 1705 2761; x_wconf 78' lang='lat' dir='ltr'><strong>adoratores</strong></span> <span class='ocrx_word' id='word_1_741' title='bbox 1718 2739 1732 2767; x_wconf 83' lang='grc'>,-</span> <span class='ocrx_word' id='word_1_742' title='bbox 1748 2731 1794 2769; x_wconf 84' lang='lat' dir='ltr'><strong>ct,</strong></span> <span class='ocrx_word' id='word_1_743' title='bbox 1810 2724 1932 2760; x_wconf 81' lang='lat' dir='ltr'><strong>Pater</strong></span> <span class='ocrx_word' id='word_1_744' title='bbox 1946 2724 2044 2761; x_wconf 78' lang='lat' dir='ltr'><strong>tales</strong></span> <span class='ocrx_word' id='word_1_745' title='bbox 2058 2728 2194 2775; x_wconf 81' lang='lat' dir='ltr'><strong>quoerit</strong></span> <span class='ocrx_word' id='word_1_746' title='bbox 2208 2736 2390 2777; x_wconf 65' lang='lat' dir='ltr'><strong>Joan.l4.23.</strong></span> 
     </span>
     <span class='ocr_line' id='line_1_98' title="bbox 1206 2784 2194 2835; baseline -0.001 -11"><span class='ocrx_word' id='word_1_747' title='bbox 1206 2789 1266 2825; x_wconf 84' lang='lat' dir='ltr'>sui</span> <span class='ocrx_word' id='word_1_748' title='bbox 1290 2787 1527 2824; x_wconf 82' lang='lat' dir='ltr'><strong>adoratores.</strong></span> <span class='ocrx_word' id='word_1_749' title='bbox 1559 2786 1711 2822; x_wconf 87' lang='lat' dir='ltr'><strong>Demum</strong></span> <span class='ocrx_word' id='word_1_750' title='bbox 1743 2792 1861 2820; x_wconf 80' lang='lat' dir='ltr'><strong>autem</strong></span> <span class='ocrx_word' id='word_1_751' title='bbox 1892 2784 1967 2835; x_wconf 88' lang='lat' dir='ltr'><strong>ipse</strong></span> <span class='ocrx_word' id='word_1_752' title='bbox 1994 2797 2074 2822; x_wconf 89' lang='lat' dir='ltr'>cum</span> <span class='ocrx_word' id='word_1_753' title='bbox 2101 2785 2194 2823; x_wconf 89' lang='lat' dir='ltr'><strong>Filio</strong></span> 
     </span>
    </p>

    <p class='ocr_par' dir='ltr' id='par_1_18' title="bbox 1206 2844 2194 2896">
     <span class='ocr_line' id='line_1_99' title="bbox 1206 2844 2194 2896; baseline -0.002 -10"><span class='ocrx_word' id='word_1_754' title='bbox 1206 2847 1283 2886; x_wconf 89' lang='lat' dir='ltr'><strong>orbi</strong></span> <span class='ocrx_word' id='word_1_755' title='bbox 1296 2847 1360 2884; x_wconf 87' lang='lat' dir='ltr'><strong>toti</strong></span> <span class='ocrx_word' id='word_1_756' title='bbox 1376 2846 1618 2884; x_wconf 83' lang='lat' dir='ltr'><strong>manifestatus</strong></span> <span class='ocrx_word' id='word_1_757' title='bbox 1632 2854 1695 2882; x_wconf 88' lang='lat' dir='ltr'><strong>est.</strong></span> <span class='ocrx_word' id='word_1_758' title='bbox 1711 2844 1818 2890; x_wconf 90' lang='lat' dir='ltr'><strong>Quod</strong></span> <span class='ocrx_word' id='word_1_759' title='bbox 1834 2845 2074 2896; x_wconf 81' lang='lat' dir='ltr'><strong>praenuntians</strong></span> <span class='ocrx_word' id='word_1_760' title='bbox 2090 2845 2194 2884; x_wconf 87' lang='lat' dir='ltr'><strong>Chri-</strong></span> 
     </span>
    </p>

    <p class='ocr_par' dir='ltr' id='par_1_19' title="bbox 1206 2907 2391 3022">
     <span class='ocr_line' id='line_1_100' title="bbox 1206 2907 2391 2963; baseline -0.002 -15"><span class='ocrx_word' id='word_1_761' title='bbox 1206 2920 1294 2960; x_wconf 81' lang='lat' dir='ltr'><strong>stus,</strong></span> <span class='ocrx_word' id='word_1_762' title='bbox 1323 2909 1484 2947; x_wconf 85' lang='lat' dir='ltr'><strong>dicebat:</strong></span> <span class='ocrx_word' id='word_1_763' title='bbox 1511 2910 1560 2947; x_wconf 73' lang='lat' dir='ltr'>Ut</span> <span class='ocrx_word' id='word_1_764' title='bbox 1586 2915 1819 2959; x_wconf 79' lang='lat' dir='ltr'><strong>cognoscant</strong></span> <span class='ocrx_word' id='word_1_765' title='bbox 1849 2915 1884 2944; x_wconf 85' lang='lat' dir='ltr'>te</span> <span class='ocrx_word' id='word_1_766' title='bbox 1912 2907 2037 2945; x_wconf 80' lang='lat' dir='ltr'><strong>solum</strong></span> <span class='ocrx_word' id='word_1_767' title='bbox 2056 2922 2192 2946; x_wconf 79' lang='lat' dir='ltr'><strong>verum</strong></span> <span class='ocrx_word' id='word_1_768' title='bbox 2210 2922 2391 2963; x_wconf 64' lang='lat' dir='ltr'>Il11&#39;d.17.3.</span> 
     </span>
     <span class='ocr_line' id='line_1_101' title="bbox 1206 2969 2192 3022; baseline -0.002 -13"><span class='ocrx_word' id='word_1_769' title='bbox 1206 2973 1348 3018; x_wconf 78' lang='lat' dir='ltr'><strong>Deum,</strong></span> <span class='ocrx_word' id='word_1_770' title='bbox 1367 2979 1404 3008; x_wconf 85' lang='lat' dir='ltr'>et</span> <span class='ocrx_word' id='word_1_771' title='bbox 1420 2984 1532 3022; x_wconf 82' lang='lat' dir='ltr'><strong>quem</strong></span> <span class='ocrx_word' id='word_1_772' title='bbox 1548 2971 1686 3007; x_wconf 81' lang='lat' dir='ltr'><strong>misisti</strong></span> <span class='ocrx_word' id='word_1_773' title='bbox 1700 2969 1730 3006; x_wconf 90' lang='lat' dir='ltr'><strong><em>J</em></strong></span> <span class='ocrx_word' id='word_1_774' title='bbox 1730 2982 1833 3006; x_wconf 78' lang='lat' dir='ltr'><strong>esum</strong></span> <span class='ocrx_word' id='word_1_775' title='bbox 1851 2969 2059 3006; x_wconf 78' lang='lat' dir='ltr'><strong>Christum.</strong></span> <span class='ocrx_word' id='word_1_776' title='bbox 2076 2969 2192 3007; x_wconf 86' lang='lat' dir='ltr'><strong>Evan-</strong></span> 
     </span>
    </p>

    <p class='ocr_par' dir='ltr' id='par_1_20' title="bbox 1207 3028 2190 3083">
     <span class='ocr_line' id='line_1_102' title="bbox 1207 3028 2190 3083; baseline -0.003 -14"><span class='ocrx_word' id='word_1_777' title='bbox 1207 3032 1340 3083; x_wconf 89' lang='lat' dir='ltr'><strong>gelium</strong></span> <span class='ocrx_word' id='word_1_778' title='bbox 1363 3040 1480 3068; x_wconf 89' lang='lat' dir='ltr'><strong>autem</strong></span> <span class='ocrx_word' id='word_1_779' title='bbox 1505 3030 1570 3068; x_wconf 91' lang='lat' dir='ltr'>Dei</span> <span class='ocrx_word' id='word_1_780' title='bbox 1592 3037 1708 3078; x_wconf 77' lang='lat' dir='ltr'><strong>vocat,</strong></span> <span class='ocrx_word' id='word_1_781' title='bbox 1732 3028 1778 3065; x_wconf 88' lang='lat' dir='ltr'>ab</span> <span class='ocrx_word' id='word_1_782' title='bbox 1799 3028 1947 3066; x_wconf 82' lang='lat' dir='ltr'><strong>exordio</strong></span> <span class='ocrx_word' id='word_1_783' title='bbox 1969 3029 2105 3081; x_wconf 87' lang='lat' dir='ltr'><strong>erigens</strong></span> <span class='ocrx_word' id='word_1_784' title='bbox 2124 3044 2190 3067; x_wconf 85' lang='lat' dir='ltr'>au-</span> 
     </span>
    </p>

    <p class='ocr_par' dir='ltr' id='par_1_21' title="bbox 1206 3089 2192 3142">
     <span class='ocr_line' id='line_1_103' title="bbox 1206 3089 2192 3142; baseline -0.003 -11"><span class='ocrx_word' id='word_1_785' title='bbox 1206 3093 1370 3131; x_wconf 88' lang='lat' dir='ltr'><strong>ditorem.</strong></span> <span class='ocrx_word' id='word_1_786' title='bbox 1389 3093 1512 3142; x_wconf 89' lang='lat' dir='ltr'><strong>Neque</strong></span> <span class='ocrx_word' id='word_1_787' title='bbox 1534 3090 1627 3128; x_wconf 88' lang='lat' dir='ltr'><strong>enim</strong></span> <span class='ocrx_word' id='word_1_788' title='bbox 1651 3089 1748 3128; x_wconf 69' lang='lat' dir='ltr'><strong>venit</strong></span> <span class='ocrx_word' id='word_1_789' title='bbox 1773 3089 1872 3126; x_wconf 84' lang='lat' dir='ltr'><strong>triste</strong></span> <span class='ocrx_word' id='word_1_790' title='bbox 1888 3089 2074 3142; x_wconf 89' lang='lat' dir='ltr'><strong>quidpiam</strong></span> <span class='ocrx_word' id='word_1_791' title='bbox 2098 3104 2192 3128; x_wconf 91' lang='lat' dir='ltr'><strong>nun—</strong></span> 
     </span>
    </p>

    <p class='ocr_par' dir='ltr' id='par_1_22' title="bbox 1205 3149 2391 3314">
     <span class='ocr_line' id='line_1_104' title="bbox 1205 3149 2190 3203; baseline -0.003 -12"><span class='ocrx_word' id='word_1_792' title='bbox 1205 3154 1377 3202; x_wconf 78' lang='lat' dir='ltr'><strong>tiatulus,</strong></span> <span class='ocrx_word' id='word_1_793' title='bbox 1411 3161 1450 3189; x_wconf 89' lang='lat' dir='ltr'><strong>ut</strong></span> <span class='ocrx_word' id='word_1_794' title='bbox 1488 3150 1668 3203; x_wconf 80' lang='lat' dir='ltr'><strong>piophetae</strong></span> <span class='ocrx_word' id='word_1_795' title='bbox 1711 3149 1870 3188; x_wconf 82' lang='lat' dir='ltr'><strong>convicia</strong></span> <span class='ocrx_word' id='word_1_796' title='bbox 1884 3180 1894 3198; x_wconf 90' lang='lat'>,</span> <span class='ocrx_word' id='word_1_797' title='bbox 1932 3151 2190 3200; x_wconf 77' lang='lat' dir='ltr'><strong>accusationes,</strong></span> 
     </span>
     <span class='ocr_line' id='line_1_105' title="bbox 1206 3211 2390 3266; baseline -0.003 -13"><span class='ocrx_word' id='word_1_798' title='bbox 1206 3214 1487 3266; x_wconf 84' lang='lat' dir='ltr'><strong>increpationes;</strong></span> <span class='ocrx_word' id='word_1_799' title='bbox 1524 3211 1585 3250; x_wconf 88' lang='lat' dir='ltr'>sed</span> <span class='ocrx_word' id='word_1_800' title='bbox 1623 3226 1664 3250; x_wconf 67' lang='lat' dir='ltr'><strong>ex</strong></span> <span class='ocrx_word' id='word_1_801' title='bbox 1667 3211 1806 3262; x_wconf 83' lang='lat' dir='ltr'><strong>angelia</strong></span> <span class='ocrx_word' id='word_1_802' title='bbox 1836 3219 1870 3248; x_wconf 86' lang='lat' dir='ltr'>et</span> <span class='ocrx_word' id='word_1_803' title='bbox 1899 3212 2082 3264; x_wconf 82' lang='lat' dir='ltr'><strong>evangelia</strong></span> <span class='ocrx_word' id='word_1_804' title='bbox 2109 3213 2189 3261; x_wconf 74' lang='lat' dir='ltr'><strong>Dei,</strong></span> <span class='ocrx_word' id='word_1_805' title='bbox 2259 3224 2299 3250; x_wconf 87' lang='lat' dir='ltr'>E.</span> <span class='ocrx_word' id='word_1_806' title='bbox 2297 3234 2356 3259; x_wconf 64' lang='lat' dir='ltr'><strong>anf„</strong></span> <span class='ocrx_word' id='word_1_807' title='bbox 2351 3235 2390 3249; x_wconf 69' lang='lat'>5¹—-</span> 
     </span>
     <span class='ocr_line' id='line_1_106' title="bbox 1208 3264 2391 3314; baseline -0.003 0"><span class='ocrx_word' id='word_1_808' title='bbox 1208 3276 1392 3314; x_wconf 72' lang='lat' dir='ltr'><strong>fumorum</strong></span> <span class='ocrx_word' id='word_1_809' title='bbox 1428 3282 1461 3310; x_wconf 93' lang='lat' dir='ltr'>et</span> <span class='ocrx_word' id='word_1_810' title='bbox 1499 3271 1779 3310; x_wconf 81' lang='lat' dir='ltr'><strong>immutabilium</strong></span> <span class='ocrx_word' id='word_1_811' title='bbox 1808 3271 1983 3310; x_wconf 89' lang='lat' dir='ltr'><strong>bonorum</strong></span> <span class='ocrx_word' id='word_1_812' title='bbox 2009 3264 2276 3311; x_wconf 68' lang='lat' dir='ltr'><strong>tliesamos¹¹⁰¹¹¹</strong></span> <span class='ocrx_word' id='word_1_813' title='bbox 2297 3276 2325 3293; x_wconf 87' lang='lat'>¹¹¹</span> <span class='ocrx_word' id='word_1_814' title='bbox 2342 3274 2391 3294; x_wconf 46' lang='grc' dir='ltr'>’θ’</span> 
     </span>
    </p>
   </div>
   <div class='ocr_carea' id='block_1_14' title="bbox 2206 1582 2363 1612">
    <p class='ocr_par' dir='ltr' id='par_1_23' title="bbox 2206 1582 2363 1612">
     <span class='ocr_line' id='line_1_107' title="bbox 2206 1582 2363 1612; baseline 0 -1"><span class='ocrx_word' id='word_1_815' title='bbox 2206 1584 2267 1612; x_wconf 77' lang='lat' dir='ltr'><strong>Jer.</strong></span> <span class='ocrx_word' id='word_1_816' title='bbox 2291 1591 2314 1611; x_wconf 80' lang='grc' dir='ltr'>Ι.</span> <span class='ocrx_word' id='word_1_817' title='bbox 2335 1582 2363 1611; x_wconf 80' lang='lat'>5.</span> 
     </span>
    </p>
   </div>
   <div class='ocr_carea' id='block_1_15' title="bbox 1229 3388 1726 3432">
    <p class='ocr_par' dir='ltr' id='par_1_24' title="bbox 1229 3388 1726 3432">
     <span class='ocr_line' id='line_1_108' title="bbox 1229 3388 1726 3432; baseline -0.004 -11"><span class='ocrx_word' id='word_1_818' title='bbox 1229 3401 1241 3415; x_wconf 75' lang='lat'>²</span> <span class='ocrx_word' id='word_1_819' title='bbox 1267 3388 1325 3421; x_wconf 67' lang='lat' dir='ltr'><strong>Alii</strong></span> <span class='ocrx_word' id='word_1_820' title='bbox 1340 3388 1599 3432; x_wconf 71' lang='grc' dir='ltr'>[Α.]ἑξεκα).ύροη</span> <span class='ocrx_word' id='word_1_821' title='bbox 1617 3394 1654 3430; x_wconf 75' lang='grc' dir='ltr'>τῇ</span> <span class='ocrx_word' id='word_1_822' title='bbox 1671 3392 1726 3420; x_wconf 73' lang='grc' dir='ltr'>οἶν.</span> 
     </span>
    </p>
   </div>
  </div>
 </body>
</html>
