2502 3810
136 2681 278 2713 col-68.

327 266 417 325 782
779 280 816 308 s.

322 359 449 409 inquit,
464 359 543 395 iflos
571 371 640 394 non
656 365 790 408 oportet
803 357 840 394 in
856 357 1097 396 necessitatem
1121 356 1301 406 inducere,

320 420 382 457 sed
397 419 426 456 si
442 427 599 469 oporteat
621 418 693 455 illis
706 417 900 469 indulgere,
920 418 958 456 id
977 433 1046 456 non
1065 418 1301 457 recusandum

319 488 379 516 est.
411 473 493 515 ideo
526 478 603 515 haec
636 478 822 529 subjungit
842 494 849 514 ε
868 479 962 517 Noli
990 481 1075 519 cibo
1101 488 1166 516 tuo
1187 479 1299 517 illum

314 540 485 590 perdere,
505 552 576 589 pro
605 552 678 590 quo
700 539 874 576 Christus
890 547 1061 577 mortuus
1073 547 1143 577 est.
1161 541 1214 576 An
1227 539 1300 576 fra-

316 608 404 636 trem
424 607 527 636 tuum
543 598 631 636 tanti
664 612 734 636 non
751 598 848 646 facis,
868 608 907 636 ut
925 613 986 650 per
1014 599 1263 636 abstinentiam
1279 613 1299 636 a

315 659 404 696 cibis
439 659 514 710 ejus
540 659 694 696 animam
720 658 895 696 lucreris?
924 662 972 696 At
998 659 1162 697 Christus
1186 673 1299 710 neque

314 720 538 769 servitutem,
553 733 664 770 neque
682 728 832 757 mortem
852 719 948 757 illius
969 719 1081 771 gratia
1095 720 1293 770 recusavit3

314 790 353 817 tu
372 794 456 818 vero
473 794 585 831 neque
603 781 698 819 cibos
713 780 919 826 contemnis,
936 789 975 817 ut
992 779 1047 817 illi
1065 780 1217 818 salutem
1235 794 1298 832 pa-

311 841 407 878 rias‘.3
425 841 653 893 Quamquam
670 841 764 879 enim
782 855 852 879 non
882 855 1001 879 omnes
1020 840 1223 878 lucraturus
1238 855 1293 878 es-

310 911 362 940 set
385 903 562 948 Christus,
595 912 749 940 attamen
768 916 834 954 pro
852 902 1017 940 omnibus
1045 911 1206 939 mortuus
1225 911 1290 952 est,

311 964 406 1014 quod
428 979 533 1002 suum
545 973 620 1002 erat
639 964 801 1015 implens.
817 965 874 1002 Tu
895 977 979 1001 vero
999 977 1080 1000 cum
1098 962 1187 1000 scias
1205 972 1240 1000 te
1252 963 1294 1000 il-

311 1026 387 1065 lum
419 1036 564 1079 propter
597 1027 719 1065 cibum
736 1027 773 1064 in
792 1026 989 1079 majoribus
1018 1026 1237 1075 subvertere,
1259 1036 1292 1064 et

310 1088 428 1126 adhuc
448 1088 642 1138 contendis,
664 1097 769 1139 atque
786 1102 882 1138 eum,
898 1101 1005 1138 quem
1024 1087 1188 1125 Christus
1204 1088 1293 1125 tanti

308 1150 409 1199 facit,
435 1151 484 1188 ita
513 1149 809 1188 contemnendum
838 1158 955 1201 putas,
989 1157 1022 1186 et
1049 1148 1157 1186 illum
1186 1162 1293 1199 quem

310 1212 474 1249 Christus
502 1212 641 1261 dilexit,
674 1211 773 1249 nullo
794 1210 829 1248 in
846 1210 960 1262 pretio
979 1209 1115 1247 habes?
1139 1210 1203 1247 llle
1222 1224 1291 1247 non

305 1287 372 1324 pro
391 1273 534 1310 infirmo
556 1281 709 1322 tantum,
732 1270 793 1309 sed
813 1271 917 1309 etiam
938 1284 1002 1322 pro
1020 1270 1165 1308 inimico
1196 1285 1292 1308 mor-

304 1342 388 1370 tuus
417 1343 486 1382 est3
510 1343 549 1370 tu
564 1347 647 1370 vero
666 1346 729 1384 pro
750 1332 891 1368 infirmo
921 1345 964 1369 ne
986 1345 1006 1367 a
1029 1330 1108 1368 cibo
1141 1331 1289 1380 quidem

303 1393 482 1432 abstines?
503 1403 536 1431 et
555 1394 718 1431 Christus
740 1392 837 1442 quod
874 1391 1073 1429 maximum
1093 1400 1166 1429 crat
1189 1391 1288 1440 fecit5

303 1464 342 1492 tu
359 1469 443 1493 vero
464 1469 575 1505 neque
602 1454 697 1505 quod
729 1453 848 1493 minus
873 1462 922 1490 est
950 1452 1050 1499 facis,
1070 1466 1153 1489 cum
1170 1461 1288 1490 tamen

302 1516 377 1568 ipse
390 1517 436 1554 sit
456 1515 646 1565 Dominus,
667 1524 707 1553 tu
725 1528 810 1553 vero
827 1514 960 1551 frater?
982 1514 1066 1551 Haec
1085 1528 1167 1552 sane
1179 1513 1288 1551 verba

300 1586 462 1629 poterant
490 1577 595 1614 illum
626 1589 783 1614 coercere
799 1590 807 1611 :
830 1574 1020 1613 ostendunt
1052 1574 1148 1612 enim
1181 1574 1287 1612 illum

299 1639 557 1677 contentiosum
571 1652 658 1686 esse,
678 1646 711 1676 et
725 1651 807 1675 cum
828 1650 955 1688 magna
969 1650 989 1673 a
1008 1637 1084 1673 Deo
1099 1635 1285 1688 acceperit,

298 1713 342 1737 ne
363 1700 503 1738 modica
520 1698 666 1751 quidem
680 1698 885 1735 retribuere.
908 1699 970 1736 16.
984 1698 1075 1736 Non
1090 1711 1178 1749 ergo
1201 1698 1287 1734 hla-

297 1763 518 1812 sphemetur
537 1764 676 1799 bonum
695 1768 894 1804 vestrum5
914 1759 977 1796 17.
1002 1772 1079 1796 non
1098 1767 1154 1796 est
1182 1761 1285 1795 enim

297 1837 458 1875 regnum
471 1824 547 1861 Dei
565 1837 651 1861 esca
668 1831 705 1860 et
724 1830 851 1874 potus.
863 1821 1002 1858 Bonum
1016 1820 1077 1857 hic
1095 1829 1156 1857 aut
1176 1819 1284 1858 fidem

296 1883 398 1934 dicit,
430 1894 490 1922 aut
509 1884 667 1921 futuram
689 1882 920 1936 praemiorum
953 1895 1066 1933 spem,
1083 1890 1145 1919 ant
1165 1882 1283 1933 perfe-

296 1954 389 1983 ctam
408 1945 585 1997 pietatem.
618 1946 697 1982 Non
717 1942 821 1981 modo
852 1942 958 1991 enim,
978 1942 1108 1993 inquit,
1136 1943 1282 1980 fratrem

296 2020 366 2044 non
379 2007 505 2058 juvas3
533 2006 595 2044 sed
613 2015 645 2043 et
674 2005 793 2057 ipsum
812 2004 954 2055 dogma,
975 2004 1128 2055 gratiam
1147 2004 1228 2051 Dei,
1250 2013 1282 2042 et

296 2068 433 2105 donum
466 2066 708 2119 blasphemari
736 2080 851 2104 curas.
877 2065 1030 2113 Quando
1046 2064 1140 2102 enim
1162 2064 1281 2116 litigas

297 2138 329 2166 et
340 2128 532 2177 contendis,
552 2127 694 2180 quando
719 2141 869 2165 moerore
884 2126 1012 2174 afficis,
1025 2125 1166 2176 quando
1183 2126 1279 2164 scin-

297 2189 353 2228 dis
370 2190 580 2238 Ecclesiam,
601 2198 634 2228 et
647 2189 679 2227 fi
681 2198 735 2226 at1
737 2203 792 2227 em
807 2187 976 2226 conviciis
992 2201 1130 2238 oneras,
1149 2197 1182 2225 et
1192 2202 1280 2238 qua-

297 2251 327 2288 si
361 2251 545 2289 inimicum
559 2250 683 2300 habes,
718 2249 853 2288 exte1ni
872 2249 1134 2301 blasphemant
1158 2248 1281 2299 Itaque

295 2326 365 2350 non
383 2311 488 2349 modo
507 2312 597 2350 nihil
618 2310 701 2348 inde
723 2310 945 2360 emendatur,
970 2309 1042 2346 imo
1060 2309 1279 2347 contrarium

294 2374 438 2412 omnino
457 2372 597 2412 accidit.
619 2372 757 2410 Bonum
772 2371 862 2409 enim
884 2380 1042 2408 testium
1058 2379 1110 2408 est
1122 2369 1280 2418 dilectio,

295 2436 471 2473 fraternus
493 2448 603 2482 amor,
624 2432 826 2484 conjunctio
855 2441 888 2469 et
920 2431 1112 2482 colligatio,
1134 2431 1208 2470 Vita
1242 2431 1279 2470 in

293 2511 380 2549 pace
404 2505 437 2536 et
456 2493 726 2533 mansuetudine
743 2501 832 2530 acta.
854 2491 992 2530 Deinde
1010 2505 1134 2529 rursus
1153 2500 1190 2529 ut
1209 2491 1280 2529 hu-

290 2558 350 2609 jus
364 2557 539 2604 timorem,
556 2555 653 2593 illius
669 2552 925 2592 contentionem
936 2552 1064 2601 solvat,
1083 2551 1132 2589 ait
1158 2567 1167 2588 :
1189 2553 1280 2590 ZVon

293 2627 349 2656 est
367 2621 468 2655 enim
483 2630 643 2669 regnum
657 2617 734 2653 Dei
755 2628 840 2652 esca
856 2622 891 2651 et
908 2614 1133 2665 potus.Num
1148 2613 1192 2650 ab
1206 2613 1280 2651 illis

292 2679 434 2730 probati
453 2692 524 2716 esse
543 2675 754 2729 possumus?
775 2674 882 2720 Quod
907 2683 940 2711 et
959 2674 1045 2711 alibi
1064 2673 1152 2711 dicit
1176 2689 1183 2709 :
1201 2675 1278 2712 ,Ne-

292 2753 366 2791 que
394 2742 427 2777 si
447 2739 735 2785 manducemus,
753 2735 1064 2778 abundabimus;
1095 2748 1216 2786 neque
1244 2735 1280 2772 si

291 2816 368 2838 non
398 2801 689 2844 manducemus,
726 2800 852 2848 miuus
885 2798 1124 2834 habebimus.
1155 2797 1276 2846 Neque

287 2861 497 2913 probatione
507 2860 568 2897 hic
587 2872 676 2910 opus
706 2866 771 2903 cst,
804 2857 865 2895 sed
882 2857 967 2895 satis
982 2865 1033 2893 est
1064 2856 1274 2894 sententiam

288 2922 434 2970 dixisse,
451 2936 490 2959 ac
510 2921 538 2958 si
559 2920 692 2957 diceret
715 2934 722 2954 z
742 2919 838 2956 Num
857 2917 887 2955 si
908 2916 1190 2966 manducaveris,
1206 2917 1274 2954 hoc

287 2983 324 3020 in
346 2997 495 3034 regnum
518 2991 551 3019 te
570 2979 729 3017 inducit?
747 2978 901 3030 Ideoque
935 2978 1019 3015 illos
1040 2992 1198 3029 carpens,
1235 2986 1275 3015 ut

288 3043 399 3080 altum
413 3058 451 3080 ca
468 3042 511 3080 de
534 3055 639 3079 causa
656 3039 846 3091 sapientes,
867 3052 939 3076 non
960 3038 1079 3075 cibum
1094 3037 1199 3075 modo
1214 3037 1274 3075 di—

289 3105 358 3155 xit,
385 3104 445 3142 sed
471 3113 503 3142 et
523 3112 649 3155 potum
679 3100 834 3138 addidit.
865 3101 1036 3146 Quaenam
1062 3113 1145 3150 ergo
1176 3108 1272 3148 sunt,

288 3180 368 3215 quae
388 3166 424 3203 in
439 3179 587 3217 regnum
605 3161 968 3207 inducuntfflustitia,
990 3175 1074 3213 pax,
1091 3159 1273 3212 gaudium,

288 3227 360 3263 vita
381 3241 461 3264 cum
482 3226 615 3263 virtute
628 3233 805 3275 acta,pax
817 3237 899 3261 cum
920 3223 1030 3259 fratre
1044 3231 1198 3271 servata,
1215 3221 1274 3258 cui

289 3287 462 3324 contraria
479 3296 529 3324 est
548 3284 740 3334 contentio,
760 3283 896 3329 laetitia,
922 3297 1000 3333 quae
1017 3297 1061 3322 ex
1083 3282 1274 3320 concordia

331 3399 347 3422 1³
373 3398 430 3439 [Α.
449 3401 480 3429 οὖ
496 3402 613 3433 πάντως
632 3401 764 3434 ἅπαντας
781 3398 939 3437 κερδαίνειν
954 3400 1005 3438 ἐμ.
1026 3399 1040 3429 ὁ
1056 3396 1110 3436 Χ.]

329 3460 341 3473 ⁶
365 3456 557 3493 sarapion-»om
581 3447 663 3479 Vide
689 3459 725 3479 ea
749 3459 820 3489 quse
843 3449 875 3478 in
901 3446 986 3478 hanc
1014 3458 1127 3478 vocem
1152 3445 1296 3478 diximus

853 278 1037 308 JOANMS
1072 276 1311 308 CIIRYSOST.
1350 274 1557 306 ARCHIEP.
1596 277 1949 309 CONSTANTINOP.

1373 358 1496 395 ὀκνεῖν.
1517 357 1580 395 Διὸ
1601 357 1661 395 καὶ
1691 358 1813 410 ἐπάγε·
1836 359 1970 410 λέγων·
1990 360 2052 407 Μὴ
2079 363 2128 413 τῷ
2150 361 2311 414 βρώματί
2330 377 2390 399 σου

1373 418 1501 456 ἐκεῖνον
1531 418 1682 457 ἀπόλλυε
1697 449 1707 466 ,
1740 419 1828 473 ὑπὲρ
1861 424 1898 457 οὓ
1935 421 2087 474 Χριστὸς
2120 423 2300 461 ἀπέθανεν.
2339 421 2391 460 Ἢ

1373 477 1447 515 οὐδὲ
1466 478 1629 516 τοσούτου
1655 479 1746 523 ἄξιον
1774 484 1861 517 εἰναι
1880 483 1950 526 ἡ·“’
1905 497 1949 532 γῃ
1970 480 2027 519 τὸν
2055 482 2222 534 ἀδελφὸν,
2241 484 2288 525 ὡς
2305 482 2392 532 μηδὲ

1373 540 1490 590 ἀποχῇ
1523 539 1718 590 βρωμάτων
1746 540 1947 587 ὠνήσασθαι
1977 542 2078 580 αυτοῦ
2103 542 2166 588 τὴν
2196 541 2392 594 σωτηρίαν;
2419 545 2421 547 ’

1371 599 1442 637 Καὶ
1463 603 1480 638 ὁ
1501 600 1561 649 μὲν
1582 600 1731 653 Χριστὸς
1752 600 1826 638 οὐδὲ
1846 603 1962 645 δοῦλος
1977 602 2136 652 γενέσθαι
2159 602 2234 641 οὐδὲ
2261 604 2394 641 ἀποθα-

1371 665 1439 698 νεῖν
1455 661 1687 714 παρῃτήσατο
1706 661 1752 700 δι’
1771 662 1870 700 αὐτόν
1886 679 1893 686 ·
1911 663 1951 702 σὺ
1968 664 2002 701 δὲ
2022 662 2098 701 οὐδὲ
2119 663 2310 716 βρωμάτων
2331 680 2394 702 κα-

1369 727 1561 773 ταφρονεῖς,
1582 721 1637 759 ἵνα
1657 722 1760 760 αὐτὸν
1776 722 1972 775 διασώσῃς;
1991 724 2104 762 καίτοι
2123 740 2162 775 γε
2181 723 2242 762 ιὀὔ
2260 724 2393 767 πάντας

1369 781 1493 831 ἔμελλε
1521 783 1695 834 κερδανεῖν
1717 786 1734 820 ὃ
1755 782 1922 836 Χριστὸς,
1950 784 2063 821 ἀλλ’
2042 800 2137 835 ομως
2165 783 2228 822 υπὲ
2233 800 2250 836 ρ
2280 784 2394 822 ἁπάν-

2056 844 2106 883 Συ
2135 845 2170 882 δε
2198 839 2309 892 οἶδας,
2339 860 2392 882 οτι

1367 857 1435 879 των
1471 841 1637 889 ἀπέθανε,
1665 843 1704 881 τὸ
1734 846 1836 881 αὑτοῦ
1866 845 2022 894 πληρῶν.

1368 903 1424 940 διὰ
1453 905 1618 954 βρῶμα
1599 903 1804 955 ανατρέπεις
1823 904 1924 942 αὐτὸν
1946 907 1978 943 ἐν
1999 911 2069 947 τοῖς
2086 921 2143 954 μει
2136 904 2239 952 ζοσι,
2258 921 2317 942 και
2340 905 2392 942 ἔτι

1369 965 1586 1015 φιλονεικεῖς,
1600 981 1660 1002 και
1674 980 1731 1003 τον
1751 964 1840 1003 οὕτω
1853 965 2151 1018 περισπούδαστον
2168 969 2217 1017 τῷ
2233 967 2392 1041 Χριστῶ,

1368 1025 1475 1068 οὕτως
1494 1026 1791 1079 εὐκαταφρόνητον
1820 1030 1907 1064 εἶναι
1926 1027 2099 1077 νομίζεις,
2118 1027 2178 1064 καὶ
2201 1026 2238 1064 ὃν
2265 1029 2392 1069 ἐκεῖνος

1367 1086 1493 1137 ἐφίλση
1497 1103 1549 1134 εν,
1570 1088 1771 1138 ἀτιμάζεις,
1792 1089 1960 1131 Κάκεῖνος
1976 1089 2039 1139 οὐχ
2061 1087 2146 1139 ὑπερ
2167 1090 2390 1131 ἀσθενοῦντος

1368 1147 1491 1197 μόνον,
1526 1148 1617 1186 ἀλλὰ
1645 1148 1704 1186 καὶ
1731 1148 1819 1199 ὑπὲρ
1847 1150 1969 1200 ἐχθροῦ
1999 1147 2171 1186 ἀπέθανε·
2192 1147 2233 1185 σὺ
2253 1147 2289 1186 δὲ
2315 1149 2388 1185 οὐδ’

1365 1209 1451 1260 ὑπὲρ
1471 1211 1692 1253 ἀσθενοῦντος
1714 1208 1830 1261 ἀπέχῃ
1854 1209 2075 1261 βρωμάτων,
2097 1209 2156 1246 καὶ
2177 1212 2195 1246 ὅ
2212 1207 2274 1258 μὲν
2300 1209 2388 1260 Χρι-

1364 1269 1442 1312 στὸς
1460 1270 1519 1307 καὶ
1536 1269 1575 1307 τὸ
1593 1270 1754 1321 μέγιστον
1774 1269 1969 1313 ἐπεδείξατο
1981 1300 1990 1317 ,
2009 1267 2050 1308 σὺ
2071 1268 2106 1306 δὲ
2133 1269 2208 1307 οὐδὲ
2227 1269 2267 1307 τὸ
2285 1269 2387 1306 ἔλατ-

1362 1345 1441 1376 τον,
1470 1330 1584 1368 καίτοι
1616 1334 1633 1368 ὃ
1655 1329 1717 1380 μὲν
1738 1330 1937 1377 Δεσπότης,
1957 1329 1997 1368 σὺ
2020 1329 2055 1367 δὲ
2078 1329 2236 1382 ἀδελφός.
2261 1331 2387 1367 Ταῦτα

1362 1390 1397 1427 δὲ
1417 1392 1475 1428 καὶ
1495 1392 1623 1428 ἐκεῖνον
1649 1391 1751 1429 ἱκανὰ
1777 1391 1966 1442 ἐπιστύψαι
1985 1390 2028 1428 τὰ
2049 1391 2192 1442 ῥήματα
2208 1405 2217 1413 ·
2235 1390 2387 1428 δείκνυσι

1359 1449 1426 1501 γὰρ
1445 1452 1548 1488 αὐτὸν
1567 1450 1808 1502 ομικρόγυχον
1838 1451 1939 1498 ὄντα,
1968 1450 2028 1488 καὶ
2059 1449 2220 1501 μεγάλων
2252 1452 2385 1489 ἀπολε-

1358 1510 1513 1548 λαυκότα
1531 1511 1627 1564 παρὰ
1643 1515 1702 1549 τοῦ
1721 1513 1832 1558 Θεοῦ,
1853 1527 1914 1549 και
1932 1510 2009 1549 ουδὲ
2026 1510 2136 1562 μικρὰ
2156 1511 2385 1550 ἀντιδιδόντα.

1358 1570 1418 1616 Μὴ
1438 1573 1481 1622 βλ
1484 1571 1711 1623 ασφημείσθω
1731 1565 1787 1610 οῦν
1809 1574 1906 1622 ὑαῶν
1923 1571 1962 1609 τὸ
1981 1571 2132 1623 ἀγαθόν’
2153 1574 2190 1610 οὗ
2208 1572 2275 1624 γάρ
2291 1575 2383 1612 ἐστιν

1358 1635 1379 1678 ἡ
1405 1607 1567 1683 βασιλεία
1589 1638 1649 1671 τοῦ
1681 1634 1773 1672 Θεοῦ
1806 1636 1935 1685 βρῶσις
1966 1632 2026 1670 καὶ
2051 1632 2163 1676 πόσις.
2183 1633 2237 1671 Τὸ
2255 1634 2383 1684 ἀγαθὸν

1356 1694 1504 1731 ἐνταῦθα
1522 1692 1544 1738 ἢ
1562 1692 1624 1740 τὴν
1647 1693 1765 1731 πίστιν
1785 1693 1887 1745 φησὶν
1894 1723 1903 1742 ,
1921 1692 1946 1739 ἢ
1964 1692 2026 1740 τὴν
2045 1692 2239 1743 μέλλουσαν
2258 1692 2384 1732 ἐλπίδα

1355 1755 1423 1791 τῶν
1456 1753 1639 1802 ἐπάθλων,
1669 1754 1690 1800 ἢ
1721 1753 1783 1801 τὴν
1819 1754 2081 1806 ἀπηρτισμένην
2109 1754 2299 1793 εὐσέὸειαν.
2327 1756 2382 1793 Οὐ

1354 1815 1422 1868 γὰρ
1450 1815 1552 1865 μόνον
1565 1846 1574 1863 ,
1592 1816 1688 1868 φησὶ,
1712 1816 1770 1854 τὸν
1790 1817 1935 1868 ἀδελφὸν
1957 1817 2016 1854 οὐκ
2037 1816 2193 1867 ὠφελεῖς,
2214 1815 2303 1855 ἀλλὰ
2322 1815 2386 1853 καὶ

1356 1881 1440 1919 αὐτὸ
1456 1881 1496 1919 τὸ
1515 1880 1647 1932 δόγμα,
1669 1881 1730 1919 καὶ
1748 1880 1811 1928 τὴν
1831 1881 1935 1933 χάριν
1956 1884 2016 1919 τοῦ
2031 1882 2136 1929 Θεοῦ,
2156 1880 2216 1919 καὶ
2234 1880 2296 1928 τὴν
2314 1881 2384 1919 δω-

1356 1947 1434 2000 ρεὰν
1464 1950 1749 2000 βλασφημεῖσθαι
1775 1953 1898 1991 ποιεῖς.
1923 1947 2035 1986 ‘'O-:av
2065 1946 2132 1999 γὰρ
2162 1947 2280 1999 μάχῃ,
2297 1946 2382 1985 ὅταν

1355 2014 1550 2064 φιλονεικῇς
1561 2042 1570 2058 ,
1586 2012 1667 2051 ὅταν
1687 2015 1799 2063 λυπῇς
1811 2042 1820 2059 ,
1837 2012 1917 2050 ὅταν
1934 2010 2056 2064 σχίζῃς
2071 2010 2133 2057 τὴν
2150 2010 2382 2058 Ἐκκλησίαν,
2432 2048 2436 2049 ⁷

1353 2081 1412 2119 καὶ
1434 2082 1592 2133 λοιδορῆς
1618 2081 1676 2119 τὸν
1708 2080 1873 2132 ἀδελφὸν,
1902 2080 1962 2118 καὶ
1992 2081 2154 2130 ἀπεχθῶς
2183 2078 2266 2130 ἔχῃς
2296 2079 2383 2131 πρὸς

1354 2147 1455 2186 αὐτὸν
1473 2178 1482 2196 ,
1503 2149 1771 2199 βλασφημοῦσιν
1789 2148 1819 2185 οἷ
1839 2146 1960 2191 ἔξωθεν
1978 2161 1986 2170 ·
2008 2145 2098 2184 ὥστε
2119 2148 2157 2184 οὐ
2187 2145 2290 2197 μόνον
2321 2148 2378 2184 οὐ·

1354 2215 1408 2253 δὲν
1427 2216 1581 2253 ἐντεῦθεν
1602 2218 1855 2267 κατορθοῦται,
1872 2213 1961 2252 ἀλλὰ
1981 2212 2039 2251 καὶ
2058 2212 2254 2251 τούναντίον
2274 2213 2378 2252 ἅπαν.

1352 2282 1405 2321 Τὸ
1423 2282 1490 2334 γὰρ
1511 2282 1638 2333 ἀγαθὸν
1666 2283 1762 2331 ὓμῶν
1795 2284 1816 2327 ἦ
1851 2281 1992 2331 ἀγάπη,
2025 2283 2047 2326 ἡ
2081 2280 2308 2333 φιλαδελφία,
2339 2280 2379 2317 τὸ

1352 2351 1529 2396 ἡνῶσθαι,
1552 2348 1591 2386 τὸ
1612 2347 1858 2394 συνδεδέσθαι,
1883 2347 1924 2384 τὸ
1950 2347 2025 2396 μετ’
2054 2345 2212 2398 εἰρήνης,
2231 2346 2270 2384 τὸ
2301 2348 2378 2397 μετ’

1355 2414 1540 2457 ἐπιεικείας
1563 2417 1636 2466 ζῇν.
1662 2407 1751 2452 Εἶτα
1777 2413 1882 2451 πάλιν
1902 2411 2032 2450 ἐκλύων
2059 2413 2163 2450 αὐτοῦ
2189 2411 2245 2450 τὸν
2272 2412 2377 2464 φόὸον

1353 2480 1412 2519 καὶ
1430 2480 1493 2528 τὴν
1519 2480 1648 2518 ἐκείνου
1668 2478 1878 2532 φιλονεικίαν
1891 2509 1901 2528 ,
1924 2477 2026 2531 φησίν
2045 2493 2052 2501 ·
2073 2479 2126 2516 Οὐ
2154 2477 2222 2530 γάρ
2241 2479 2333 2515 ἐστιν
2354 2481 2378 2524 ἦ

1354 2549 1515 2600 βασιλεία
1533 2553 1592 2586 τοῦ
1616 2550 1707 2586 Θεοῦ
1738 2550 1866 2599 βρῶσις
1891 2546 1951 2584 καὶ
1982 2545 2094 2588 πόσις.
2123 2544 2184 2592 Μὴ
2216 2544 2283 2596 γὰρ
2308 2545 2381 2583 ἀπὸ

1351 2614 1480 2653 τούτων
1498 2616 1725 2664 εὐδοκιμῆσαι
1745 2613 1894 2665 ἔχομεν;
1914 2611 2032 2663 “Ort-sp
2054 2611 2114 2650 καὶ
2133 2612 2288 2663 ἀλλαχοῦ
2307 2626 2377 2663 φη-

1352 2697 1404 2720 σιν
1423 2696 1430 2704 ·
1452 2681 1565 2729 Οὔτε,
1588 2681 1646 2718 ἐὰν
1674 2679 1864 2733 φάγωμεν,
1889 2677 2139 2729 περισσεύομεν
2157 2693 2164 2701 ·
2189 2678 2285 2726 οὔτε,
2314 2677 2374 2716 ἐὰν

1352 2765 1398 2799 μη
1423 2749 1606 2800 φάγωμεν,
1629 2750 1850 2798 ὑστεροῦμεν.
1871 2745 1942 2785 Καὶ
1964 2745 2039 2783 οὐδὲ
2063 2748 2280 2791 κατασκευῆς
2302 2745 2374 2782 δεῖ·

1348 2832 1425 2863 ται,
1446 2816 1522 2852 ἀλλ’
1546 2816 1705 2866 ἀρκεῖται
1723 2817 1766 2864 τῇ
1788 2812 1974 2864 ἀποφάσει.
1999 2811 2050 2850 “O
2069 2811 2104 2849 δὲ
2131 2811 2244 2863 λέγει,
2263 2814 2373 2849 τοιοῦ-

1347 2880 1404 2917 τόν
1422 2883 1495 2919 ἐστι
1512 2895 1520 2903 ·
1543 2881 1590 2930 μὴ
1611 2877 1700 2930 γὰρ,
1718 2879 1777 2916 ἐὰν
1800 2879 1934 2930 φάγῃς,
1950 2877 2053 2915 τοῦτό
2068 2892 2105 2915 σε
2129 2878 2175 2920 εἷς
2194 2876 2374 2928 βασιλείαν

1349 2949 1496 2999 εἰσάγει,
1513 2947 1578 2985 Διὸ
1592 2947 1652 2984 καὶ
1673 2946 1843 2997 διασύρων
1861 2945 1998 2992 αὐτοὺς,
2013 2947 2060 2988 ὡς
2078 2944 2168 2995 μέγα
2187 2944 2244 2982 ἐπὶ
2261 2943 2373 2996 τούτῳ

1349 3019 1574 3068 φρονοῦντας,
1595 3013 1673 3065 οὐχὶ
1695 3016 1824 3065 βρῶσιν
1840 3006 1915 3050 εἷπε
1933 3012 2055 3063 μόνον,
2078 3010 2167 3049 ἀλλὰ
2184 3010 2243 3048 καὶ
2258 3009 2373 3049 πόσιν.

1350 3082 1441 3121 Τίνα
1461 3075 1518 3119 οῦν
1547 3082 1623 3118 ἐστι
1640 3079 1685 3117 τὰ
1705 3079 1906 3130 εἰσάγοντα,
1927 3077 2136 3125 Δικαιοσύνη
2163 3077 2221 3115 καὶ
2253 3077 2372 3129 εἰρήνη

1299 3153 1322 3183 E
1394 3149 1401 3161 x
1420 3164 1428 3170 ἡ
1497 3146 1506 3162 s
1552 3149 1562 3162 e
1588 3147 1597 3161 ²
1632 3146 1702 3169 [ΑΜ.
1758 3145 1793 3181 ss'
1858 3163 1865 3168 ,
1933 3145 2028 3170 „Lu-¹
2086 3146 2136 3168 '’¹³-
2163 3145 2196 3170 ,Η
2257 3147 2267 3159 '
2303 3144 2313 3158 '

1348 3165 1406 3187 και
1421 3163 1532 3200 χαρα,
1549 3163 1566 3184 ο
1583 3161 1739 3197 εναρε.ος
1757 3181 1763 3193 Δ
1783 3160 1840 3191 ιος,
1862 3149 1878 3192 ἡ
1900 3161 1985 3196 προς
2006 3161 2055 3183 ,ον
2078 3147 2223 3197 αοελρον
2239 3161 2371 3196 ειρηνη,

1350 3210 1371 3217 ω

1346 3219 1368 3266 ᾗ
1391 3217 1604 3252 ἐναντιοῦται
1626 3211 1711 3259 αὕτη
1731 3216 1751 3258 ἢ
1774 3212 1964 3264 φιλονεικία
1983 3229 1990 3236 ·
2011 3216 2032 3259 ἡ
2057 3214 2096 3250 ἐκ
2123 3216 2186 3259 τῆς
2212 3211 2372 3263 ὁμονοίας

1424 3280 1433 3295 Χ
1489 3280 1503 3296 ‘3
1554 3281 1564 3294 5
1668 3284 1680 3290 ὐ
1730 3279 1744 3293 :l
1866 3281 1875 3293 ³
1913 3279 1920 3291 Ι
2000 3279 2014 3292 P
2107 3281 2116 3292 1
2139 3283 2161 3291 ιν
2242 3278 2269 3292 αἱ
2329 3281 2340 3293 ¹>

1348 3296 1464 3332 χαρα,
1484 3296 1525 3327 ην
1547 3295 1681 3331 αναιρει
1704 3295 1791 3327 αυτη
1818 3282 1839 3327 ἡ
1861 3281 2061 3327 επιπληςις.
2083 3281 2209 3319 Ἰαυτα
2239 3295 2274 3317 οε
2307 3294 2371 3330 ουχ

1361 3405 1459 3435 snpra
1476 3394 1575 3425 Hom.
1593 3392 1708 3424 XXII.
