2466 3805
727 192 766 221 IN

519 451 698 489 OMIAIA
725 450 769 502 γ’.

128 569 220 608 Τότε
251 569 469 623 ὑπέστρεψαν
486 574 516 609 οἱ
540 571 726 610 ἀπόστολοι
747 572 793 614 εἷς
814 570 1046 623 Ἰερουσαλὴμ
1078 572 1147 610 ἀπὸ

181 630 278 682 ὅρους
295 636 354 670 τοῦ
373 632 586 682 καλουμένου
605 634 767 677 ἐλαιῶνος
779 663 788 681 ,
811 632 832 670 ὅ
848 634 940 670 ἐστιν
961 631 1059 684 ἐγγὺς
1075 631 1144 670 Ἱε-

183 692 378 744 ρουσαλὴμ,
392 692 570 731 σαὸὅάτου
585 693 664 745 ἕχον
679 693 767 732 ὁδόν.

178 813 288 861 Τότε,
302 813 418 865 φησὶν,
433 813 663 865 ὑπέστρεψαν.
680 814 788 861 Τότε,
808 813 891 852 πότε
907 829 915 858 ;
936 812 1025 852 ‘'Oi-e
1043 813 1144 859 ἤκου·

124 889 200 911 σαν.
219 875 271 911 Οὐ
291 874 358 925 γὰρ
375 873 415 910 ἂν
431 873 566 916 οᾶλλως
586 873 793 925 ἠνέσχοντο,
814 876 842 911 εἷ
864 873 911 924 μὴ
942 873 1062 925 ἑτέραν
1084 875 1144 911 αὖ·

122 939 193 977 τοῖς
216 933 408 984 παρουσίαν
440 933 621 985 ὑπέσχετο.
637 936 741 972 Δοκεῖ
759 933 796 971 δέ
813 950 871 984 μοι
903 934 963 972 καὶ
997 935 1031 971 ἓν
1060 935 1142 973 con&-

123 993 219 1046 ὅοίτῳ
240 994 415 1046 γεγονέναι
433 999 553 1032 ταῦτα.
574 996 627 1032 Οὐ
645 993 713 1046 γὰρ
742 993 781 1031 ἂν
809 994 898 1032 οὕτω
922 994 982 1032 καὶ
1005 995 1046 1033 τὸ
1067 995 1144 1033 διά-

122 1069 242 1104 στημα
275 1054 446 1100 ἐδήλωσεν
480 1053 598 1101 εἰπὼν,
631 1054 714 1092 Ἀπὸ
733 1054 831 1106 ὅρους
852 1059 912 1093 τοῦ
930 1055 1143 1106 καλουμένου

121 1115 284 1158 ἐλαιῶνος
296 1145 304 1160 ,
325 1114 346 1152 ὅ
362 1117 455 1152 ἐστιν
471 1114 571 1166 ἐγγὺς
590 1114 822 1167 Ἰερουσαλὴμ
836 1145 845 1162 ,
863 1115 1040 1154 σαὸὅοίτου
1061 1116 1140 1168 ἔχον

119 1176 209 1223 ὁδὸν,
237 1177 266 1213 εἰ
297 1175 345 1225 μὴ
376 1175 566 1227 ὡρισμένον
587 1192 621 1213 τι
642 1179 752 1225 μῆκος
770 1176 966 1228 ὁδοιπορίας
984 1177 1140 1222 ἐὲάδιζον

120 1238 154 1274 ἓν
191 1238 235 1286 τῇ
279 1235 397 1289 ἡμέρᾳ
435 1241 494 1274 τοῦ
536 1236 726 1275 σαὸὅάτου.
770 1237 840 1275 Καὶ
889 1238 945 1275 ὅτε
982 1239 1140 1285 εἰσῆλθον

120 1298 167 1340 εἷς
192 1297 232 1335 τὸ
262 1299 418 1348 ὑπερῷον
441 1296 627 1343 ἀνέδησαν,
662 1291 700 1335 οὗ
748 1292 836 1344 ἦσαν
874 1298 1139 1348 καταμένοντες.

117 1357 203 1410 Ἄρα
231 1358 351 1396 λοιπὸν
379 1360 412 1395 ἐν
435 1357 687 1411 Ἱεροσολύμοις
716 1358 835 1408 ἔμενον
863 1358 951 1409 μετὰ
974 1358 1034 1406 τὴν
1056 1360 1140 1397 ἀνοί-

119 1418 305 1457 στασινῘΌ
322 1435 360 1456 τε
373 1418 524 1470 Πέτρος,
540 1419 646 1470 φησὶ,
662 1419 721 1457 καὶ
736 1418 903 1463 Ἰάκωὸος
915 1450 925 1468 ,
941 1419 1002 1458 καὶ
1019 1420 1140 1458 Ἰωάν-

116 1494 190 1526 νης.
212 1480 290 1516 Οὐκ
309 1478 360 1516 ἔτι
383 1479 472 1529 μετὰ
493 1484 552 1517 τοῦ
572 1481 720 1531 ἀδελφοῦ
741 1480 842 1530 μόνος
859 1475 956 1525 οἶτος
976 1482 1138 1533 ἀριθμεῖ-

115 1555 194 1587 ται,
217 1538 307 1577 ἀλλὰ
327 1539 386 1577 καὶ
407 1539 568 1590 Ἀνδρέας
595 1540 683 1590 μετὰ
702 1540 857 1593 Πέτρου·
878 1541 1059 1585 Φίλιππος
1079 1541 1139 1579 καὶ

114 1601 249 1650 Θωμᾶς
259 1629 269 1649 ,
287 1600 550 1652 Βαρθολομαῖος
563 1600 622 1638 καὶ
636 1602 833 1649 Ματθαῖος,
851 1601 1018 1646 Ἰάκωὸος
1031 1606 1048 1641 ὃ
1063 1603 1139 1641 Ἀλ-

115 1660 216 1712 φαίου
230 1689 240 1706 ,
258 1661 318 1699 καὶ
339 1660 460 1711 Σίμων
481 1663 498 1698 ὃ
514 1660 694 1708 ζηλωτὴς,
722 1661 781 1699 καὶ
799 1661 932 1705 Ἰούδας
954 1662 1137 1701 Ἰακώὸου.

115 1723 242 1765 Καλῶς
257 1723 493 1773 ἐμνημόνευσε
511 1725 579 1760 τῶν
597 1725 774 1773 μαθητῶν.
791 1722 938 1770 Ἐπειδὴ
958 1723 1025 1776 γὰρ
1042 1728 1059 1763 ὃ
1075 1724 1138 1775 μὲν

113 1782 310 1834 προέδωκεν
325 1813 334 1829 ,
350 1788 365 1803 ³
378 1786 396 1822 ὃ
416 1782 450 1821 δὲ
469 1783 665 1836 ἠρνήσατο,
685 1785 702 1820 ὃ
722 1783 758 1821 δὲ
786 1783 978 1832 ἠπίστησε,
1000 1784 1138 1823 δείκνυ-

115 1860 182 1892 σιν,
202 1845 253 1883 ὅτι
267 1845 358 1893 πλὴν
374 1845 503 1884 ἐκείνου
518 1845 644 1889 πάντες
658 1839 747 1892 ἦσαν
768 1848 866 1883 σῶοι.
888 1840 996 1885 Οῧτοι
1012 1846 1137 1891 πάντες

113 1900 202 1952 ἦσαν
221 1912 559 1960 προσκαρτεροῦντες
577 1907 793 1957 ὁμοθυμαδὸν
815 1910 858 1956 τῇ
878 1910 1058 1959 προσευχῇ
1077 1908 1136 1946 καὶ

112 1970 155 2017 τῇ
175 1966 292 2013 δεήσει
320 1967 379 2006 σὺν
400 1974 475 2010 ταῖς
493 1966 637 2018 γυναιξί.
660 1969 798 2009 Καλῶς.
818 1966 922 2018 Μέγα
943 1967 1009 2019 γὰρ
1035 1973 1135 2007 τοῦτο

113 2029 217 2066 ὅπλον
239 2031 273 2066 ἓν
291 2035 363 2072 τοῖς
391 2033 598 2078 πειρασμοῖς
614 2057 623 2075 ,
654 2027 713 2064 καὶ
737 2031 837 2065 τοῦτο
856 2021 946 2073 ἦσαν
976 2043 1134 2080 προπαι-

113 2089 286 2132 δευθέντες
305 2092 430 2131 ἱκανῶς
460 2090 516 2126 ὑπ’
535 2091 636 2126 αὐτοῦ
667 2093 726 2126 τοῦ
756 2088 979 2125 διδασκάλου.
1002 2088 1134 2134 Ἄλλως

113 2149 166 2197 δὲ,
184 2150 243 2188 καὶ
261 2154 278 2188 ὁ
297 2149 418 2202 παρὼν
435 2150 628 2201 πειρασμὸς
649 2148 770 2192 αὐτοὺς
788 2150 835 2192 εἷς
853 2153 952 2186 τοῦτο
971 2143 1047 2200 ἦγε.
1063 2149 1133 2187 Διὰ

109 2215 210 2248 τοῦτο
237 2210 461 2248 ἀναὸαίνουσι
488 2210 548 2247 καὶ
575 2212 622 2253 εἷς
641 2209 680 2247 τὸ
709 2211 884 2261 ὑπερῷον·
907 2208 1040 2261 σφόδρα
1065 2208 1131 2262 γὰρ

108 2271 324 2309 ἐδεδοίκεσαν
350 2270 427 2314 τοὺς
457 2269 658 2314 Ἰουδαίους.
693 2269 792 2308 *Σὺν
825 2268 979 2321 γυναιξὶ,
1013 2269 1129 2320 φησίν.

105 2326 197 2370 Eius
210 2331 296 2384 γὰρ,
315 2331 369 2370 ὅτι
382 2331 620 2378 ἠκολούθησαν
642 2332 749 2382 αὐτῷ.
768 2330 838 2368 Καὶ
851 2330 972 2381 Μαρίᾳ
993 2333 1036 2381 τῇ
1052 2346 1129 2393 ,μη-

104 2391 161 2445 τρὶ
181 2396 241 2429 τοῦ
259 2392 393 2440 Ἰησοῦ,
409 2392 469 2430 καὶ
489 2390 549 2430 σὺν
570 2396 640 2434 τοῖς
658 2393 816 2443 ἀδελφοῖς
836 2392 950 2428 αὐτοῦ.
968 2391 1051 2434 Πῶς
1069 2395 1126 2429 οὐν

104 2452 222 2504 λέγει,
243 2452 358 2497 ὅτιεῖς
376 2452 422 2491 τὰ
447 2453 519 2491 ἴδια
547 2452 652 2500 αὐτὴν
673 2452 777 2492 ἔλαὸε
802 2452 880 2491 τότε
906 2454 924 2489 ὃ
950 2453 1126 2501 μαθητής

105 2513 210 2552 Ἀλλὰ
222 2514 427 2566 συναγαγὼν
442 2513 573 2552 Ι’πάλιν
593 2513 716 2558 αὐτοὺς
731 2517 748 2552 ὃ
764 2514 913 2566 Χριστὸς
924 2543 933 2561 ,
950 2513 1037 2551 οὕτω
1048 2515 1125 2552 λοι-

103 2574 167 2613 πὸν
183 2575 289 2614 πάλιν
304 2578 420 2619 αὐτοῖς
434 2575 493 2613 καὶ
510 2575 624 2622 ἐκείνη
638 2578 757 2622 συνῆν.
777 2575 847 2613 Καὶ
862 2574 923 2613 σὺν
937 2580 1008 2619 τοῖς
1024 2576 1124 2613 ἀδελ-

102 2641 176 2687 φοῖς
196 2639 315 2673 αὐτοῦ.
344 2635 498 2679 Τούτους
515 2636 630 2688 λέγει,
650 2636 683 2675 οἳ
714 2638 938 2680 ἀπιστοῦντες
957 2637 1124 2688 πρότερον

100 2690 206 2742 {eave
231 2698 368 2749 [αὐτῷ]
390 2697 460 2734 Καὶ
480 2699 514 2735 ἓν
535 2703 613 2742 ταῖς
626 2698 776 2749 ἡμέραις
795 2697 953 2742 ταύταις,
971 2698 1124 2742 ἀναστὰς

100 2757 236 2810 Πέτρος
266 2759 299 2795 ἐν
320 2756 416 2809 μέσῳ
431 2759 499 2795 τῶν
521 2761 687 2809 μαθητῶν
708 2752 796 2796 εἶπε.
816 2757 886 2796 Καὶ
912 2760 958 2801 ὡς
977 2758 1121 2810 θερμὸς,

98 2817 158 2856 καὶ
183 2821 229 2861 ὡς
250 2818 489 2869 ἐμπιστευθεὶς
506 2819 605 2872 παρὰ
623 2823 681 2856 τοῦ
700 2821 852 2872 Χριστοῦ
870 2819 934 2865 τὴν
955 2819 1120 2870 ποίμνην,

805 193 921 223 ACTA
957 192 1219 223 APOSTOLOR
1226 194 1284 223 ΠΜ
1319 194 1458 224 HOMIL
1467 214 1475 223 .

1519 195 1581 224 ΙΙΙ.
2141 202 2196 244 27

1560 452 1771 491 HOMILIA
1798 453 1864 492 III.

1218 575 1310 612 CAP.
1335 577 1370 612 1.
1392 588 1430 613 v.
1453 577 1516 613 ffi.
1546 577 1580 614 Τ
1579 590 1652 614 unc
1682 581 1824 616 reversi
1850 580 2018 630 apostoli
2045 580 2197 619 Jeroso-

1270 635 1420 683 lymam
1447 650 1473 674 a
1505 645 1633 675 monte
1652 641 1719 689 qui
1752 648 1919 677 vocatur
1939 641 2096 689 oliveti,
2133 645 2201 694 qui

1270 702 1327 732 est
1348 697 1469 746 juxta
1488 698 1730 745 Jerusalem,
1761 701 1915 738 sabbati
1942 702 2089 740 habens
2110 705 2195 740 iter.

1270 816 1306 852 1.
1335 816 1454 863 Tunc,
1473 817 1603 867 inquit,
1619 822 1761 857 reversi
1777 829 1879 858 sunt.
1903 822 2020 871 Tunc7
2040 824 2200 873 quando-

1215 874 1324 911 nam?
1357 875 1553 925 Postquam
1582 877 1644 914 illa
1675 878 1873 917 audierant.
1893 881 1974 918 Non
2003 883 2098 920 enim
2130 885 2200 922 alio

1166 941 1192 972 E
1215 933 1322 972 modo
1350 934 1390 972 id
1423 936 1685 985 sustinuissent,
1705 938 1773 976 nisi
1809 939 1897 977 alter
1930 941 2104 980 adventus
2128 944 2201 981 illis

1215 993 1409 1044 promissus
1441 995 1578 1034 fuisset.
1603 996 1759 1036 Videtur
1788 1008 1908 1037 autem
1944 1001 2035 1038 mihi
2056 1002 2132 1040 haec
2165 1004 2201 1042 in

1212 1054 1361 1093 sabbato
1382 1066 1478 1107 gesta
1493 1057 1614 1096 fuisse.
1637 1059 1781 1111 Alioqui
1796 1074 1865 1098 non
1883 1062 2040 1113 spatium
2063 1063 2201 1103 itineris

1211 1114 1262 1166 sic
1285 1115 1487 1163 indicasset,
1509 1117 1553 1155 A
1569 1128 1698 1157 monte
1710 1122 1778 1172 qui
1798 1122 1941 1159 dicitur
1956 1124 2112 1171 Oliveti,
2132 1129 2201 1178 qui

1211 1185 1268 1213 est
1274 1179 1396 1228 juxta
1416 1179 1651 1226 Jerusalem,
1670 1183 1826 1219 sabbati
1853 1184 1999 1223 habens
2023 1188 2112 1231 iter;
2131 1187 2200 1225 nisi

1211 1238 1459 1291 praescriptum
1472 1240 1597 1278 fuisset
1615 1241 1752 1280 itineris
1774 1244 1944 1295 spatium,
1965 1246 2061 1296 quod
2080 1250 2201 1301 peragi

1211 1308 1327 1350 posset
1347 1299 1383 1336 in
1403 1299 1462 1338 die
1481 1301 1635 1339 sabbati.
1655 1304 1716 1340 15.
1734 1305 1886 1341 Etcum
1904 1308 2142 1356 introissent,
2159 1312 2201 1347 in

1211 1360 1453 1397 coenaculum
1473 1363 1744 1410 ascenderunt,
1765 1366 1831 1401 ubi
1846 1374 1958 1403 erant
1970 1381 2199 1417 permanen-

1213 1426 1279 1456 tes.
1300 1419 1398 1471 Ergo
1417 1429 1498 1472 post
1515 1423 1808 1461 resurrectionem
1823 1425 2056 1478 Jerosolymis
2074 1441 2198 1467 mane-

1158 1516 1190 1539 23
1212 1477 1309 1516 bant.
1320 1481 1475 1528 Petrus,
1486 1482 1716 1530 etJacobus,
1732 1492 1769 1521 et
1776 1485 1808 1522 J
1806 1487 2050 1525 oannes.N0n
2056 1489 2200 1540 jamhic

1164 1553 1189 1581 Α
1211 1540 1307 1578 solus
1329 1555 1410 1579 cum
1426 1542 1533 1580 fratre
1552 1553 1783 1595 numeratur3
1805 1545 1867 1583 sed
1883 1555 1916 1584 et
1936 1547 2092 1586 Andreas
2118 1563 2199 1588 cum

1212 1602 1316 1640 Petro
1329 1618 1339 1651 ;
1360 1604 1566 1655 Philippus
1580 1614 1616 1642 et
1637 1607 1818 1653 Thomas,
1833 1609 2144 1649 Bartholomaeus
2163 1621 2200 1650 et

1211 1663 1442 1710 ffIattlzoeus,
1461 1665 1632 1703 Jacobus
1651 1666 1693 1702 A
1697 1666 1825 1717 lphoei,
1848 1676 1886 1705 et
1902 1668 2035 1706 Simon
2046 1671 2200 1710 Zelotes

1210 1730 1248 1761 et
1272 1724 1400 1762 Judas
1433 1725 1589 1763 Jacobi.
1620 1727 1726 1764 Recte
1747 1726 1944 1779 discipulos
1973 1732 2198 1771 memoravit.

1212 1783 1309 1830 Quia
1324 1784 1419 1821 enim
1437 1784 1530 1823 alius
1544 1785 1719 1837 prodidit,
1738 1787 1830 1825 alius
1850 1789 2006 1840 negavit,
2026 1791 2117 1829 alius
2129 1806 2198 1830 non

1210 1842 1362 1881 credidit
1373 1859 1383 1892 ;
1404 1843 1562 1882 declarat
1579 1859 1713 1895 omnes,
1732 1860 1803 1884 uno
1823 1858 1971 1901 excepto
1996 1850 2192 1903 proditore,

1210 1903 1328 1941 salvos
1348 1903 1469 1942 fuisse.
1491 1907 1552 1942 14.
1569 1908 1626 1943 Hi
1638 1920 1768 1945 omnes
1785 1918 1898 1947 erant
1907 1921 2196 1960 perseverantes

1210 1966 1450 2001 unanimiter
1479 1967 1521 2002 in
1551 1969 1726 2003 oratione
1756 1976 1792 2005 et
1814 1969 2083 2020 deprecatione
2109 1986 2196 2011 cum

1208 2023 1442 2062 mulieribus.
1472 2025 1593 2063 Recte.
1625 2028 1799 2078 Magnum
1828 2029 1923 2066 enim
1952 2031 2066 2069 oratio
2084 2032 2195 2072 telum

1207 2093 1259 2122 est
1274 2084 1311 2122 in
1331 2084 1600 2132 tentationibus,
1626 2095 1659 2124 et
1679 2087 1726 2125 ad
1744 2088 1811 2126 hoc
1829 2103 1849 2126 a
1866 2090 2040 2141 Magistro
2061 2108 2126 2133 suo
2139 2108 2194 2132 sa-

1157 2165 1180 2193 p,
1206 2145 1252 2182 tis
1278 2146 1417 2182 fuerant
1430 2146 1600 2184 instituti.
1616 2147 1787 2198 Alioquin
1806 2163 1891 2188 vero
1902 2165 2057 2203 praesens
2076 2164 2190 2195 tenta-

1206 2206 1254 2243 tio
1274 2205 1320 2244 ad
1339 2206 1407 2243 hoc
1421 2206 1500 2244 illos
1514 2206 1677 2246 ducebat.
1693 2209 1847 2260 Ideoque
1859 2213 2054 2252 ascendunt
2069 2215 2106 2254 in
2122 2231 2191 2256 coe—

1203 2269 1373 2308 naculum
1389 2285 1396 2306 :
1415 2269 1612 2308 admodum
1625 2271 1719 2310 enim
1734 2272 1905 2312 timebant
1919 2277 1941 2315 J
1944 2275 2074 2316 udaeos.
2092 2281 2190 2319 Cum

1203 2332 1444 2374 mulieribus.
1457 2333 1538 2370 Jam
1551 2332 1644 2370 enim
1662 2332 1805 2372 dixerat
1822 2335 1900 2374 illas
1919 2338 2041 2376 Jesum
2059 2354 2187 2392 sequu-

1200 2400 1253 2430 tas
1272 2392 1391 2430 fuisse.
1414 2393 1470 2430 Et
1498 2394 1633 2430 Maria
1651 2402 1777 2432 matre
1794 2396 1903 2443 Jesu,
1928 2407 1967 2437 et
1993 2413 2080 2438 cum
2087 2403 2186 2453 fra-

1200 2455 1324 2492 tribus
1343 2456 1437 2505 ejus.
1457 2452 1648 2500 Quomodo
1668 2464 1787 2493 autem
1804 2456 1945 2496 dictum
1974 2469 2040 2512 est,
2069 2461 2183 2501 djsci-

1197 2514 1327 2566 pulum
1339 2527 1416 2551 eam
1434 2522 1519 2551 tunc
1548 2514 1585 2551 in
1601 2528 1665 2552 sua
1690 2517 1891 2568 recepisse?
1909 2519 1980 2558 Sed
2000 2534 2082 2559 cum
2101 2536 2184 2562 con-

1197 2584 1374 2627 gregasset
1405 2574 1486 2612 illos
1521 2575 1697 2625 Christus,
1734 2591 1818 2615 cum
1844 2579 1931 2631 ipsis
1961 2581 2090 2621 iterum
2121 2584 2183 2623 illa

1196 2636 1419 2677 versabatur.
1438 2637 1493 2673 Ec
1504 2638 1802 2689 cumfratribus
1820 2643 1917 2692 ejus.
1940 2643 1996 2681 De
2013 2643 2056 2681 iis
2066 2645 2182 2696 loqui-

1195 2706 1268 2745 tur,
1287 2698 1349 2748 qui
1376 2698 1478 2749 prius
1504 2712 1573 2736 non
1593 2698 1786 2738 credebant
1800 2700 1837 2738 in
1857 2715 1950 2739 eum.
1974 2704 2037 2742 15.
2060 2707 2115 2744 Et
2138 2710 2179 2744 in

1194 2759 1328 2795 diebus
1346 2758 1441 2804 illis,
1463 2772 1622 2811 surgens
1642 2760 1784 2798 Petrus
1801 2763 1842 2798 in
1860 2762 1984 2801 medio
2005 2766 2176 2817 discipu-

1194 2820 1319 2857 lorum
1337 2819 1451 2857 dixit.
1475 2821 1609 2872 Utpote
1627 2820 1780 2871 fervens,
1803 2822 1858 2860 cui
1882 2837 1970 2875 grex
1987 2839 2008 2863 a
2033 2826 2177 2867 Christo

96 2878 156 2916 καὶ
175 2882 220 2922 ὡς
238 2884 297 2918 τοῦ
315 2882 421 2930 χοροῦ
441 2883 599 2931 πρῶτος,
628 2879 681 2918 ἀεὶ
706 2880 870 2934 πρότερος
895 2880 1042 2932 ἄρχεται
1060 2885 1120 2919 τοῦ
1143 2888 1167 2919 C
1193 2881 1416 2919 concreditus
1437 2890 1526 2931 erat,
1541 2890 1647 2933 atque
1665 2891 1705 2920 ut
1726 2882 1863 2934 primus
1879 2885 1916 2923 in
1949 2886 2072 2938 choro,
2099 2890 2174 2941 pri-

95 2938 198 2990 λόγου
215 2933 311 2988 (ῗΗν
327 2955 364 2977 τε
380 2940 482 2992 ὄχλος
501 2940 694 2991 ὀνομάτων,
708 2941 828 2993 φησιν,
846 2941 903 2979 ἐπὶ
917 2941 956 2979 τὸ
972 2942 1055 2980 αὐτὸ
1070 2943 1117 2986 ὥς

139 3083 153 3097 ⁰
176 3077 274 3112 ἄλλως
285 3073 378 3106 deest
400 3075 433 3106 in
451 3074 664 3117 qmbusdam.

140 3134 154 3150 Β
178 3129 193 3159 ὁ
209 3129 239 3159 δὲ
254 3132 403 3171 ἠρνήσατο
417 3126 510 3159 deest
526 3127 558 3160 in
576 3126 774 3170 quibusdam
792 3127 1054 3172 exemplaribus,
1067 3137 1100 3162 et

97 3175 182 3208 iufra
198 3182 247 3211 καὶ
262 3184 300 3221 τῇ
318 3180 411 3216 δεήσει
431 3177 581 3211 similiter
596 3178 690 3211 deest
703 3180 738 3211 in
754 3178 885 3212 iisdem.

146 3227 162 3245 '⁵
183 3229 249 3270 [D.
270 3231 319 3262 σὺν
334 3233 455 3271 γυναιξί.
476 3233 593 3268 Ταύτας
618 3233 712 3273 λέγει,
734 3235 802 3276 περὶ
823 3233 862 3264 ὧν
883 3235 1049 3276 γέγραπται
1072 3237 1101 3266 ἐν

99 3282 287 3322 εὐαγγελίοις,
304 3285 349 3314 ὅτι
364 3285 448 3319 ἠκολ.
465 3281 582 3314 Caeteri
599 3289 636 3314 ut
650 3281 807 3326 editum]

1190 2955 1269 2980 mus
1284 2955 1423 2994 semper
1435 2955 1629 2981 sermonem
1643 2943 1784 2982 orditur
1799 2947 1921 2993 (Erat
1935 2957 2064 2987 autem
2086 2959 2172 2989 tur-

1212 3079 1228 3103 b
1252 3077 1315 3110 Alii
1334 3083 1424 3114 πάλιν
1448 3082 1553 3119 αὐτοὺς
1573 3084 1650 3115 οὕτω
1675 3086 1775 3117 λοιπὸν
1791 3087 1906 3126 αὐτοῖς,
1919 3084 2048 3120 omissis
2069 3089 2173 3122 inter-

1165 3128 1294 3172 positis.
1310 3129 1374 3171 [D.
1394 3131 1506 3163 omitit
1529 3135 1545 3166 ὁ
1564 3139 1706 3177 Χριστὸς,
1726 3141 1759 3165 et
1783 3133 1881 3176 paulo
1902 3144 1982 3169 ante
2005 3150 2069 3181 pro
2095 3144 2173 3184 λέγει

1165 3180 1267 3214 habet
1283 3182 1429 3228 εἴρηταμ]

1209 3243 1223 3258 0
1247 3234 1260 3276 l
1274 3238 1371 3277 αὐτῷ,
1387 3232 1478 3276 quod
1494 3233 1586 3267 abest
1601 3247 1619 3267 a
1636 3243 1779 3279 quatuor
1793 3237 1900 3271 Codd,
1921 3243 2061 3285 nostris,
2079 3246 2173 3278 uncis

1165 3283 1388 3330 inclusimus]

2199 2416 2290 2445 Jotm.
2320 2426 2364 2457 ¹9.

2198 2457 2250 2487 26.
