2502 3810
802 289 875 318 JOA
885 287 984 315 NMS
1020 286 1258 314 CHRYSOST.

280 277 371 333 440
728 292 764 318 0·-

79 375 170 404 Rom.
187 374 216 405 6.
235 384 265 414 9.
284 380 403 409 ceret:
428 373 603 410 Christus
638 371 785 420 primus
817 378 1030 417 resurgens,
1059 366 1147 416 jam
1179 377 1258 400 non

282 435 454 470 moritur.
481 430 709 469 Manifestum
736 437 787 465 est
809 441 853 464 ex
874 440 936 474 eo,
963 424 1061 475 quod
1091 425 1257 462 omnibus

279 493 345 530 hoc
359 491 557 538 denuntiet,
577 499 611 527 et
625 490 661 527 in
680 488 874 540 semetipsis
893 495 1106 539 exspectent.
1122 486 1260 523 Deinde

278 553 418 597 Festus,
451 559 489 587 ut
516 549 685 600 loquendi
710 549 911 586 libertatem
936 546 1049 597 vidit,
1085 560 1155 596 qua
1182 546 1258 597 regi

275 611 505 660 loquebatur,
536 623 605 647 non
637 617 796 648 avertens
816 621 851 645 se
873 607 917 644 ab
939 615 1082 658 aspectu
1104 607 1197 658 ejus,
1217 619 1258 643 ac

276 672 306 708 si
334 670 473 720 aliquid
517 679 716 722 pateretur,
756 668 874 706 dicit:
896 671 1071 713 lamnis,
1111 667 1252 704 Paule.
1280 674 1304 704 E

275 732 381 778 Quod
402 741 519 769 autem
550 732 690 782 aliquid
720 744 844 782 passus
862 730 928 766 hoc
945 728 1053 775 dicat,
1084 728 1171 766 audi
1199 742 1253 766 se-

273 793 413 843 quentia
431 809 438 829 :
453 795 518 830 924.
534 795 628 830 Haec
645 801 772 829 autem
787 792 856 828 illo
873 791 1095 838 disserente,
1115 791 1255 827 Festus

273 869 417 906 magna
452 868 547 892 voce
579 855 679 891 dixit
698 870 707 890 :
726 855 883 890 Insanis
897 882 908 898 ,
940 851 1089 895 Paule;
1122 851 1253 887 multae

273 916 394 953 liter-ce
413 924 449 953 te
468 917 521 953 ad
539 917 735 952 insaniam
763 920 1003 951 convertunt.
1027 910 1126 957 Quid
1143 911 1253 962 igitur

270 977 429 1014 Paulus?
450 977 541 1014 Cum
569 974 838 1012 mansuetudine
856 972 1070 1025 respondens
1089 972 1139 1009 ait
1159 988 1167 1008 :
1187 973 1251 1010 25.

272 1038 363 1074 Non
397 1040 572 1083 insanio,
596 1039 735 1087 optime
752 1036 892 1079 Feste;
912 1034 980 1071 sed
1007 1035 1188 1070 veritatis
1216 1040 1253 1070 et

271 1100 488 1135 sobrietatis
507 1099 630 1135 verba
651 1097 798 1148 loquor.
829 1096 955 1132 Postea
974 1093 1081 1131 etiam
1109 1106 1253 1130 causam

269 1157 371 1195 docet
384 1187 394 1206 ,
414 1167 557 1209 propter
573 1170 680 1207 quam
695 1155 739 1192 ad
759 1168 877 1206 regem
893 1167 1089 1191 sermonem
1105 1166 1251 1190 conver-

270 1228 358 1257 teret
392 1235 400 1256 τ
431 1221 496 1258 96.
519 1220 598 1258 Scit
618 1222 718 1256 enim
738 1219 784 1255 de
803 1219 862 1255 his
882 1231 968 1266 rex,
997 1217 1051 1253 ad
1081 1229 1192 1268 quem
1213 1223 1250 1252 et

269 1289 492 1318 constanter
522 1281 659 1333 loquor
690 1295 700 1314 .-

271 1346 408 1381 horum
433 1345 600 1380 arbitror
618 1356 629 1378 .·
651 1354 730 1378 non
749 1349 805 1378 est
824 1342 928 1377 enim
947 1341 988 1376 in
1012 1338 1156 1389 angulo
1176 1339 1248 1375 hoc
1275 1338 1301 1366 Α

268 1415 430 1457 gestum.
451 1405 513 1442 27.
544 1404 691 1451 Credis,
727 1416 795 1440 rex
817 1401 1008 1453 Agrippa,
1031 1401 1251 1451 prophetis?

270 1466 354 1503 Scio
374 1466 478 1516 quod
489 1465 626 1502 credis.
648 1463 725 1500 Hoc
745 1462 793 1499 ita
811 1461 921 1507 dixit,
941 1460 1040 1511 quasi
1062 1459 1252 1497 traducens

268 1525 349 1563 illos
373 1534 407 1562 et
425 1524 544 1562 dicens
566 1539 574 1560 ε
595 1523 693 1572 Scio,
708 1521 806 1573 quod
830 1521 948 1559 omnia
967 1529 1129 1557 accurate
1145 1519 1252 1557 sciat:

271 1594 306 1622 ct
330 1585 514 1637 oportebat
543 1583 688 1634 quidem
719 1596 785 1621 vos
811 1583 888 1619 haec
920 1581 1009 1618 scire
1035 1581 1172 1632 primos
1195 1579 1255 1627 (id

275 1646 371 1683 enim
390 1645 570 1696 sequentia
588 1644 769 1681 declarant
786 1658 793 1678 :
809 1644 899 1679 Non
914 1650 971 1678 est
986 1642 1057 1678 hoc
1077 1643 1118 1676 in
1133 1652 1256 1690 angu-

274 1707 312 1743 lo
324 1709 486 1757 gestum)
497 1721 512 1749 ,·
525 1705 585 1741 sed
605 1702 779 1740 noluistis.
798 1702 944 1746 Credis,
969 1713 1036 1736 rex
1055 1699 1247 1750 Agrippa,

266 1767 494 1817 prophetis?
526 1764 633 1808 Scio,
666 1763 770 1813 quod
800 1762 937 1799 credis.
971 1759 1034 1797 28.
1071 1760 1251 1810 Agrippa

270 1834 398 1863 autem
420 1825 474 1862 ad
501 1824 673 1861 Paulum
703 1823 802 1859 dizit
823 1836 831 1857 ε
853 1823 902 1858 In
931 1821 1080 1857 modico
1111 1820 1251 1857 suades

269 1900 329 1923 me
351 1884 736 1935 Christianumfieri.
774 1883 839 1921 29.
863 1883 919 1919 Et
951 1881 1103 1919 Paulus
1122 1895 1132 1916 :
1154 1881 1252 1931 Opto

268 1948 373 1999 apud
402 1948 528 1984 Deum
558 1954 595 1983 et
618 1947 659 1981 in
677 1944 826 1981 modico
848 1952 884 1980 et
913 1944 954 1979 in
986 1955 1142 1993 magno,
1176 1954 1253 1978 non

269 2017 423 2046 tantum
444 2016 502 2053 te,
526 2007 594 2044 sed
608 2006 726 2043 etiam
747 2017 897 2050 omnes,
917 2005 983 2055 qui
997 2002 1163 2039 audiunt
1183 2015 1254 2050 me,
1277 2004 1300 2034 B

270 2069 384 2105 hodie
395 2068 487 2120 fieri
523 2067 635 2111 tales,
661 2065 792 2116 qualis
814 2072 849 2101 et
869 2077 937 2115 ego
956 2076 1054 2109 sum,
1080 2064 1249 2113 exceptis

270 2129 440 2166 vinculis
460 2130 531 2165 his.
558 2127 655 2166 Vide
681 2124 859 2176 quomodo
888 2133 1078 2176 precatur,
1106 2123 1253 2161 dicens:

273 2193 371 2241 Opto
390 2190 494 2240 apud
525 2190 654 2226 Deum
674 2189 716 2224 in
738 2187 913 2230 modico;
940 2185 1007 2222 hoc
1038 2194 1109 2234 est,
1139 2192 1179 2222 ut
1213 2197 1257 2222 ne

271 2264 401 2301 parum
431 2248 575 2298 quidem
608 2247 712 2284 absit.
741 2246 788 2283 Et
821 2259 891 2283 non
919 2245 1035 2282 solum
1069 2253 1160 2291 orat,
1193 2244 1257 2281 sed

273 2310 462 2348 ferventer.
489 2307 621 2353 Tales,
639 2305 768 2355 inquit,
779 2306 875 2357 fieri
895 2318 1040 2352 omnes,
1062 2317 1131 2340 non
1151 2303 1256 2341 modo

275 2382 330 2420 te,
365 2370 427 2408 sed
461 2383 602 2417 omnes,
625 2368 754 2420 qualis
781 2380 866 2404 sum
893 2378 973 2416 egO.
1006 2364 1146 2402 Deinde
1180 2365 1254 2411 ait,

276 2433 458 2482 Exceptis
485 2429 654 2466 vinculis
671 2429 730 2465 his
749 2442 760 2462 .·
780 2440 849 2463 non
869 2425 1014 2463 moleste
1038 2425 1152 2462 serens
1180 2424 1258 2462 vin-

278 2492 379 2541 cula,
398 2504 509 2541 neque
543 2489 750 2527 erubescens
781 2486 875 2538 quod
901 2486 1032 2537 ligatus
1061 2494 1149 2523 esset
1172 2485 1261 2533 (hoc

278 2552 372 2590 enim
392 2551 480 2603 ipsi,
494 2550 522 2588 si
544 2549 631 2600 quid
650 2549 766 2596 ahud,
783 2547 978 2598 gloriosum
998 2550 1111 2599 erat);
1130 2545 1193 2583 sed
1215 2545 1261 2582 ad

278 2613 424 2649 illorum
465 2610 665 2662 opinionem
698 2607 890 2659 respiciens
909 2636 918 2653 ,
955 2607 1006 2644 ita
1037 2605 1142 2643 dixit.
1177 2605 1260 2643 Ideo
1284 2610 1307 2641 C

279 2671 442 2720 addidit,
476 2672 658 2720 Exceptis
686 2668 858 2705 vinculis
894 2669 966 2705 his.
999 2667 1070 2706 Sed
1101 2666 1262 2718 superius

281 2735 369 2771 lecta
392 2741 607 2785 repetamus,
629 2732 794 2768 Postera
814 2743 902 2781 ergo
927 2731 1007 2778 die,
1027 2738 1067 2766 ut
1088 2732 1131 2766 in
1152 2730 1263 2766 audi-

283 2798 422 2832 torium
444 2794 604 2844 ingressi
625 2799 729 2837 sunt,
744 2793 907 2843 jubente
926 2793 1042 2828 Festo
1071 2791 1263 2828 adductus

283 2863 339 2892 est
363 2855 526 2893 Paulus.
542 2852 757 2891 Destiterant
778 2851 854 2903 jam
876 2850 1062 2900 Judaei,eo
1086 2850 1182 2901 quod
1203 2851 1264 2888 ille

283 2914 514 2966 appellasset,
538 2922 571 2950 et
586 2921 671 2949 tunc
691 2911 760 2963 ipsi
779 2910 1009 2963 splendidum
1034 2910 1132 2948 adest
1159 2910 1263 2948 thea-

284 2983 379 3011 trum
399 2989 406 3010 :
426 2987 507 3011 cum
535 2972 648 3010 multo
674 2971 767 3008 enim
795 2979 967 3022 apparatu
992 2984 1057 3008 rex
1085 2980 1118 3008 et
1146 2971 1260 3008 omnis

284 3033 476 3071 multitudo
493 3032 699 3073 Judaeorum
715 3031 1001 3069 adfuerunt:non
1019 3030 1080 3067 alii
1101 3030 1259 3077 aderant,

285 3095 346 3133 alii
366 3095 524 3132 aberant.
544 3093 756 3131 ‚Multitudo
775 3092 1019 3137 Judoeorum,
1052 3091 1180 3141 inquit,
1196 3094 1260 3128 in-

288 3157 504 3207 terpellavit
523 3168 582 3192 me
611 3154 868 3200 Jerosolymis
887 3161 925 3189 et
949 3153 1029 3199 hic,
1046 3152 1260 3190 clamantes

289 3227 366 3251 non
384 3221 556 3265 oportere
577 3213 678 3250 hunc
705 3212 811 3249 ultra
838 3213 980 3248 vivere.

330 3348 347 3363 '⁸‘
363 3350 494 3392 [μικρὸν
509 3347 631 3391 absque
645 3354 729 3393 παρὰ
744 3349 784 3380 Ι).
800 3347 927 3380 Eodem
941 3356 1075 3380 auctore
1091 3356 1168 3381 ante
1184 3347 1286 3380 inclu-

287 3400 386 3430 simus
403 3400 621 3442 negationem‚
635 3410 706 3442 quae
720 3398 852 3441 quidem
868 3397 900 3431 in
918 3399 954 3433 A.
973 3400 1008 3431 Β.
1024 3398 1141 3443 legitur
1154 3408 1186 3432 et
1204 3399 1281 3432 Edi-

1299 285 1485 314 ARCHIEP
1494 304 1503 313 .
1543 284 1896 315 CONSTANTlNOP.

1328 366 1430 401 τοῦτο
1452 363 1564 414 λέγει,
1585 363 1688 401 ἄκουε
1706 366 1775 401 τῶν
1793 363 1889 410 ἑξῆς·
1906 367 2030 403 Ταῦτα
2051 364 2085 401 δὲ
2105 365 2208 401 αὐτοῦ
2229 364 2342 400 διαλε-

1328 423 1496 474 γομένου,
1525 427 1542 461 ὃ
1563 425 1705 469 Φῆστος
1728 424 1863 475 μεγάλῃ
1898 427 1940 475 τῇ
1971 427 2065 475 φωνῇ
2097 423 2160 475 ἔφη
2178 438 2185 446 ·
2217 422 2344 473 μαίνῃ,

1329 485 1450 522 Παῦλε
1461 514 1470 531 ,
1481 484 1525 522 τὰ
1539 484 1652 521 πολλά
1663 500 1701 521 σε
1715 484 1908 535 γράμματα
1924 486 1971 527 εἷς
1992 484 2116 534 μανίαν
2133 482 2345 535 περιτρέπει.

1331 544 1378 582 Τί
1406 538 1463 582 οὖν
1493 548 1511 582 ὃ
1531 545 1692 591 Παῦλος,
1725 544 1813 594 μετὰ
1841 543 2025 588 ἐπιεικείας
2057 545 2346 596 ἀποκρινόμενος,

1331 606 1383 642 Οὐ
1401 604 1590 654 μαίνομαι,
1603 605 1687 657 φησὶ
1701 634 1711 652 ,
1731 604 1896 656 κράτιστε
1915 605 2059 653 Φῆστε,
2078 605 2168 643 ἀλλὰ
2184 604 2346 651 ἀληθείας

1329 665 1388 702 καὶ
1408 664 1631 716 σωφροσύνης
1652 665 1792 716 ῥήματα
1807 665 2081 716 ἀποφθέγγομαι.
2099 659 2188 703 Εἶτα
2207 665 2267 704 καὶ
2282 665 2346 711 τὴν

1329 726 1442 764 αἰτίαν
1473 727 1646 773 διδάσκει,
1667 727 1709 764 δι’
1731 727 1772 773 ἣν
1793 727 1878 778 πρὸς
1905 727 1964 765 τὸν
1988 725 2134 777 βασιλέα
2161 726 2217 763 τὸν
2244 727 2344 776 λόγον

1329 786 1556 839 ἀπέστρεψεν·
1571 785 1783 824 Ἐπίσταται
1802 785 1870 837 γὰρ
1889 785 1967 836 περὶ
1981 784 2111 822 τούτων
2130 789 2148 823 ὁ
2167 785 2325 836 βασιλεὺς
2337 815 2347 832 ,

1327 848 1412 898 πρὸς
1434 847 1469 885 ὃν
1497 847 1557 885 καί
1585 846 1906 899 παρρησιαζόμενος
1932 848 2049 884 λαλῶ·
2069 846 2248 884 λανΟάνειν
2279 846 2347 897 γὰρ

1326 905 1454 944 τούτων
1478 906 1578 944 αὐτόν
1610 922 1644 943 τι
1664 909 1701 943 οὐ
1723 906 1887 956 πείθομαι
1906 904 2020 944 οὐδέν·
2043 907 2080 942 οὐ
2109 904 2176 956 γάρ
2198 907 2290 943 ἐστιν
2311 907 2345 943 ἓν

1325 967 1434 1019 γωνία
1449 965 1693 1019 πεπραγμένον
1704 969 1819 1004 τοῦτο.
1834 965 2033 1013 Πιστεύεις,
2053 967 2195 1015 βασιλεῦ
2209 965 2347 1018 Ἀγρίπ-

1324 1046 1395 1075 πα,
1414 1034 1484 1071 τοῖς
1511 1028 1725 1080 προφήταις,
1745 1021 1857 1074 Οἶδα,
1873 1027 1927 1065 ὅτι
1950 1026 2136 1069 πιστεύεις.
2157 1028 2272 1064 Τοῦτο
2291 1026 2346 1064 οὕ-

1325 1105 1393 1132 τως
1420 1083 1515 1135 εἷπε,
1544 1088 1728 1140 μονονουχὶ
1754 1087 1924 1139 διασύρων
1954 1087 2014 1125 καὶ
2037 1086 2147 1137 λέγων
2173 1088 2259 1138 πρὸς
2286 1089 2346 1125 αὓ-

1325 1149 1420 1192 τούς·
1441 1143 1538 1195 οἶδα,
1558 1148 1610 1186 ὅτι
1642 1148 1758 1186 πάντα
1790 1143 1877 1186 οἶδεν
1899 1148 2070 1201 ἀκριὸῶς·
2098 1147 2158 1186 καὶ
2189 1147 2257 1185 ἔδει
2285 1148 2346 1198 μὲν

1325 1210 1482 1263 πρώτους
1518 1213 1607 1260 ὑμᾶς
1640 1215 1748 1248 ταῦτα
1782 1209 1906 1247 εἰδέναι
1936 1209 1997 1257 (τὸ
2030 1209 2097 1260 γὰρ
2134 1209 2345 1260 ἐπαγόμενον

736 1279 856 1315 latere
894 1280 997 1314 enim
1030 1291 1115 1314 eum
1149 1276 1253 1313 nihil
1264 1301 1310 1326 391
1325 1275 1425 1309 τοῦτο
1445 1273 1560 1318 δηλοῖ,
1579 1271 1638 1318 τὸ,
1659 1272 1711 1308 Οὐ
1739 1271 1806 1323 γάρ
1827 1273 1917 1308 ἐστιν
1948 1272 1983 1307 ἓν
2002 1270 2113 1322 γωνία
2141 1271 2346 1321 πεπραγμέ-
2399 1279 2404 1285 ’

1325 1347 1378 1369 νον
1399 1335 1539 1379 τοῦτο),
1557 1332 1633 1369 ἀλλ’
1663 1333 1724 1368 οὐκ
1750 1330 1956 1376 ἠθελήσατε.
1978 1330 2180 1377 Πιστεύεις,
2205 1332 2348 1381 βασιλεῦ

1324 1393 1517 1445 Ἀγρίππα,
1532 1398 1604 1436 τοῖς
1619 1392 1831 1444 προφήταις,
1847 1386 1957 1439 Οἶδα,
1975 1391 2028 1430 ὅτι
2041 1390 2229 1434 πιστεύεις.
2248 1391 2292 1429 ‘O
2308 1390 2343 1429 δὲ

1324 1454 1516 1506 Ἀγρίππας
1534 1454 1618 1506 πρὸς
1634 1455 1690 1492 τὸν
1708 1455 1849 1490 Παῦλον
1865 1452 1928 1504 ἔφη
1943 1468 1950 1476 ·
1969 1454 2002 1490 ἐν
2031 1452 2136 1504 ὀλίγῳ
2156 1468 2199 1502 με
2216 1452 2345 1495 πείθεις

1324 1514 1534 1566 Χριστιανὸν
1553 1514 1723 1563 γενέσθαι.
1737 1513 1781 1551 ‘O
1798 1513 1834 1551 δὲ
1849 1515 1990 1557 Παῦλος
2004 1507 2109 1551 εἶπεν·
2121 1512 2282 1563 εὐξαίμην
2305 1513 2345 1550 ἂν

1326 1577 1375 1621 τῷ
1390 1576 1494 1625 Θεῷ,
1511 1575 1570 1611 καὶ
1594 1577 1627 1612 ἓν
1650 1574 1755 1624 ὀλίγῳ
1785 1574 1844 1610 καὶ
1874 1575 1908 1610 ἐν
1928 1574 2047 1624 πολλῷ
2061 1603 2071 1621 ,
2105 1576 2143 1611 οὐ
2164 1573 2265 1623 μόνον
2283 1572 2320 1610 σὲ
2335 1602 2345 1619 ,

1328 1633 1419 1670 ἀλλὰ
1435 1633 1493 1671 καὶ
1518 1633 1651 1676 πάντας
1666 1632 1744 1676 ’τοὺς
1762 1633 1946 1676 ἀκούοντάς
1962 1649 2026 1683 μου
2055 1633 2218 1684 σήμερον,
2246 1633 2345 1684 γενέ·

1329 1697 1409 1731 σθαι
1435 1692 1625 1740 τοιούτους,
1642 1697 1756 1736 ὁποῖος
1785 1692 1883 1744 κάγώ
1901 1694 1993 1743 εἶμι,
2012 1693 2184 1744 παρεκτὸς
2198 1695 2266 1730 τῶν
2291 1693 2348 1730 δε-

1323 1756 1420 1803 σμῶν
1448 1753 1591 1791 τούτων.
1607 1753 1704 1806 “Ope
1732 1756 1805 1796 πῶς
1831 1753 1990 1804 εὔχεται,
2007 1752 2119 1804 λέγων
2134 1767 2142 1776 ·
2161 1753 2344 1803 Εὐξαίμην

1324 1813 1362 1851 ἂν
1381 1813 1490 1866 ἔγωγε
1509 1816 1559 1865 τῷ
1574 1816 1656 1866 Θεῷ
1678 1815 1786 1864 [οὐκ]
1808 1816 1840 1851 ἐν
1869 1813 1992 1865 ὀλίγῳ·
2012 1813 2190 1860 τουτέστι,
2211 1814 2230 1832 *
2245 1813 2343 1864 παρὰ

1325 1874 1460 1926 μικρόν.
1480 1875 1551 1913 Καὶ
1578 1876 1642 1926 οὐχ
1661 1875 1778 1918 ἁπλῶς
1798 1873 1958 1926 εὔχεται,
1976 1873 2065 1912 ἀλλὰ
2094 1873 2154 1911 καὶ
2181 1876 2346 1912 ἐπιτετα-

1325 1937 1450 1987 μένως.
1471 1935 1676 1983 Τοιούτους,
1693 1935 1800 1988 φησὶ,
1821 1936 1980 1987 γενέσθαι
2003 1935 2158 1983 πάντας,
2179 1937 2217 1972 οὗ
2244 1935 2346 1985 μόνον

1325 1997 1384 2044 σὲ,
1418 1996 1508 2035 ἀλλὰ
1537 1997 1596 2034 καὶ
1624 1997 1775 2044 πάντας,
1796 1999 1911 2039 ὁποῖος
1941 1995 2039 2047 κάγώ
2067 1997 2148 2045 εἶμι.
2169 1989 2259 2033 Εἶτα
2288 1995 2350 2032 καὶ

1324 2056 1533 2109 προστίθησι
1550 2072 1556 2078 ·
1575 2058 1758 2109 Παρεκτὸς
1779 2059 1846 2094 τῶν
1867 2058 2004 2107 δεσμῶν
2019 2056 2147 2094 τούτων
2159 2071 2167 2079 ·
2185 2058 2245 2093 οὐκ
2260 2057 2348 2094 ἀπο-

1326 2121 1504 2157 δυσπετῶν
1522 2118 1578 2156 διὰ
1592 2118 1636 2156 τὰ
1655 2117 1766 2169 δεσμὰ
1782 2149 1791 2166 ,
1813 2118 1888 2157 οὐδὲ
1909 2118 2155 2170 αἰσχυνόμενος
2174 2116 2261 2155 διότι
2278 2115 2349 2154 ἐδέ-

1327 2180 1402 2217 δετο
1422 2182 1545 2227 (τοῦτο
1564 2179 1632 2232 γὰρ
1659 2174 1701 2225 ἦν
1731 2180 1844 2231 αὐτῷ,
1865 2179 1960 2230 εἴπερ
1976 2195 2009 2216 τι
2039 2178 2146 2225 ἄλλο,
2174 2177 2267 2221 ἄξιον
2283 2177 2345 2215 δό-

1324 2238 1386 2286 ’ξης
1400 2243 1411 2285 )
1425 2255 1432 2262 ·
1471 2239 1561 2277 ἀλλὰ
1590 2239 1676 2291 πρὸς
1707 2239 1771 2285 τὴν
1803 2239 1943 2277 ἐκείνων
1983 2238 2155 2289 ὑπόληψιν
2198 2239 2348 2290 ἀφορῶν,

1329 2301 1433 2343 οὕτως
1452 2294 1540 2337 εἷπε.
1560 2300 1627 2337 Διὰ
1654 2303 1754 2338 τοῦτο
1787 2300 1982 2352 προσέθηκε
2007 2300 2067 2346 τὸ,
2082 2299 2264 2350 Παρεκτὸς
2279 2300 2348 2335 τῶν

1329 2362 1464 2410 δεσμῶν
1478 2359 1623 2397 τούτων.
1641 2359 1731 2398 Ἀλλ’
1747 2360 1872 2409 ἴδωμεν
1891 2360 2019 2397 ἄνωθεν
2032 2359 2076 2396 τὰ
2091 2359 2346 2409 ἀνεγνωσμένα.

1329 2424 1385 2472 Τῇ
1408 2416 1464 2459 οἶν
1485 2421 1648 2472 ἐπαύριον
1669 2421 1890 2459 εἰσελθόντων
1907 2423 1954 2463 εἷς
1972 2421 2012 2458 τὸ
2026 2419 2269 2472 ἀκροατήριον,
2292 2434 2349 2456 κε-

1329 2481 1512 2524 λεύσαντος
1525 2485 1584 2518 τοῦ
1602 2480 1747 2526 Φήστου
1760 2511 1769 2528 ,
1789 2480 1892 2532 φησὶν
1905 2511 1914 2528 ,
1930 2480 2022 2532 ἤχθη
2041 2482 2058 2517 ὃ
2075 2480 2224 2522 Παῦλος.
2242 2479 2347 2517 Ἀπέ-

1332 2557 1462 2588 στησαν
1492 2541 1612 2579 λοιπὸν
1635 2544 1665 2579 οἵ
1694 2540 1855 2578 Ἰουδαῖοι
1884 2543 1952 2591 3τῇ
1985 2540 2096 2591 ἐφέσει
2125 2539 2349 2591 χρησαμένου

1332 2601 1480 2648 ἐκείνου,
1500 2601 1559 2639 καὶ
1572 2600 1649 2638 τότε
1667 2602 1761 2652 αὐτῷ
1784 2600 1946 2652 λαμπρὸν
1973 2600 2012 2638 τὸ
2042 2600 2182 2652 θέατρον
2198 2598 2348 2650 γίνεται·

1334 2661 1421 2711 μετὰ
1440 2663 1572 2705 πολλῆς
1594 2660 1660 2712 γὰρ
1686 2664 1748 2706 τῆς
1765 2659 1956 2712 φαντασίας
1974 2663 1991 2698 ὃ
2013 2659 2174 2710 βασιλεὺς
2193 2659 2253 2697 καὶ
2280 2666 2349 2696 πᾶν

1332 2721 1372 2758 τὸ
1390 2722 1519 2766 πλῆθος
1538 2723 1606 2757 τῶν
1627 2720 1802 2758 Ἰουδαίων
1819 2723 1995 2773 παρῆσαν,
2011 2722 2078 2771 οὐχ
2101 2723 2132 2757 οἱ
2153 2720 2230 2769 μὲν,
2255 2722 2286 2757 οἱ
2314 2719 2349 2758 δὲ

1332 2780 1384 2819 οὔ.
1401 2781 1453 2818 Τὸ
1480 2782 1609 2826 πλῆθος
1631 2783 1700 2818 τῶν
1720 2781 1908 2827 Ἰουδαίων,
1931 2780 2034 2832 φησὶ,
2052 2779 2238 2830 συνέτυχόν
2270 2794 2350 2829 μοι,

1334 2841 1367 2879 ἔν
1384 2857 1421 2879 τε
1440 2840 1690 2894 Ἱεροσολύμοις
1721 2841 1780 2879 καὶ
1810 2841 1946 2889 ἐνθάδε,
1964 2840 2169 2882 ἓπιὸοῶντες
2199 2839 2247 2889 μὴ
2281 2841 2350 2877 δεῖν

1335 2901 1435 2940 αὐτὸν
1456 2903 1515 2952 ζῇν
1539 2902 1677 2952 μηκέτι.

1352 3352 1391 3383 tis
1407 3349 1568 3382 Commel.
1585 3356 1618 3380 ct
1640 3349 1758 3382 savit}

1393 3412 1404 3426 ὓ
1424 3411 1459 3445 τῇ
1474 3407 1570 3445 ’ἑξέτει
1586 3412 1682 3434 unus.
