2502 3810
117 2065 140 2093 Α
160 2065 221 2092 Deo
237 2074 282 2091 ra-

94 2109 188 2133 tiones
224 2116 283 2134 non

95 2149 260 2183 repetende

94 2194 175 2216 sunt.

303 242 398 305 678

772 252 810 282 S.
847 250 1032 282 JOANMS
1067 250 1306 280 CHRYSOST.
1346 250 1553 298 ARCHIEP·
1593 251 1948 283 CONSTANTINOP.

295 338 487 377 secundum
506 348 654 388 operum
665 347 755 382 eam,
769 347 848 384 quae
866 333 1072 401 apparebat,
1086 333 1278 371 rationem?
1293 363 1341 388 513
1354 333 1506 388 ραχώρει
1521 334 1634 373 τοίνυν
1655 351 1704 372 τω
1719 335 1958 388 ἀκαταλήπτῳ
1971 352 2033 382 της
2052 336 2128 374 ἓκλ
2106 337 2216 386 ογῆς
2233 335 2291 373 καὶ
2306 335 2374 388 γὰρ

295 399 395 436 Sed
385 413 431 444 lS,
446 397 506 448 qui
527 405 620 434 Celta
646 403 806 442 nov1t‚et
824 408 936 432 anlml
955 394 1195 432 Condltlonem
1211 408 1279 432 eX-
1305 400 1332 429 A
1353 396 1454 446 μόνος
1476 398 1578 441 αὐτὸς
1593 392 1679 436 οἶδεν
1700 398 1852 449 ἅκριὸως
1867 404 2064 449 στεφανοῦν.
2084 399 2196 436 Πόσοι
2215 414 2295 449 γουν
2313 401 2373 435 τοῦ

294 460 432 511 ploiare
456 458 563 506 xalet,
585 456 691 493 etiam
708 455 744 493 in
764 455 839 493 luto
855 456 1031 507 jacentem
1050 455 1282 506 margaritam

295 534 362 557 nox
367 529 408 566 1t
423 527 454 556 et
468 532 511 569 Pl
514 526 595 554 aetei
597 531 713 554 11115515
728 516 807 553 aliis
810 516 983 568 ‚ejusque
1002 516 1153 553 formam
1172 515 1282 553 mira-

296 590 367 626 tus,
385 580 506 631 ipsum
520 577 638 628 elegit,
653 591 693 614 ac
706 576 880 629 propositi
895 577 971 628 ejus
990 576 1168 614 nobilitati
1181 591 1282 615 suam

293 640 426 678 addens
459 639 625 690 gratiam7
659 638 852 689 probatum
880 637 985 674 illum
1012 637 1222 675 declaravit.
1242 638 1282 675 Si

294 702 388 739 enim
409 701 445 738 in
463 700 520 738 his
537 700 644 737 fluxis
665 699 803 737 artibus
830 707 864 736 et
886 698 922 736 in
941 699 1021 736 aliis
1039 699 1145 736 rebus
1164 699 1282 736 omni—

293 763 372 810 bus,
392 761 454 812 qui
478 761 644 813 judicare
662 761 798 808 valent,
817 773 887 797 non
913 759 959 796 ab
979 759 1022 797 iis
1045 773 1123 810 quae
1150 759 1283 811 privati

293 822 453 860 homines
482 821 703 869 existimant,
722 835 799 870 quae
825 820 1008 872 proposita
1026 829 1109 857 sunt
1127 820 1283 871 eligunt3

294 883 355 922 sed
370 884 416 920 ab
434 883 490 931 iis,
507 897 584 933 quae
601 881 669 934 ipsi
685 881 872 934 perspicue
889 890 1032 930 norunt,
1054 890 1086 919 et
1101 881 1137 918 id
1152 881 1250 932 quod
1263 895 1283 918 a

293 947 402 996 vulgo
423 946 458 983 in
480 945 741 983 existimatione
756 944 836 990 fuit,
850 944 1060 996 plerumque
1080 945 1282 996 reprobant,

292 1006 459 1057 quodque
479 1006 534 1043 illi
558 1005 764 1058 rejiciebant
780 1004 917 1057 eligunt
932 1020 940 1041 :
955 1014 988 1042 et
1010 1019 1181 1056 equorum
1198 1005 1282 1043 item

295 1067 485 1105 domitores
499 1081 591 1118 saepe
610 1066 701 1103 circa
717 1080 824 1116 equos
839 1065 998 1118 idipsum
1012 1065 1146 1103 faciunt
1154 1082 1164 1115 3
1181 1066 1282 1104 item-

295 1144 364 1180 que
375 1143 595 1180 gemmarum
605 1127 723 1180 periti,
736 1128 957 1178 aliarumque
969 1127 1103 1165 artium
1117 1127 1261 1179 opifices
1274 1143 1282 1163 ε

297 1190 411 1228 multo
431 1190 545 1241 magis
576 1189 753 1239 benignus
768 1190 867 1226 Deus
898 1188 1070 1226 immensa
1098 1188 1283 1240 sapientia,

296 1253 357 1304 qui
377 1254 471 1291 solus
491 1253 609 1291 omnia
631 1251 723 1289 clare
743 1251 856 1300 novit,
879 1265 949 1288 non
971 1251 1069 1288 cedet
1097 1251 1285 1288 hominum

295 1315 469 1366 opinioni,
481 1314 542 1352 sed
560 1328 606 1352 ex
621 1313 763 1365 propria
783 1312 953 1364 sapientia
967 1321 1144 1360 accurata,
1162 1321 1191 1349 et
1205 1325 1284 1362 quae

296 1376 369 1412 labi
389 1375 523 1426 nequit,
547 1374 640 1412 circa
670 1373 789 1410 omnia
821 1372 999 1409 calculum
1027 1373 1125 1409 feret.
1145 1370 1227 1408 Ideo
1252 1380 1286 1408 et

296 1438 530 1489 publicanum
549 1436 668 1487 elegit,
682 1436 854 1472 latronem
870 1443 903 1471 et
917 1434 1136 1471 meretricem
1145 1449 1156 1483 ;
1175 1447 1285 1471 sacer-

296 1498 394 1537 dotes
424 1509 553 1549 autem,
576 1511 672 1536 senes
700 1506 733 1536 et
757 1497 985 1548 magistratus
1010 1495 1228 1548 improbavit
1252 1503 1285 1533 et

297 1559 409 1610 ejecit.

348 1802 384 1838 7.
401 1799 443 1838 Id
463 1799 499 1837 in
518 1799 739 1852 martyribus
765 1812 908 1850 quoque
927 1798 1131 1851 contingere
1148 1797 1283 1837 videas.

294 1861 405 1899 Multi
425 1861 519 1899 enim
538 1875 583 1899 ex
599 1861 654 1909 iis,
675 1861 736 1912 qui
756 1860 860 1899 valde
875 1861 1003 1913 abjecti
1021 1870 1133 1911 erant,
1152 1861 1187 1899 in
1210 1876 1284 1899 cer-

295 1924 470 1962 taminum
499 1934 657 1976 tempore
682 1924 837 1962 coronati
867 1933 969 1973 sunt3
991 1933 1025 1961 et
1054 1938 1072 1961 e
1093 1924 1283 1971 contrario,

297 1985 357 2035 qui
377 1985 496 2037 magni
517 2000 536 2023 a
555 1985 679 2023 multis
711 1985 930 2037 putabantur
949 1999 1036 2035 esse,
1067 1984 1287 2038 supplantati

297 2056 423 2085 suntet
439 2047 607 2085 cecidere.
625 2048 677 2085 Ne
689 2047 806 2097 itaque
824 2046 975 2084 rationes
995 2056 1130 2099 repetas
1147 2061 1167 2084 a
1181 2047 1288 2085 Crea-

298 2119 386 2159 tore‚
407 2124 471 2148 nec
501 2109 598 2148 dicas
616 2111 708 2148 :Cur
732 2110 792 2148 ille
812 2119 998 2148 coronatus
1018 2119 1080 2158 est,
1097 2110 1156 2147 ille
1175 2110 1287 2162 puni—

297 2171 378 2209 tus?
395 2171 470 2209 Scit
489 2171 583 2208 enim
601 2171 719 2208 omnia
733 2179 895 2208 accurate
913 2171 1289 2221 face1·e:quamobrem

297 2231 459 2268 dicebat:
475 2232 600 2268 Jacob
620 2231 757 2279 dilexi,
778 2232 887 2268 Esail
905 2240 1034 2268 autem
1051 2232 1138 2267 odio
1153 2232 1286 2268 habui.

299 2290 406 2339 Quod
425 2291 520 2328 enim
538 2290 578 2327 id
602 2291 695 2342 juste
716 2290 849 2338 fecerit,
874 2300 912 2328 tu
932 2291 1077 2340 quidem
1096 2305 1115 2328 a
1136 2291 1206 2328 fine
1224 2304 1288 2328 no-

297 2351 365 2401 511,
390 2351 466 2403 ipse
485 2364 568 2388 vero
582 2359 662 2387 ante
683 2350 791 2387 finem
816 2350 908 2388 clare
921 2359 1076 2388 noverat.
1097 2352 1175 2388 Non
1193 2350 1287 2388 enim

298 2427 445 2464 operum
458 2411 692 2450 ostensionem
702 2419 838 2448 tantum
854 2411 978 2461 quaerit
990 2413 1097 2460 Deus,
1107 2411 1169 2448 sed
1181 2411 1289 2448 ctiam

297 2473 470 2525 propositi
505 2473 728 2510 nobilitatem
756 2480 790 2509 et
819 2472 969 2524 probam
997 2481 1162 2509 mentem.
1197 2473 1289 2509 Nam

297 2535 359 2585 qui
393 2535 473 2572 talis
505 2543 569 2581 est,
588 2532 653 2571 etsi
673 2547 755 2570 casu
776 2532 968 2583 aliquando
996 2542 1128 2585 peccet,
1146 2532 1215 2570 cito
1235 2547 1290 2570 re-

298 2595 454 2647 sipiscit3
469 2594 606 2632 etiamsi
621 2594 657 2631 in
672 2593 829 2644 nequitia
846 2603 1004 2631 versatus
1016 2593 1074 2641 sit,
1085 2607 1155 2631 non
1168 2593 1290 2645 despi-

298 2656 483 2705 cietu1·,sed
493 2655 593 2693 brevi
604 2655 707 2692 illum
716 2654 897 2694 revocabit
905 2654 966 2704 qui
977 2654 1095 2692 omnia
1106 2653 1171 2692 scit
1179 2656 1292 2692 Deus:

297 2717 388 2755 sicut
402 2727 435 2755 et
450 2718 480 2755 is
495 2717 558 2768 qui
577 2717 613 2754 in
639 2730 674 2754 se
693 2724 880 2768 corruptus
899 2724 965 2765 est,
999 2715 1064 2753 etsi
1092 2715 1180 2766 quid
1203 2715 1290 2754 boni

298 2779 413 2816 facere
425 2778 606 2825 videatur,
622 2777 764 2830 peribit,
775 2775 872 2827 quod
885 2790 967 2813 cum
980 2776 1073 2813 mala
1094 2785 1208 2814 mente
1222 2775 1290 2814 hoc

297 2841 430 2879 fecerit.
452 2840 595 2879 Etenim
613 2840 731 2879 David
759 2854 839 2877 cum
860 2839 1058 2888 occidisset,
1081 2848 1113 2877 et
1133 2840 1288 2877 moecha-

298 2914 356 2942 tus
375 2913 477 2954 esset,
499 2905 583 2955 quia
607 2918 689 2942 casu
716 2903 873 2954 quodam
892 2903 1070 2955 abreptuS,
1091 2917 1160 2941 non
1181 2903 1287 2941 mali-

298 2979 367 3017 gne
396 2965 602 3014 meditatus,
623 2965 700 3002 haec
728 2965 824 3013 fecit,
847 2964 916 3002 cito
935 2964 996 3001 illa
1015 2964 1289 3002 abluit:Phari-

299 3040 387 3064 saeus
406 3035 536 3075 autem,
551 3025 644 3064 nihil
661 3026 791 3063 horum
809 3025 921 3062 facere
936 3039 1054 3073 ausus,
1068 3025 1129 3062 sed
1149 3039 1194 3063 ex
1209 3025 1289 3064 aliis
1312 3033 1336 3063 Ε

299 3101 372 3125 sese
394 3087 497 3125 bonis
532 3086 730 3135 venditans,
751 3100 796 3124 ex
826 3085 921 3123 malo
955 3085 1136 3137 proposito
1166 3086 1285 3137 periit.

301 3148 366 3184 14.
388 3149 492 3198 Quid
505 3161 593 3199 ergo
613 3148 783 3184 dicemus
799 3150 814 3182 Ρ
834 3160 887 3184 an
903 3148 1097 3198 injustitia
1116 3153 1171 3182 est
1187 3145 1293 3197 apud

301 3208 460 3245 Deum?
485 3207 617 3247 Absit.
652 3208 750 3258 Ergo
778 3221 890 3257 neque
920 3206 956 3243 in
985 3205 1102 3255 nobis,
1122 3219 1234 3256 neque
1253 3206 1288 3243 in

301 3268 446 3306 Judaeis.
478 3268 586 3306 Addit
613 3267 714 3305 aliud
750 3267 812 3305 illo
843 3267 1042 3305 obscurius.
1074 3265 1288 3315 Quidnam?

303 3330 437 3376 Moysi
480 3332 582 3366 enim
628 3330 735 3374 dicit,
776 3330 988 3367 Miserebor
1034 3329 1143 3379 cujus
1177 3330 1287 3365 mise-

347 3443 357 3457 ἢ
380 3432 462 3473 [Sic
489 3433 524 3463 A.
551 3431 642 3464 Ediii
667 3438 879 3471 ἀνακτήσηται.
899 3431 990 3465 Infra
1017 3443 1122 3476 marg.
1148 3431 1249 3465 Savil.
1280 3442 1354 3462 cum
1388 3431 1425 3461 A.
1445 3433 1541 3473 ὥσπερ

1352 458 1535 497 Ματθαίου
1553 459 1707 509 βελτίους
1725 463 1814 497 εἶναι
1834 459 1972 497 ἒοόκουν
1986 458 2076 497 κατὰ
2094 459 2156 507 την
2176 475 2244 497 των
2265 460 2373 510 ἔργων

1352 518 1514 563 ἐπίδειξιν
1531 518 1593 566 τὴν
1608 519 1839 571 φαινομένην,
1852 519 1944 558 Ἀλλ’
1959 523 1976 557 ὃ
1995 519 2039 557 τὰ
2054 520 2238 573 ἀπόρρητα
2255 519 2374 567 εἰδὼς,

1353 579 1412 617 καὶ
1423 580 1573 623 διανοίας
1589 580 1856 627 ἐπιτηδειότητα
1874 581 2062 631 δοκιμάσαι
2084 582 2270 632 δυνάμενος
2287 609 2296 626 ,
2316 581 2376 618 καὶ

1355 642 1388 678 ἐν
1404 643 1454 692 τῷ
1468 641 1624 694 βορὸόρῳ
1637 641 1694 679 τὸν
1708 641 1928 693 μαργαρίτην
1940 641 2096 692 κείμενον
2113 641 2211 690 ἔγνω,
2224 643 2284 680 καὶ
2298 640 2376 684 τοὺς

1355 701 1480 744 ἄλλους
1492 702 1746 754 παραδραμὼν,
1758 703 1818 740 καὶ
1830 702 1950 741 τούτου
1965 702 2028 748 τὴν
2041 703 2230 755 εὐμορφίαν
2240 702 2376 753 θαυμά-

1356 779 1432 810 σας,
1447 763 1548 801 αὖτὸν
1563 763 1751 811 ἐξελέξατο,
1765 764 1824 801 καὶ
1834 766 1876 815 τῇ
1892 767 1954 810 τῆς
1972 763 2207 816 προαιρέσεως
2226 763 2376 815 εὐγενείᾳ

1355 824 1418 870 τὴν
1441 826 1522 876 παρ’
1543 827 1666 863 ἑαυτοῦ
1685 825 1844 877 προσθεὶς
1863 825 1987 878 χάριν,
2010 825 2150 876 δόκιμον
2168 826 2269 863 αὐτὸν
2291 825 2378 863 ἀπέ-

1356 901 1473 938 φηνεν.
1498 887 1542 923 Εἰ
1572 884 1640 938 γὰρ
1670 885 1726 924 ἐπὶ
1754 887 1823 923 τῶν
1849 889 1980 938 τεχνῶν
1999 885 2129 924 τούτων
2155 888 2222 923 τῶν
2254 885 2379 931 ἐπικη-

1359 963 1438 998 ρων,
1452 946 1511 984 καὶ
1531 950 1598 984 τῶν
1620 947 1733 984 ἄλλων
1755 946 1917 984 ἁπάντων
1943 946 2159 999 πραγμάτιον
2178 974 2187 991 ,
2214 948 2245 983 οἳ
2277 946 2379 984 δεινοὶ

1356 1007 1482 1060 κρίνειν
1499 1010 1559 1046 οὐκ
1578 1010 1636 1059 ἀφ’
1652 1002 1698 1045 ὧν
1716 1011 1746 1045 οἱ
1767 1009 1902 1045 ἰδιῶται
1917 1008 2137 1060 ψηφίζονται,
2158 1007 2226 1045 ἀπὸ
2250 1007 2378 1045 τούτων

1357 1067 1556 1118 ἐκλέγονται
1577 1068 1622 1106 τὰ
1642 1068 1874 1122 προκείμενα,
1895 1071 1970 1107 ἀλλ’
2001 1070 2058 1120 ἀφ’
2079 1063 2126 1105 ὧν
2148 1067 2263 1105 ἴσασιν
2283 1068 2380 1105 αὐτοὶ

1357 1132 1492 1180 σαφῶς,
1515 1130 1575 1167 καὶ
1599 1129 1638 1167 τὸ
1668 1129 1729 1181 μὲν
1755 1129 1851 1181 παρὰ
1877 1136 1947 1173 τοῖς
1982 1128 2135 1173 ἰδιώταις
2172 1128 2380 1179 δοκιμασθέν

1356 1190 1524 1233 πολλάκις
1543 1190 1738 1240 ἠτίμασαν,
1757 1191 1796 1228 τὸ
1816 1189 1850 1228 δὲ
1880 1190 2069 1240 ἀτιμασθὲν
2100 1190 2272 1242 ἐνέκριναν
2293 1205 2300 1213 ·
2321 1189 2380 1227 καὶ

1357 1250 1586 1301 πωλοδάμναι
1605 1250 1772 1293 πολλάκις
1787 1250 1844 1288 ἐπὶ
1864 1254 1931 1288 τῶν
1952 1250 2068 1288 ἵππων
2084 1254 2184 1288 τοῦτο
2201 1249 2378 1296 ἐποίησαν,

1358 1310 1416 1348 καὶ
1441 1314 1471 1348 οἱ
1495 1314 1561 1348 τῶν
1579 1310 1703 1361 τιμίων
1733 1311 1836 1348 λίθων
1865 1311 2002 1362 κριταὶ,
2023 1311 2082 1348 καὶ
2113 1313 2144 1348 οἳ
2175 1314 2244 1348 τῶν
2265 1311 2379 1348 ἄλλων

1358 1372 1394 1410 δὲ
1412 1374 1544 1423 τεχνῶν
1576 1371 1803 1423 δημιουργοί·
1824 1373 1944 1423 πολλῷ
1966 1373 2095 1420 μᾶλλον
2128 1374 2146 1408 6
2180 1370 2380 1422 φιλάνθρω-

1357 1447 1420 1473 πος
1439 1431 1543 1475 Θεὸς,
1562 1435 1583 1477 ἦ
1604 1432 1745 1482 ἄπειρος
1761 1431 1881 1483 σοφία,
1899 1434 1916 1468 6
1933 1430 2033 1481 μόνος
2060 1430 2175 1468 πάντα
2201 1429 2300 1473 εἰδὼς
2320 1446 2381 1468 σα-

1359 1495 1430 1544 φῶς
1443 1522 1452 1539 ,
1469 1494 1529 1530 οὐκ
1548 1491 1708 1538 οἰνε.”ξεταιν
1723 1496 1785 1539 τῆς
1804 1496 1871 1530 τῶν
1893 1491 2083 1542 ἀνθρώπιον
2102 1491 2262 1535 ὑπονοίας
2275 1521 2285 1539 ,
2302 1493 2380 1529 ἀλλ’

1359 1553 1428 1591 ἀπο
1444 1569 1505 1598 της
1519 1553 1648 1597 οἰκείας
1667 1553 1788 1606 σοφίας
1804 1569 1864 1600 της
1887 1552 2049 1605 ἀκριέοῦς
2076 1552 2136 1590 καὶ
2161 1551 2380 1591 ἀδιαπτώτου

1358 1615 1420 1662 τὴν
1437 1616 1518 1667 περὶ
1538 1616 1676 1654 πάντων
1696 1616 1783 1654 οἴσει
1801 1617 1927 1667 ὺῆφον.
1954 1615 2022 1652 Ami
2048 1630 2101 1652 τοι
2119 1617 2218 1652 τοῦτο
2238 1614 2296 1652 καὶ
2321 1631 2382 1652 τε-

1358 1678 1472 1723 λώνην
1497 1676 1672 1721 ἐξελέξατο
1704 1693 1763 1715 και
1792 1676 1925 1728 λῃστην
1946 1676 2005 1714 καὶ
2032 1675 2163 1726 πόρνην
2180 1691 2187 1698 ·
2205 1675 2317 1726 ἱερέας
2347 1674 2382 1712 δὲ

1359 1739 1418 1776 καὶ
1437 1738 1691 1791 πρεσέυτέρους
1707 1739 1767 1776 καὶ
1789 1739 1961 1790 ἄρχοντας
1978 1737 2131 1788 ἠτίμησε
2151 1737 2210 1775 καὶ
2229 1736 2383 1780 ἐξέὸαλε.

1412 1802 1525 1838 Τοῦτο
1541 1800 1600 1837 καὶ
1617 1799 1673 1837 ἐπὶ
1688 1802 1755 1837 τῶν
1773 1798 1956 1851 μαρτύρων
1974 1798 2162 1848 συμίάῖνον
2178 1797 2243 1835 ἴδοι
2258 1814 2308 1841 τις
2329 1798 2382 1836 ἅν.

1360 1861 1493 1900 Πολλοὶ
1509 1865 1588 1912 γοῦν
1603 1864 1670 1898 τῶν
1689 1860 1821 1913 σφόδρα
1838 1858 2106 1912 ἀπερριμμένων
2128 1862 2160 1897 ἐν
2184 1861 2295 1911 καιρῷ
2315 1861 2383 1897 τῶν

1362 1922 1504 1973 ἀγώνιον
1535 1922 1822 1975 ἐστεφανώθησαν
1836 1937 1844 1945 ·
1879 1922 1939 1959 καὶ
1981 1920 2195 1966 τούναντίον,
2238 1920 2383 1972 μεγάλοι

1359 1984 1458 2036 παρὰ
1472 1985 1610 2027 πολλοῖς
1625 1984 1841 2035 νομισθέντες
1858 1977 1945 2022 εἶναί
1959 1999 2047 2026 τινες
2058 2012 2067 2028 ,
2084 1982 2383 2029 ὓπεσκελίσθησαν

1360 2046 1419 2083 καί
1439 2044 1643 2083 κατέπεσον.
1675 2045 1736 2092 Μὴ
1764 2045 1875 2082 τοίνυν
1903 2043 2042 2087 εὖθύνας
2067 2043 2206 2081 ἀπαίτει
2234 2043 2292 2081 τὸν
2321 2043 2384 2090 δη-

1362 2106 1538 2158 μιουργὸν,
1561 2105 1649 2156 μηδὲ
1668 2106 1766 2157 λέγε,
1790 2105 1845 2143 διὰ
1865 2105 1899 2142 τί
1918 2108 1934 2142 6
1954 2104 2014 2155 μὲν
2035 2103 2254 2156 ἐστεφανώθη
2271 2133 2280 2151 ,
2311 2107 2328 2142 6
2349 2104 2383 2142 δὲ

1361 2169 1443 2206 ε’κολ
1445 2168 1555 2213 otoo-q·
1548 2197 1556 2212 ‚
1578 2161 1662 2206 Oios
1683 2166 1768 2218 γαρ
1764 2183 1827 2204 μετ
1815 2165 2074 2218 ,αάκριοείας
2058 2180 2168 2202 ταυτα
2187 2171 2315 2202 ποιεῖν·
2333 2164 2385 2201 διὸ

1409 2228 1415 2241 i
1442 2228 1473 2264 31)

1361 2244 1456 2265 καιε
1460 2240 1556 2279 Λεγε·
1580 2228 1650 2266 Τὸν
1673 2227 1805 2265 Ἰακωὸ
1826 2227 1972 2278 ἧγοίπησ
1953 2242 2017 2271 σ,α
2039 2242 2095 2264 τον
2117 2225 2152 2264 οὲ
2172 2225 2316 2264 ‘How'
2301 2225 2383 2276 εμί-

1361 2305 1465 2335 σησα.
1496 2288 1582 2327 εὈτι
1611 2305 1679 2340 γαρ
1713 2288 1874 2334 οικαίως,
1908 2304 1948 2324 συ
1982 2287 2023 2337 μὲ
2026 2304 2042 2323 ν
2074 2287 2142 2324 ἀπὸ
2175 2303 2234 2324 του
2266 2286 2385 2328 τέλους

1361 2349 1466 2400 ἔγνως
1480 2380 1489 2396 ,
1511 2349 1613 2393 αὐτὸς
1628 2348 1662 2385 δὲ
1678 2349 1737 2386 καὶ
1755 2349 1822 2400 πρὸ
1835 2352 1894 2386 τσῦ
1912 2347 2028 2390 τέλους
2046 2347 2122 2398 ᾔδει
2142 2351 2270 2400 σαφῶς.
2289 2346 2382 2385 Οὐδὲ

1360 2411 1428 2463 γὰρ
1450 2411 1557 2462 ἔργων
1586 2409 1747 2454 ἐπίδειξιν
1780 2411 1875 2456 ζητεῖ
1907 2408 2008 2459 μόνον
2028 2411 2045 2445 6
2064 2408 2176 2455 Θεὸς,
2207 2407 2297 2445 ἀλλὰ
2325 2408 2384 2444 καὶ

1360 2470 1594 2524 προαιρέσεως
1613 2470 1781 2519 εὐγένειαν
1799 2469 1857 2507 καὶ
1871 2469 2014 2519 γνώμην
2033 2468 2244 2519 εὐγνώμονα.
2259 2467 2303 2506 ‘O
2316 2468 2384 2519 γὰρ

1361 2536 1533 2579 τοιοῦτος,
1555 2531 1619 2569 κᾶν
1650 2530 1716 2568 ὑπὸ
1742 2530 1980 2580 περιστάσεως
2000 2528 2092 2572 τινός
2120 2543 2204 2566 ποτε
2224 2527 2383 2579 ἁμάρτῃ,

1361 2592 1496 2644 ταχέως
1518 2591 1637 2629 ἑαυτὸν
1666 2590 1942 2637 ξὀἰναο-ττ’,σεται·
1975 2588 2039 2627 κᾶν
2060 2591 2094 2626 ἐν
2114 2588 2220 2640 κακία
2249 2587 2384 2639 διατρί-

1362 2653 1432 2691 &mv
1463 2652 1552 2704 τύχῃ
1566 2683 1575 2700 ,
1608 2654 1646 2690 οὐ
1677 2651 1947 2703 περιοφθήσεται
1960 2680 1969 2697 ,
1998 2650 2090 2688 ἀλλὰ
2114 2649 2249 2702 ταχέως
2283 2649 2383 2687 αὐτὸν

1362 2715 1573 2765 ἀνιμήσεται
1594 2716 1612 2751 6
1639 2713 1753 2752 πάντα
1780 2712 1880 2756 εἰδὼς
1895 2711 1995 2755 Θεός·
2021 2711 2139 2763 ὥσπερ
2159 2715 2176 2749 6
2193 2710 2292 2749 ταυτὶ
2313 2712 2385 2748 διε-

1361 2774 1572 2827 φθαρμένος,
1587 2774 1651 2811 κᾶν
1670 2774 1798 2825 ἀγαθόν
1812 2790 1846 2811 τι
1861 2773 1940 2825 δόξῃ
1955 2779 2078 2821 ποιεῖν,
2095 2773 2276 2810 ἀπολεῖται
2296 2771 2384 2821 μετὰ

1360 2842 1513 2887 πονηρᾶς
1529 2840 1628 2873 τοῦτο
1642 2835 1870 2909 ἐργαζόμενος
1881 2833 2022 2885 γνώμης
2034 2850 2041 2856 ·
2061 2832 2135 2871 ἐπεὶ
2152 2833 2210 2871 καὶ
2229 2835 2246 2870 6
2263 2832 2384 2880 Δαυὶδ,

1360 2898 1420 2936 καὶ
1436 2896 1601 2949 φονεύσας
1615 2912 1674 2934 και
1692 2894 1881 2947 μοιγεύσας
1894 2925 1903 2941 ,
1924 2893 2044 2940 ἐπειοὴ
2062 2894 2131 2931 ἀπὸ
2148 2893 2385 2946 περιστάσεως

1361 2974 1451 3001 τινος
1473 2972 1726 3018 συναρπαγεις,
1749 2958 1811 2993 οὐκ
1843 2956 1911 2993 ἀπὸ
1940 2954 2085 3005 μελέτης
2111 2956 2173 2999 τῆς
2202 2953 2293 2991 κατὰ
2321 2953 2384 3000 τὴν

1362 3019 1533 3071 πονηρίαν
1553 3033 1663 3056 ταυτα
1685 3032 1884 3070 Εῑργασαῖθ,
1906 3031 2042 3066 ἀγέως
2063 3031 2125 3052 αυῗ
2129 3014 2149 3050 ὰ
2171 3013 2383 3052 dwsvffla'co·

1361 3084 1379 3119 6
1403 3095 1521 3132 μεντοι
1539 3080 1756 3129 Φαρισαῖος,
1791 3077 1851 3114 0ὒέ
1854 3076 1886 3114 ὲν
1916 3076 2046 3114 τούτων
2073 3077 2134 3113 τολ
2127 3091 2269 3125 μησας,
2295 3074 2385 3113 ἀλλα
2433 3116 2444 3122 ,

1361 3142 1420 3180 καὶ
1439 3144 1472 3179 ἐν
1495 3141 1612 3184 ἄλλοις
1637 3140 1753 3189 κομῶν
1781 3139 1943 3185 ἀγαθοῖς,
1963 3140 2005 3188 τῇ
2026 3142 2161 3188 πονηρᾷ
2184 3135 2385 3188 προαιρέσει

1360 3202 1476 3240 πάντα
1494 3200 1596 3239 ἇπώλ
1599 3216 1665 3238 εσε.
1684 3198 1731 3237 Τί
1752 3192 1839 3236 οὖν’
1825 3202 1990 3250 εροῧμεν,
2014 3197 2062 3248 μὴ
2083 3196 2201 3234 ἀδικία
2223 3196 2319 3272 παρὰ
2334 3199 2383 3233 τῶ

1359 3266 1462 3316 Θεῳ,
1492 3262 1554 3309 Μὴ
1580 3262 1725 3313 γένοιτο.
1757 3261 1892 3298 Οὔκουν
1921 3258 1999 3297 οὐοὲ
2021 3259 2072 3310 ἐφ
2100 3260 2202 3308 ημῶν
2229 3258 2289 3296 καὶ
2314 3259 2382 3294 τῶν

1359 3323 1548 3363 Ἰουοαίιμν
1577 3324 1665 3360 Εἶτα
1696 3320 1818 3371 ἐπάγει
1850 3319 1964 3371 ἕτερον
1991 3318 2110 3357 τούτου
2132 3317 2380 3369 ἀσαφέστερον.

1745 3426 1852 3470 Balad]

1561 3430 1607 3461 οὖν
1625 3433 1694 3462 ὅταν
1712 3430 1727 3471 ᾗ
