2502 3810
716 247 759 275 lx
798 246 938 276 EPIST.

59 326 210 376 ἀνάγκης
242 325 336 370 ἐστι,
362 328 496 376 ποιῦμε
484 342 518 362 ν
551 329 611 372 τῆς
641 341 824 378 προαιρεσε
829 343 873 370 ως
906 341 991 364 ειναι
1017 331 1078 373 τῆς

56 386 240 438 ἡμετέρας.
266 380 350 423 Οἱόν
370 402 404 423 τι
422 388 460 423 λε
453 386 535 437 ’γιον
555 387 665 425 παῖδά
684 403 735 430 τις
754 387 908 425 ἀπέὸαλε
927 403 1078 439 γνησιον,

57 446 119 494 τὴν
135 445 252 484 οὐσίαν
268 446 382 497 ἕτερος
403 446 564 494 ἅπασαν·
588 446 627 485 ἂν
652 448 833 499 εἶννοησῃς,
855 448 908 486 ὅτι
935 449 1078 494 λυθῆναι

60 506 122 557 μὲν
153 506 192 543 τὸ
216 506 441 557 γεγενημένον
476 509 537 545 οὐκ
556 507 695 553 ἔνι,”ἔνι
722 508 806 546 δέτι
826 508 1079 561 καρπώσασθαι

59 567 119 605 καὶ
136 569 174 605 ἐκ
191 570 252 613 τῆς
289 567 428 605 ἀνιάτου
453 576 631 620 συμφορᾶς
646 597 654 613 ,
677 569 717 606 τὸ
750 568 912 621 γενναίως
932 570 1079 619 ἐνεγκεῖν

60 629 100 666 τὸ
126 627 278 678 συμὸὰν,
308 628 367 666 καὶ
393 629 468 666 ἀντὶ
499 633 567 666 τῶν
599 630 763 681 ῥημάτων
781 633 849 667 τῶν
865 630 1081 681 3δι)σ;ρ·κ,μ.ων

60 687 233 739 εὐφημίαν
269 688 365 725 ἀνενέ
367 704 453 740 γκῃς
485 706 534 726 τω
565 689 726 741 Δεσπότῃ
739 720 748 737 ,
779 690 870 727 οὕτω
906 688 950 726 τὰ
980 689 1082 727 ἀδου-

60 748 175 794 λητως
203 748 429 800 ἐπενεχθέντα
453 749 564 796 κακὰ,
581 765 724 801 προαιρε
730 766 815 793 σεως
832 749 927 787 ἔσται
946 765 999 786 σοι
1018 764 1083 785 κα-

62 808 286 861 τορθώυατα.
308 803 408 852 Εἶδες
432 810 504 847 υἱὸν
530 810 730 862 ἁρπαγέντα
753 811 889 868 ἄωρον;
914 810 1021 855 Εἰπὲ,
1038 808 1082 846 O

66 866 224 919 Κύριος”
207 868 311 904 εδωκε
300 883 377 915 -ον,
363 867 517 918 ’Κύριος
538 867 639 919 ἀφείλ
642 883 708 905 ετο.
725 860 826 908 Εἶδες
845 865 960 903 οὐσίαν
976 880 1084 902 κενω-

64 931 201 973 θεῖσαν;
218 927 322 974 Eine,
338 930 366 966 l
369 928 473 977 υμνὸς
491 931 524 972 ἐς
510 928 665 973 ’ἦλθον
651 943 691 964 εκ
709 926 842 969 κοιλίας
858 925 987 976 μητρός
999 940 1082 974 μου,

61 989 190 1039 γυμνὸς
213 987 272 1025 καὶ
290 986 537 1037 ἀπελεύσομαι.
555 981 657 1030 Εἶδες
685 984 856 1036 πονηροὺς
877 986 1083 1035 εὐπραγοῦν-

63 1063 142 1094 τας,
163 1047 221 1085 καὶ
240 1046 390 1088 δικαίους
407 1047 683 1097 δυσημερουντας
694 1046 753 1083 καὶ
769 1045 1085 1096 μυρίαπάσχοντας

65 1107 178 1153 δεινὰ,
195 1109 256 1144 οὐκ
271 1106 375 1157 ἔγνως
391 1104 426 1142 δὲ
443 1108 511 1142 τῶν
531 1105 724 1156 γενομένων
743 1108 850 1156 εὓρεῖν
871 1121 934 1151 την
952 1104 1084 1150 αἰτίαν,

63 1166 172 1213 Εἰπὲ,
191 1162 414 1211 Κτηνώδηςὴ
427 1164 592 1216 ἐγενόμην
613 1165 709 1218 παρα
725 1165 796 1213 σοι,
813 1164 905 1211 πλην
925 1164 993 1215 ἐγὼ
1013 1166 1084 1202 δια-

62 1227 189 1269 παντὸς
212 1225 299 1277 μετὰ
321 1240 392 1264 σου.
414 1227 458 1263 Εἰ
480 1225 515 1264 δε
533 1241 592 1263 και
606 1225 668 1272 τὴν
687 1225 799 1263 αἰτίαν
820 1228 988 1273 ζητεῖς,
974 1225 1088 1271 εννόη-

66 1303 124 1326 σον
143 1286 196 1325 οτι
213 1286 354 1333 ἔστησεν
369 1286 518 1338 ἡμέραν,
536 1289 612 1324 καθ’
631 1288 692 1337 ἢν
687 1287 804 1324 μέλλει
819 1286 945 1338 κρίνειν
962 1286 1023 1333 τὴν
1039 1289 1086 1325 οἷ-

65 1347 254 1398 κουμένην,
281 1347 341 1385 καὶ
374 1354 489 1385 πᾶσαν
520 1347 682 1390 ἐκὸαλεῐς
721 1347 886 1398 ἀπορίαν·
922 1346 984 1394 τὴν
1019 1347 1087 1399 γὰρ

67 1407 164 1452 ἀξίαν
177 1408 255 1445 τότε
275 1407 418 1451 ἕκαστος
438 1407 677 1459 ἀπολήψεται,
694 1406 812 1460 ὥσπερ
824 1407 1010 1459 ὃΛοίζαρος
1030 1407 1088 1445 καὶ

67 1472 85 1506 ὃ
103 1467 276 1511 πλούσιος.
298 1467 554 1518 Ἀναμνήσθητι
583 1471 651 1505 τῶν
691 1467 914 1506 ἀποστόλων·
935 1468 994 1506 καὶ
1022 1468 1088 1519 γὰρ

69 1531 190 1567 ἐκεῖνοι
212 1528 456 1578 μαστιζόμενοι
477 1527 537 1566 καὶ
565 1528 787 1579 ἐλαυνόμενοι
807 1528 865 1565 καὶ
896 1528 1002 1580 μυρία
1020 1529 1091 1565 ποί-

69 1605 208 1641 σχρντες
228 1588 379 1640 ἔχαιρον,
398 1590 451 1626 ὅτι
470 1587 735 1635 κατηξιώθησαν
758 1588 844 1640 ὑπὲρ
864 1594 923 1627 τοῦ
956 1590 1086 1639 ὀνόμα-

67 1664 124 1691 τος
147 1654 206 1686 τοῦ
229 1650 380 1700 Χριστοῦ
402 1651 646 1698 ἀτιμασθῆναι.
678 1649 746 1686 Καὶ
768 1648 809 1686 σὺ
830 1648 942 1687 τοίνυν
964 1649 1003 1686 ἂν
1023 1652 1088 1702 ἀῤ-

71 1709 269 1760 ῥωστήσης,
288 1709 368 1760 φέρε
387 1709 570 1760 γενναίως,
594 1709 653 1747 καὶ
673 1712 722 1761 τῷ
741 1711 822 1761 Θεῷ
841 1709 989 1760 χάριτας
1005 1713 1091 1758 ὁμο-

68 1770 183 1820 λόγει,
209 1770 267 1806 καὶ
293 1769 446 1807 οὕτωτὸν
468 1769 568 1807 αὐτὸν
587 1769 727 1813 ἐκείνοις
742 1770 837 1821 λήψῃ
859 1769 992 1820 μισθόν.
1009 1771 1093 1812 Πῶς

69 1829 106 1867 δὲ
125 1831 159 1867 ἐν
181 1829 358 1882 ἀρρωστίᾳ
376 1829 422 1867 ὢν
451 1830 510 1868 καὶ
541 1829 677 1874 ὀδύναις
701 1830 829 1881 δυνήσῃ
855 1832 904 1882 τῷ
928 1829 1088 1882 Δεσπότῃ

70 1889 174 1942 χάριν
197 1889 343 1937 εἰδέναι,
363 1889 423 1927 Ἂν
445 1892 546 1942 φιλῇς
581 1890 682 1928 αὐτὸν
702 1892 861 1942 γνησίως.
890 1891 934 1928 Εἰ
960 1889 1027 1941 γὰρ
1047 1891 1093 1932 εἷς

70 1951 215 2000 κάμινον
241 1950 449 1999 ἐμπεσόντες
466 1953 496 1988 οἱ
513 1951 632 1993 παῖδες
649 1953 678 1988 οἳ
695 1955 785 2002 τρεῖς
797 1981 806 1998 ,
826 1951 886 1988 καὶ
903 1952 937 1987 ἐν
958 1951 1093 2000 δεσμω-

70 2011 202 2062 τηρίοις
232 2010 325 2053 ὄντες
351 2010 460 2063 ἕτεροι
491 2011 549 2049 καὶ
577 2013 610 2048 ἐν
633 2010 766 2063 μυρίοις
799 2011 918 2053 ἄλλοις
951 2015 1091 2057 κακοῖς,

71 2074 109 2109 οὔ
130 2071 283 2109 διέλιπον
313 2072 616 2124 εὐχαριστοῦντες·
637 2073 756 2123 πολλῷ
779 2072 909 2121 μᾶλλον
930 2074 960 2109 οἱ
983 2073 1017 2109 ἐν
1034 2073 1091 2110 νό-

71 2147 142 2174 σοις
161 2131 254 2174 ὄντες
284 2131 343 2169 καὶ
376 2135 410 2169 ἐν
441 2132 652 2184 ἀρρωστίαις
667 2134 839 2184 χαλεπαῖς
865 2131 1093 2184 κατεχόμενοι

71 2197 170 2230 τοῦτο
191 2191 394 2237 δυνήσονται
412 2199 534 2230 ποιεῖν.
555 2195 608 2231 Οὔ
625 2192 691 2244 γάρ
715 2195 822 2240 ἐστιν,
844 2195 905 2231 οὐκ
929 2193 1020 2231 ἔστιν
1040 2194 1094 2231 οὗ-

71 2250 140 2299 δὲν,
160 2252 178 2290 ὃ
197 2251 245 2302 μὴ
262 2257 342 2303 νικᾷ
357 2251 459 2295 πόθος
470 2268 478 2275 ·
497 2252 580 2291 ὅταν
595 2252 702 2291 δὲκαὶ
718 2254 810 2291 Θεοῦ
826 2252 928 2295 πόθος
947 2247 990 2304 ἦ,
1005 2252 1096 2290 ποίν-

69 2327 138 2349 των
165 2311 256 2350 ἐστὶν
283 2312 514 2363 ὑψηλότερος,
544 2313 603 2351 καὶ
634 2313 712 2351 οὔτε
745 2317 832 2364 πῦρ,
865 2315 902 2351 οὐ
936 2312 1094 2363 σίδηρος,

69 2374 109 2410 οὐ
128 2372 249 2420 πενία,
283 2374 343 2410 οὔκ
380 2372 576 2426 ἀρρωστία,
601 2374 638 2410 οὐ
666 2373 832 2420 θάνατος,
853 2374 916 2411 οὐκ
947 2372 1033 2410 ἄλλο
1063 2387 1096 2409 τι

71 2435 140 2470 τῶν
156 2433 320 2472 τοιούτων
336 2439 495 2485 φανεῖται
515 2433 621 2472 δεινὸν
637 2437 686 2486 τῷ
701 2439 716 2455 ⁰
727 2439 878 2472 τοιοῦτον
892 2432 1095 2484 κεκτημένῳ

41 2517 47 2521 -
71 2493 130 2531 τὸν
151 2493 283 2544 ἔρωτα,
304 2494 392 2532 ἀλλὰ
415 2494 554 2532 πάντων
576 2494 836 2546 καταγελάσας,
856 2491 942 2546 πρὸς
961 2493 1017 2531 τὸν
1035 2495 1093 2531 οὐ-

74 2554 173 2606 ρανὸν
199 2553 389 2600 πτήσεται,
421 2554 480 2592 καὶ
516 2557 583 2592 τῶν
623 2557 693 2593 ἐκεῖ
726 2554 972 2606 διατριὸόντων
999 2554 1095 2593 οὐδὲν

777 2617 799 2625 m

73 2615 214 2652 ἔλαττον
228 2613 468 2695 ὃδιακείσεται,
485 2614 579 2653 οὐδὲν
597 2615 713 2666 ἕτερον
734 2618 834 2667 ὅρων,
853 2616 913 2653 οὐκ
938 2614 1094 2666 οὐρανὸν,
1108 2650 1155 2675 519

73 2677 111 2713 οὗ
130 2679 210 2726 γ’ῆν,
228 2676 293 2712 ὃοῦ
316 2675 502 2723 θάλατταν,
516 2675 606 2714 ἀλλὰ
617 2676 703 2728 πρὸς
718 2675 755 2712 ἓν
774 2676 874 2726 μόνον
892 2676 1019 2718 κάλλος
1040 2691 1096 2712 τε
1121 2686 1147 2716 Α

397 2735 448 2748 Nl?

72 2735 220 2786 ταμένος
238 2736 278 2774 τὸ
301 2739 363 2783 τῆς
393 2750 492 2781 οοςης
517 2736 666 2782 εκείνης·
696 2737 756 2774 καὶ
782 2735 861 2774 οὔτε
886 2735 929 2774 τὰ
956 2735 1097 2788 λυπηρὰ

75 2797 174 2835 αὐτὸν
197 2800 257 2834 τοῦ
274 2795 443 2848 παρόντος
460 2798 674 2835 ταπεινῶσαι
702 2796 886 2843 δυνησεται
907 2796 1003 2847 βίου,
1018 2797 1096 2834 οὔτε

74 2858 201 2910 ἐπᾶραι
224 2857 283 2894 καὶ
303 2859 453 2908 φυσῆσαι
476 2857 520 2894 τὰ
553 2857 692 2909 χρηστὰ
720 2857 779 2895 καὶ
798 2856 923 2903 ἡδονὴν
958 2856 1095 2908 ἔχοντα.

73 2916 298 2968 Ἔρασθῶμεν
315 2916 428 2955 τοίνυν
447 2921 565 2956 τοῦτον
579 2917 636 2955 τὸν
653 2917 766 2969 ἔρωτα
785 2916 926 2965 (τούτου
943 2917 1010 2969 γὰρ
1024 2916 1096 2955 ἴσον

74 2977 191 3026 οὐδέν)
211 2993 270 3016 και
292 2978 348 3016 διὰ
374 2977 420 3016 τὰ
441 2978 621 3030 παρόντα,
642 2994 703 3017 και
736 2978 793 3016 διὰ
828 2977 873 3016 τὰ
908 2977 1097 3028 μελλοντα

77 3039 204 3118 μᾶλλὴον
226 3037 262 3075 δε
284 3037 352 3089 πρὸ
370 3038 514 3086 τούτων,
531 3039 575 3076 δι’
590 3039 696 3086 αυτὴν
717 3039 779 3085 τὴν
806 3055 865 3077 του
888 3038 1047 3088 ἔρωτος
1033 3053 1097 3075 ιου-

978 247 1037 275 AD
1074 246 1181 276 ΚΟΜ-

1223 245 1376 274 ΠΟΜΙῘ,.
1416 244 1477 272 IX.

2036 221 2128 283 569

1151 326 1343 377 proferens,
1363 338 1431 362 nou
1450 323 1623 360 minorem
1640 320 1863 359 redditurum
1881 318 2129 366 calamitatem,

1151 388 1211 426 scd
1241 389 1410 440 majorem
1437 387 1612 424 facturum
1640 391 1892 434 tempestatem.
1919 383 2003 419 Haec
2032 380 2129 430 cogi-

1151 461 1277 499 tantes,
1304 450 1342 488 id
1368 449 1464 500 quod
1490 447 1682 486 necessario
1711 445 1854 494 accidit,
1877 458 1921 481 ex
1948 442 2131 495 proposito

1152 509 1345 549 voluntatis
1361 508 1601 546 admittamus.
1617 504 1783 556 Exempli
1793 518 1911 550 causa,
1924 502 2042 539 filium
2053 501 2132 551 quis

1152 571 1345 622 genuinum
1371 568 1503 615 amisit,
1527 567 1618 603 alius
1641 565 1822 602 facultates
1851 576 1990 609 omnes,
2013 562 2042 598 si
2071 575 2132 597 co-

1153 633 1258 683 gites,
1283 631 1320 668 id
1338 629 1446 667 vitari
1466 643 1535 665 non
1555 641 1669 679 posse,
1688 625 1747 663 sed
1761 640 1806 663 ex
1823 623 2021 663 inevitabili
2043 623 2137 660 cala-

1154 694 1275 730 mitate
1294 692 1451 728 fructum
1469 688 1609 739 decerpi
1636 701 1756 739 posse,
1785 686 1884 722 illam
1905 697 2068 736 generose
2086 684 2134 719 se-

1155 751 1275 797 rende,
1295 759 1328 787 et
1345 746 1577 799 blasphemia}
1596 746 1673 782 loco
1701 745 1843 781 laudem
1867 742 2019 781 Domino
2039 742 2133 778 resc-

1155 825 1224 858 ras,
1244 810 1294 847 sic
1312 809 1420 857 mala,
1440 817 1472 844 te
1491 820 1558 843 non
1569 805 1707 843 volente
1726 804 1839 852 illata,
1862 803 1897 840 in
1914 801 2086 854 propositi
2101 810 2135 838 et

1153 870 1348 909 voluntatis
1368 867 1492 904 merita
1516 874 1708 903 vertentur.
1731 863 1902 903 Vidistin'
1923 864 2040 900 filium
2062 863 2134 900 im-

1155 939 1302 967 maturae
1324 927 1437 965 aetatis
1456 924 1667 976 abreptum?
1692 923 1771 970 Dic,
1793 925 1984 960 Dominus
2006 925 2132 969 dedit,
2149 929 2218 956 Job.
2241 937 2266 956 ι.
2285 936 2335 955 21.

1156 994 1349 1030 Dominus
1379 989 1553 1027 abstulit.
1590 986 1726 1026 Vidisti
1756 986 1942 1023 facultates
1976 999 2137 1036 pessum—

1156 1051 1284 1089 datas?
1305 1050 1384 1100 Dic,
1400 1051 1446 1087 N
1442 1050 1540 1086 udus
1559 1060 1730 1099 egressus
1752 1060 1836 1084 sum
1856 1047 1903 1083 de
1928 1054 2034 1082 utero
2058 1059 2139 1082 mcc-
2155 1054 2234 1082 [bid.

1159 1115 1227 1151 tris
1253 1126 1359 1159 meze,
1385 1119 1421 1148 et
1442 1111 1564 1147 nudus
1584 1116 1769 1146 revertar.
1792 1106 1929 1146 Vidisti
1957 1106 2140 1157 improbos

1158 1187 1325 1226 prospere
1343 1181 1494 1223 agentes,
1513 1180 1546 1208 et
1560 1170 1675 1221 justos
1701 1167 1888 1206 infeliciter
1913 1182 1988 1205 rem
2010 1181 2141 1219 gerere,

1160 1244 1193 1274 et
1214 1234 1408 1273 innumeris
1435 1232 1548 1283 affligi
1566 1231 1683 1280 malis,
1710 1245 1771 1268 nec
1790 1239 1888 1282 potes
1907 1229 2037 1267 horum
2056 1243 2140 1266 cau-

1161 1311 1235 1334 sam
1254 1295 1467 1348 explorare?
1484 1293 1580 1332 Dic.

1161 1358 1266 1408 apud
1285 1365 1353 1393 te:
1370 1370 1415 1406 eg
1417 1369 1438 1392 ο
1451 1363 1580 1392 tamen
1595 1366 1742 1404 semper
1754 1361 1889 1389 tecum.
1908 1351 1946 1390 Si
1969 1365 2049 1389 seio
2064 1366 2145 1388 cau—

1162 1430 1237 1454 sam
1255 1430 1403 1467 quaeras,
1423 1429 1487 1467 cog
1490 1416 1537 1452 ita
1556 1414 1651 1452 diem
1669 1428 1688 1450 a
1704 1415 1778 1451 Deo
1800 1412 2031 1450 constitutum
2051 1426 2124 1450 esse
2137 1442 2148 1461 ,

1163 1492 1232 1528 quo
1245 1477 1470 1529 judicaturus
1486 1485 1537 1514 est
1553 1475 1688 1524 orbem,
1702 1484 1735 1512 et
1750 1488 1891 1512 omnem
1908 1474 2064 1512 excuties
2082 1474 2147 1511 du-

1160 1538 1369 1575 bitationem
1399 1552 1406 1572 :
1435 1545 1519 1573 tunc
1550 1535 1645 1572 enim
1678 1535 1918 1585 unusquisque
1953 1534 2148 1572 secundum

1163 1598 1330 1636 meritum
1344 1597 1492 1648 accipiet
1502 1611 1512 1645 3
1535 1605 1574 1633 ut
1587 1598 1742 1634 Lazarus
1762 1605 1795 1633 et
1809 1595 1924 1634 dives.
1948 1595 2149 1633 Recordare

1163 1660 1406 1712 apostolorum
1429 1674 1436 1694 :
1459 1658 1513 1695 illi
1533 1658 1628 1695 enim
1649 1658 1834 1707 flagellati,
1853 1657 1961 1709 pulsi,
1980 1667 2013 1694 et
2033 1658 2149 1695 millia

1162 1720 1347 1773 patientes,
1372 1718 1586 1770 gaudebant,
1603 1717 1700 1767 quod
1718 1717 1857 1768 dignati
1876 1727 1989 1754 essent
2005 1732 2069 1768 pro
2086 1732 2151 1755 no-

1163 1782 1259 1820 mine
1278 1780 1411 1819 Christi
1441 1779 1693 1817 contumeliam
1713 1779 1815 1816 serre.
1835 1777 1883 1815 Et
1902 1787 1940 1815 tu
1959 1778 2098 1828 itaque,
2120 1779 2149 1816 si

1166 1843 1377 1896 aegritudine
1395 1842 1547 1891 labores,
1577 1840 1615 1878 id
1637 1840 1774 1878 fortiter
1793 1840 1896 1887 feras,
1919 1849 1951 1877 et
1978 1841 2050 1877 Deo
2070 1853 2150 1890 gra—

1165 1904 1233 1942 tias
1252 1903 1399 1951 reddas,
1419 1902 1538 1952 sicque
1561 1900 1722 1938 eamdem
1743 1914 1848 1950 quam
1870 1899 1926 1937 illi
1952 1900 2151 1938 mercedem

1166 1962 1330 2013 accipies.
1352 1959 1540 2009 Quomodo
1556 1968 1675 1996 autem
1697 1958 1731 1995 in
1754 1958 1892 2008 morbo,
1910 1958 1947 1995 in
1965 1957 2151 1996 doloribus

1166 2025 1296 2077 poteris
1316 2023 1468 2062 Domino
1489 2022 1639 2074 gratiam
1654 2021 1814 2059 habere?
1835 2021 1871 2060 Si
1893 2021 1996 2058 illum
2018 2021 2152 2058 sincere

1166 2102 1271 2126 ames.
1289 2089 1382 2126 Nam
1407 2086 1437 2124 si
1460 2095 1530 2124 tres
1556 2085 1656 2137 pueri
1674 2084 1708 2122 in
1729 2085 1911 2122 fornacem
1937 2085 2099 2136 conjecti,
2119 2093 2155 2122 et

1166 2152 1228 2190 alii
1239 2150 1392 2190 vinculis
1406 2149 1600 2197 constricti,
1613 2148 1671 2186 vel
1685 2148 1881 2186 innumeris
1895 2148 2019 2185 afflicti
2032 2147 2152 2194 malis,

1167 2229 1238 2253 non
1254 2213 1465 2252 destiterunt
1478 2226 1497 2249 a
1514 2211 1711 2263 gratiarum
1730 2211 1867 2248 actione
1887 2227 1894 2247 :
1912 2211 2025 2248 multo
2040 2210 2155 2261 magis

1167 2278 1208 2324 ii,
1229 2277 1292 2328 qui
1308 2276 1442 2314 morbis
1458 2284 1490 2313 et
1508 2274 1608 2312 duris
1633 2273 1904 2311 infirmitatibus
1923 2274 2153 2321 afflictantur,

1168 2338 1236 2376 hoc
1264 2338 1378 2375 facere
1398 2344 1578 2388 poterunt.
1601 2334 1703 2372 Nihil
1723 2333 1818 2371 enim
1837 2343 1907 2381 est,
1934 2334 2025 2371 nihil
2046 2343 2154 2382 certe,

1169 2401 1265 2452 quod
1285 2414 1384 2438 amor
1404 2413 1473 2437 non
1489 2398 1610 2437 vincat
1628 2415 1635 2435 :
1656 2412 1739 2435 cum
1758 2411 1866 2449 porro
1883 2397 1948 2435 Dei
1967 2411 2067 2434 amor
2086 2407 2153 2447 est,

1168 2464 1336 2502 omnibus
1350 2472 1400 2500 est
1414 2461 1618 2510 sublimior,
1636 2474 1748 2510 neque
1768 2460 1861 2511 ignis
1876 2474 1990 2510 neque
2005 2461 2155 2508 ferrum,

1169 2539 1239 2563 non
1261 2533 1470 2576 paupertas,
1501 2536 1572 2560 non
1598 2521 1812 2569 infirmitas,
1838 2535 1912 2560 non
1942 2535 2052 2570 mors,
2084 2535 2155 2559 non

1169 2585 1314 2636 quidvis
1333 2583 1433 2622 aliud
1452 2597 1561 2635 grave
1583 2581 1767 2621 videbitur
1793 2582 1838 2629 ei,
1868 2582 1926 2632 qui
1949 2581 2016 2619 hoc
2036 2596 2156 2619 amole

1170 2646 1332 2683 detentus
1360 2653 1434 2694 est,
1458 2643 1519 2681 sed
1548 2642 1667 2680 omnia
1693 2641 1869 2690 irridebit,
1897 2651 1930 2679 et
1952 2641 1996 2679 ad
2028 2643 2155 2680 caelum

1169 2709 1319 2757 volabit,
1339 2721 1400 2745 nee
1419 2706 1488 2744 alio
1508 2705 1614 2743 modo
1640 2705 1788 2742 affectus
1810 2704 1876 2742 elit
1898 2718 2003 2754 quam
2024 2704 2065 2753 ii,
2093 2704 2155 2755 qui

1169 2772 1244 2810 illic
1271 2771 1426 2822 degunt3
1447 2768 1539 2806 nihil
1561 2767 1663 2805 aliud
1682 2767 1894 2819 respiciens,
1919 2781 1989 2804 non
2013 2767 2153 2816 caelum,

1170 2849 1239 2873 non
1265 2843 1410 2882 terram,
1423 2842 1501 2869 'non
1520 2844 1628 2878 mare,
1652 2829 1714 2867 sed
1735 2843 1842 2867 unam
1862 2829 2047 2868 attendens
2071 2831 2155 2882 pul-

1171 2896 1421 2943 chritudinem,
1440 2894 1562 2945 gloriae
1578 2907 1704 2945 nempe
1724 2892 1822 2930 illius
1843 2908 1851 2928 τ
1872 2906 1986 2943 neque
2001 2907 2154 2945 praesen—

2159 1341 2210 1370 23.

1169 2965 1213 3002 tis
1231 2963 1310 3002 vitae
1326 2975 1491 3000 aerumnae
1508 2960 1611 2997 illum
1632 2959 1841 3010 deprimere,
1857 2972 1969 3009 neque
1984 2973 2153 3010 prospera

1169 3038 1203 3066 et
1217 3029 1434 3079 voluptatem
1449 3024 1593 3063 ferentia
1611 3023 1734 3061 inflare
1753 3031 1930 3074 poteiunt.
1946 3023 2050 3060 Hunc
2071 3036 2153 3073 eigo

75 3113 141 3136 σιν·
161 3097 509 3149 Βάπαλλαγησόμεθα
525 3098 592 3151 γὰρ
604 3099 742 3137 καὶτῶν
758 3099 849 3137 κατὰ
864 3099 922 3137 τὸν
940 3098 1096 3150 παρόντα
1123 3101 1146 3130 Β
1169 3095 1364 3146 diligamus
1388 3105 1558 3140 amorem,
1584 3089 1640 3127 cui
1664 3103 1729 3141 pai
1747 3088 1837 3126 nihil
1862 3097 1928 3136 est
1956 3097 1989 3126 et
2006 3098 2154 3141 ρι’·οΡῑει

123 3234 135 3247 2·
161 3223 222 3256 Alii
237 3223 350 3264 [testes
365 3225 473 3267 citati]
485 3230 684 3272 βλασφήμων.

123 3275 140 3298 b
164 3273 173 3318 [
188 3279 326 3316 ἐγενήθην
340 3275 394 3317 Λ.]

123 3335 137 3349 ’3
162 3325 168 3366 1
188 3323 283 3356 Idem
300 3329 404 3358 τοῦτον
418 3328 619 3370 κεκτημένῳ]

127 3386 139 3401 2
162 3375 305 3418 [Montf.
325 3384 354 3407 et
383 3376 485 3411 Savil.
505 3382 536 3412 ο)
555 3382 704 3413 θάλασσαν
719 3385 820 3421 μένον,
840 3383 918 3412 ἀλλ’).
937 3383 984 3411 καὶ
1009 3384 1082 3424 πρὸς

693 3251 713 3258 .-
728 3233 900 3268 ἀνενεγκεῖν.

1151 3229 1180 3258 ἓν
1196 3226 1314 3259 κάλλος.
1333 3219 1538 3253 Commel....
1559 3224 1631 3264 πρὸς
1651 3222 1680 3251 ἒν
1696 3221 1805 3256 κάλλος
1819 3224 1920 3260 μόνον.
1938 3215 2095 3249 Dedimus
2118 3226 2154 3250 ut

1150 3275 1251 3307 habet
1268 3274 1321 3315 Λ.]

1194 3328 1209 3351 ¹²
1234 3327 1370 3367 [ἀπαλλ
1390 3327 1446 3367 μὲν
1463 3328 1520 3367 γάρ
1538 3324 1574 3356 Α.
1595 3330 1627 3354 et
1644 3333 1748 3365 marg.
1769 3320 1890 3363 savit]

1609 1294 1900 1344 Utjumentum
1904 1292 2036 1339 sactus
2059 1303 2143 1327 sum
2158 1300 2246 1327 Psal
2265 1307 2314 1336 72-
