2466 3805
791 231 976 262 JOANNIS
1012 227 1252 258 CHRYSOST.

263 218 323 265 56
716 234 754 263 s.

1292 225 1496 256 ARCHIEP.
1535 225 1895 256 CONSTANTINOP.

262 349 2323 376 W

595 467 804 506 HOMILIA
833 465 898 503 VI.

284 594 370 630 CAP.
396 593 441 629 II.
462 605 495 629 v.
516 592 579 628 22
615 589 697 625 Viri
714 585 917 634 Israelitoe,
937 583 1070 621 audite
1088 583 1211 620 verba
1260 586 1283 615 D

644 659 729 684 mea
740 647 833 684 hoec.

304 774 318 807 1
331 800 337 807 .
354 771 432 808 Non
440 778 490 808 est
503 770 570 807 hoc
582 783 645 821 per
657 767 898 806 adulationem
909 766 1047 804 dietum
1055 781 1066 816 3
1076 765 1139 804 sed
1152 765 1234 816 quia

250 832 329 869 illos
353 830 480 868 acriter
503 829 774 882 perstrinxerat,
799 829 875 881 jam
896 827 1077 865 remissior
1100 836 1171 877 est,
1199 835 1233 864 et

247 901 443 944 opportune
452 890 631 929 Davidem
642 899 823 928 memorat.
834 889 880 927 Et
893 903 1015 926 rursus
1028 903 1047 926 a
1059 888 1231 941 prooemio

246 953 389 1004 incipit,
416 967 459 990 ne
481 952 669 989 turbentur
683 982 692 998 ,
719 950 804 1001 quia
830 950 875 988 de
905 951 989 989 Jesu
1017 949 1230 987 mentionem

244 1014 402 1051 facturus
421 1023 482 1051 est.
498 1013 590 1050 Nam
610 1011 771 1063 superius
790 1010 923 1048 turbati
943 1024 1012 1047 non
1031 1019 1113 1047 sunt
1135 1011 1227 1047 Pro—

252 1075 396 1127 phetam
419 1074 598 1112 audientes
613 1089 623 1122 ;
640 1087 766 1111 nomen
789 1085 872 1110 vero
891 1073 974 1110 Jesu
1001 1072 1121 1109 statim
1148 1071 1228 1108 illos

241 1137 453 1175 offendisset.
470 1138 501 1174 N
505 1151 542 1174 ec
561 1135 655 1173 dixit
669 1165 678 1183 ,
695 1135 943 1186 Obtemperate
954 1163 966 1183 ,
982 1133 1058 1183 sed,
1082 1133 1227 1181 Audite,

240 1197 337 1248 quod
369 1211 455 1235 sane
486 1197 674 1234 molestum
701 1209 771 1233 non
799 1204 882 1232 erat.
914 1194 961 1231 Et
986 1193 1226 1232 animadverte

240 1259 417 1310 quomodo
430 1259 520 1297 nihil
537 1258 688 1296 sublime
704 1257 812 1303 dicat,
829 1255 891 1293 sed
906 1256 951 1293 ab
969 1255 1225 1293 humilioribus

239 1320 399 1373 incipiat.
422 1321 576 1368 Jesum,
603 1318 743 1369 inquit,
773 1319 820 1355 N
840 1330 1034 1354 zarenzcm.
1066 1316 1224 1354 Patriam

240 1383 360 1421 statim
367 1382 467 1429 dicit,
476 1396 553 1432 quae
566 1381 650 1419 vilis
663 1393 735 1418 esse
746 1378 947 1417 videbatur.
957 1379 1028 1415 Nee
1038 1377 1223 1430 quidpiam

239 1442 381 1480 interim
401 1455 570 1492 magnum
592 1440 636 1478 de
655 1440 716 1477 illo
734 1439 834 1487 dicit,
849 1452 891 1475 ne
907 1437 1052 1488 quidem
1070 1437 1164 1488 quod
1179 1437 1223 1475 de
1244 1449 1266 1478 Ε

239 1503 409 1555 propheta
420 1502 510 1539 alius
518 1502 660 1540 diceret.
669 1501 700 1538 J
699 1514 817 1545 esum,
830 1498 1221 1549 inquit,Nazarenum,

238 1567 370 1601 virum
388 1565 641 1615 approbatum
658 1575 683 1598 a
696 1563 780 1598 Deo
799 1563 840 1597 in
857 1562 979 1597 vobis.
998 1559 1094 1599 Vide
1113 1575 1221 1611 quam

238 1638 408 1675 magnum
430 1623 520 1660 illud
539 1632 634 1668 erat,
653 1621 748 1672 quod
764 1621 860 1658 dicat
877 1620 980 1657 illum
1000 1635 1019 1657 a
1039 1621 1113 1658 Deo
1133 1621 1220 1658 mis-

238 1699 317 1722 sum
331 1685 452 1722 fuisse.
470 1684 546 1721 Hoc
559 1683 652 1721 enim
672 1696 809 1734 semper
824 1690 857 1719 et
873 1681 1005 1731 ubique
1020 1682 1171 1721 ,loannes
1189 1691 1222 1719 et

236 1745 386 1796 apostoli
395 1744 575 1782 ostendere
587 1744 770 1781 curabant.
782 1742 877 1779 Audi
891 1756 1041 1792 namque
1049 1744 1069 1781 J
1072 1757 1220 1781 oannem

33 1821 123 1848 Joan.
141 1819 221 1848 133,
237 1805 437 1842 dicentem:
457 1806 532 1842 Ille
551 1805 647 1841 mihi
663 1805 781 1849 dixit,
803 1793 923 1853 Super
941 1816 1054 1854 quem
1073 1804 1219 1841 videris

235 1866 419 1917 Spiritum
454 1865 745 1902 descendentem
779 1871 815 1900 et
853 1871 1071 1900 manentem
1106 1878 1220 1915 super

236 1940 335 1972 eum,
359 1928 422 1963 hic
446 1935 515 1964 est.
539 1926 615 1963 Hoc
635 1924 811 1977 praecipue
832 1923 917 1960 facit
939 1923 1014 1975 ipse
1034 1924 1216 1973 Christus,

33 2003 218 2043 doun-728.
235 1987 366 2035 dicens,
381 1988 422 2024 A
445 1989 664 2038 memetipso
685 2000 763 2023 non
781 1987 895 2030 veni,
919 1987 997 2036 ipse
1014 1999 1074 2023 me
1095 1989 1212 2024 misit.
1236 2020 1267 2044 [⁸8

236 2049 283 2086 Et
311 2049 442 2099 ubique
466 2049 501 2085 in
523 2047 718 2100 Scripturis
747 2047 816 2084 hoc
841 2047 1065 2098 potissimum
1085 2047 1215 2099 agitur.
1241 2056 1266 2085 Α

77 2119 154 2146 Petri
177 2121 221 2147 cti-
235 2108 320 2146 Ideo
354 2108 413 2146 hie
444 2118 585 2146 sanetus
614 2107 708 2145 beati
740 2107 839 2144 chori
871 2107 1047 2159 princeps,
1080 2119 1217 2146 amator

35 2163 136 2196 gnitas.

236 2169 393 2219 Christi,
424 2168 550 2206 ardens
578 2167 797 2219 discipulus,
829 2167 886 2204 cui
914 2168 1110 2206 commissae
1135 2179 1218 2207 sunt

236 2230 402 2267 caelorum
422 2230 551 2275 claves,
576 2229 637 2280 qui
652 2228 904 2266 revelationem
918 2229 1140 2280 spiritualem
1159 2244 1217 2267 ae-

237 2291 341 2343 cepit,
361 2300 548 2342 postquam
566 2290 645 2327 illos
662 2289 787 2326 timore
804 2289 1020 2340 compressit,
1041 2291 1216 2328 ostendit—

239 2366 307 2402 que
334 2352 467 2403 magnis
492 2351 573 2389 illos
598 2350 700 2388 donis
725 2364 797 2387 esse
817 2349 994 2400 dignatos,
1018 2360 1121 2401 atque
1147 2352 1219 2389 fide

238 2413 364 2465 dignos
380 2412 548 2461 reddidit,
569 2421 652 2449 tune
667 2411 711 2449 de
734 2411 795 2448 illo
814 2410 966 2448 disserit.
989 2413 1105 2464 Papae,
1125 2427 1215 2463 quo-

238 2473 342 2512 modo
356 2488 461 2511 ausus
473 2482 523 2510 est
534 2473 625 2510 inter
638 2471 834 2509 homicidas
844 2471 960 2509 dicere
972 2472 1091 2524 ipsum
1107 2488 1219 2512 resur-

237 2537 383 2576 rexisse!
406 2537 477 2574 Nec
494 2535 583 2573 dicit
604 2535 741 2581 statim,
764 2535 862 2585 quod
880 2536 1109 2574 resurrexerit
1127 2552 1136 2583 ;
1158 2537 1218 2575 sed

239 2598 334 2648 quod
349 2613 368 2636 a
384 2599 458 2635 Deo
480 2597 524 2634 ad
544 2597 639 2649 ipsos
656 2596 803 2635 venerit.
826 2596 903 2633 Hoc
927 2606 1045 2634 autem
1070 2598 1217 2636 manife-

238 2668 333 2696 stum
344 2668 394 2696 est
408 2673 453 2696 ex
466 2658 524 2709 iis,
539 2672 616 2709 quae
627 2657 718 2695 feeit.
731 2657 809 2694 Non
818 2657 893 2709 jam
904 2656 1004 2705 dicit,
1015 2658 1112 2708 quod
1126 2659 1214 2710 ipse,

236 2720 297 2758 sed
314 2720 410 2770 quod
430 2722 526 2757 Deus
544 2734 608 2771 per
628 2718 758 2770 ipsum,
776 2727 814 2754 ut
833 2717 1024 2755 modestius
1039 2719 1167 2770 loquen
1184 2720 1216 2758 lo
1240 2721 1261 2749 Β

235 2782 330 2834 ipsos
350 2781 581 2834 pertraheret,
599 2780 646 2818 ad
660 2794 766 2831 quam
780 2793 854 2816 rem
868 2779 961 2832 ipsos
978 2789 1081 2818 testes
1099 2792 1215 2829 vocat,

235 2840 392 2894 dicitque
407 2860 413 2879 :
430 2846 451 2879 J
456 2846 562 2881 ‘irum
579 2857 603 2880 a
619 2843 703 2879 Deo
722 2842 1026 2879 demonstratum
1047 2846 1088 2880 in
1104 2847 1216 2883 vobis

235 2907 456 2952 virtutum,
479 2905 664 2956 prodigiis
690 2911 724 2939 el
753 2905 885 2953 signis,
921 2917 1005 2954 quoe
1028 2905 1124 2954 feeit
1147 2919 1216 2956 per

235 2969 355 3016 ipsum
386 2967 493 3003 Deus
532 2967 573 3001 in
607 2964 733 3001 medio
769 2966 903 3009 vestri,
941 2966 1041 3001 sieut
1074 2974 1109 3002 et
1143 2969 1215 3018 ipsi

234 3030 352 3064 scitis.
363 3026 502 3064 Deinde
512 3026 546 3063 in
560 3026 704 3063 illorum
716 3024 852 3062 facinus
867 3033 900 3061 et
915 3025 1027 3063 scelus
1042 3026 1214 3079 incidens,

233 3087 316 3124 vide
336 3087 513 3137 quomodo
539 3095 682 3124 conetur
709 3085 789 3122 illos
815 3099 835 3121 a
861 3085 1008 3123 crimine
1032 3086 1183 3126 liberare
1205 3107 1211 3126 :

234 3148 296 3185 etsi
324 3148 418 3184 enim
445 3147 632 3185 definitum
663 3154 763 3195 esset,
790 3145 843 3182 illi
877 3154 993 3184 tamen
1024 3146 1211 3187 homicidae

274 3296 286 3308 c
313 3285 403 3316 Unus
438 3291 652 3326 ἀναμιμνήσκει
675 3291 726 3317 τοῦ
762 3288 967 3327 προπάτορος,
985 3288 1038 3317 καὶ
1064 3289 1153 3320 πάλιν
1180 3293 1239 3321 ἀπὸ

230 3343 404 3382 προοιμίων.

275 3390 289 3413 d
317 3394 388 3425 τέως
404 3386 495 3419 deest
514 3385 544 3417 in
563 3385 691 3417 duobus
708 3386 800 3427 Mss„
816 3386 875 3418 sed
898 3385 981 3419 bene
999 3386 1119 3421 habere
1136 3397 1232 3432 put0.

1690 464 1869 501 ΟΜΙΛΙΛ
1904 462 1948 507 ς’.

1361 583 1497 635 Ἄνδρες
1517 582 1753 635 Ἰσραηλῖται,
1775 584 1945 624 ἀκούσατέ
1970 600 2034 635 μου
2057 584 2134 629 τοὺς
2156 585 2275 637 λόγους

1740 646 1892 690 τούτους.

1359 769 1435 806 Οὐκ
1462 767 1535 806 ἔστι
1563 768 1728 807 κολακεία
1755 769 1795 808 τὸ
1836 770 1948 821 ῥῆμα·
1971 769 2046 806 ἀλλ’
2074 767 2193 814 ἐπειδὴ
2221 769 2327 815 καθή-

1303 831 1392 880 ψατο
1427 830 1538 867 αὐτῶν
1573 831 1745 882 σφοδρῶς,
1776 829 1912 875 ἀνίησιν
1946 828 2066 872 αὐτοὺς
2094 828 2234 875 λοιπὸν,
2267 829 2325 866 καὶ

1301 890 1586 941 οάναμιμνήσκει
1607 896 1667 929 τοῦ
1692 891 1803 929 Δαυὶδ
1827 890 2004 944 εὐκαίρως.
2024 890 2094 928 Καὶ
2120 890 2225 928 πάλιν
2256 890 2326 928 ἀπὸ

1300 950 1482 1003 προοιμίου
1521 951 1694 1003 ἄρχεται,
1725 951 1781 989 ἵνα
1818 951 1866 1001 μὴ
1914 952 2165 1003 θορυὸηθῶσιν,
2204 951 2323 998 ἐπειδὴ

1298 1010 1441 1061 ἔμελλεν
1467 1011 1586 1056 αὐτοὺς
1612 1016 1671 1050 τοῦ
1695 1013 1809 1059 Ἰησοῦ
1832 1012 2121 1063 ἀναμιμνήσκειν.
2139 1012 2324 1065 Ἀνωτέρω

1299 1069 1360 1121 μὲν
1392 1072 1460 1124 γὰρ
1481 1075 1541 1110 οὐκ
1562 1072 1601 1110 ἂν
1625 1073 1882 1125 ἐθορυὸήθησαν
1903 1077 1963 1111 τοῦ
1981 1072 2158 1125 προφήτου
2184 1072 2324 1111 ἀκούον-

1297 1147 1370 1179 τες,
1389 1132 1428 1170 τὸ
1452 1132 1488 1171 δὲ
1510 1133 1620 1183 ὄνομα
1636 1138 1696 1171 τοῦ
1707 1133 1823 1179 Ἰησοῦ
1853 1132 1974 1177 εὐθέως
2004 1132 2044 1171 ἂν
2076 1134 2189 1177 αὐτοῖς
2216 1148 2323 1185 προσ-

1296 1192 1391 1239 έστη.
1423 1193 1494 1231 Καὶ
1527 1196 1587 1231 οὐκ
1615 1187 1727 1241 εἶπεν,
1757 1193 1946 1242 πείσθητε,
1985 1193 2095 1242 ἀλλὰ,
2118 1193 2322 1243 Ἀκούσατε,

1294 1253 1380 1306 ὅπερ
1407 1249 1448 1301 ἦν
1477 1254 1682 1307 ἀνεπαχθές.
1702 1256 1774 1294 Καὶ
1799 1255 1883 1307 ὅρα,
1903 1259 1978 1298 πῶς
2002 1254 2097 1293 οὐδὲν
2127 1255 2221 1306 λέγει
2251 1259 2320 1294 τῶν

1294 1317 1455 1367 ὑψηλῶν,
1485 1316 1562 1354 ἀλλ’
1596 1316 1665 1355 ἀπὸ
1693 1319 1761 1354 τῶν
1799 1316 1931 1370 σφόδρα
1957 1319 2130 1354 ταπεινῶν
2162 1316 2319 1368 ἄρχεται.

1293 1375 1447 1424 Ἰησοῦν,
1468 1377 1568 1430 φησὶ,
1596 1377 1652 1415 τὸν
1675 1379 1892 1429 Ναζωραῖον.
1922 1377 2059 1421 Εὐθέως
2083 1377 2146 1425 τὴν
2167 1377 2320 1429 πατρίδα

1292 1437 1405 1489 λέγει,
1426 1439 1518 1491 ἥπερ
1548 1439 1660 1478 ἐδόκει
1689 1439 1827 1486 εὐτελὴς
1861 1433 1962 1477 εἶναι.
1993 1439 2062 1477 Καὶ
2095 1438 2189 1478 οὐδὲν
2228 1439 2318 1490 μέγα

1292 1497 1308 1518 ‘³
1327 1498 1412 1542 τέως
1438 1499 1530 1551 λέγει
1554 1500 1634 1552 περὶ
1663 1501 1784 1548 αὐτοῦ,
1801 1500 1875 1538 οὐδὲ
1901 1495 1969 1538 οἷον
1999 1500 2037 1537 ἄν
2064 1516 2116 1543 τις
2140 1494 2215 1537 εἶπε
2237 1500 2319 1553 περὶ

1291 1560 1478 1611 προφήτου.
1498 1560 1646 1608 Ἰησοῦν,
1662 1560 1764 1613 φησὶ,
1784 1561 1842 1599 τὸν
1858 1563 2075 1612 Ναζωραῖον,
2097 1561 2204 1613 ἄνδρα
2227 1564 2317 1599 ἀπο-

1292 1620 1505 1672 δεδειγμένον
1536 1621 1605 1660 ἀπὸ
1625 1625 1684 1659 τοῦ
1706 1623 1798 1659 Θεοῦ
1819 1624 1865 1665 εἷς
1891 1625 1991 1672 ὑμᾶς.
2017 1620 2131 1673 ϋΟρα,
2153 1628 2250 1660 ποῖον
2274 1616 2316 1669 ἦν

1291 1684 1392 1719 τοῦτο
1412 1681 1519 1734 μέγα,
1536 1682 1573 1720 τὸ
1599 1684 1722 1730 εἰπεῖν,
1743 1682 1797 1721 ὅτι
1815 1682 1912 1736 παρὰ
1929 1687 1987 1720 τοῦ
2005 1684 2096 1720 Θεοῦ
2119 1682 2316 1729 ἀπεστάλη.

1291 1743 1404 1780 Τοῦτο
1430 1741 1497 1795 γὰρ
1525 1743 1595 1780 ἅνω
1617 1743 1676 1780 καὶ
1700 1743 1796 1782 κάτω
1824 1743 1883 1781 καὶ
1914 1743 2012 1787 αὐτὸς
2041 1743 2228 1787 ἐσπούδαζε
2256 1744 2315 1782 καὶ

1291 1801 1455 1850 Ἰωάννης
1470 1804 1529 1842 καὶ
1543 1805 1574 1842 οἳ
1591 1804 1775 1843 ἀπόστολοι
1793 1804 1913 1848 δεῖξαι.
1927 1804 2048 1843 Ἄκουε
2064 1804 2131 1856 γὰρ
2151 1805 2314 1844 Ἰωάννου

1289 1864 1463 1914 λέγοντος·
1476 1865 1631 1910 Ἐκεῖνός
1654 1881 1712 1916 μοι
1728 1860 1835 1910 εἶπεν,
1847 1867 1896 1918 ἐφ’
1912 1865 1947 1903 ὃν
1966 1866 2005 1902 ἂν
2026 1865 2100 1917 ἴδῃς
2113 1866 2151 1903 τὸ
2166 1867 2315 1918 Πνεῦμα

1289 1924 1498 1964 καταὸαῖνον
1526 1927 1585 1963 καὶ
1611 1927 1710 1977 μένον
1740 1929 1792 1964 ἐπ’
1815 1927 1936 1973 αὐτὸν,
1958 1920 2053 1968 οῧτός
2077 1927 2182 1964 ἐστιν.
2203 1927 2314 1971 Αὐτὸς

1291 1984 1326 2023 δὲ
1345 1988 1362 2022 ὃ
1381 1986 1530 2038 Χριστὸς
1550 1988 1609 2025 καὶ
1625 1989 1697 2038 μεθ’
1717 1986 1912 2038 ὓπερὸολῆς
1938 1989 2038 2024 τοῦτο
2057 1993 2167 2034 ποιεῖ,
2189 1986 2311 2038 λέγων·

1290 2046 1363 2084 Ἀπ’
1385 2049 1535 2097 ἐμαυτοῦ
1551 2049 1612 2086 οὐκ
1631 2043 1746 2096 ἦλθον,
1763 2047 1887 2091 ἐκεῖνός
1905 2064 1948 2099 με
1967 2048 2111 2100 ἔπεμψε.
2127 2047 2197 2085 Καὶ
2218 2064 2311 2087 παν-

1288 2114 1397 2160 ταχοῦ
1422 2112 1490 2146 τῶν
1511 2111 1659 2162 Γραφῶν
1687 2115 1787 2148 τοῦτο
1815 2109 1969 2160 μάλιστά
1996 2113 2068 2148 ἐστι
2094 2109 2133 2147 τὸ
2161 2111 2312 2148 σπουδα-

1289 2168 1442 2218 ζόμενον.
1467 2170 1536 2207 Διὰ
1557 2175 1656 2208 τοῦτο
1684 2171 1744 2208 καὶ
1766 2171 1860 2222 ἅγιος
1882 2166 1978 2214 οἶτος
2004 2175 2021 2209 ὃ
2042 2177 2225 2223 κορυφαῖος
2250 2175 2310 2209 τοῦ

1290 2228 1461 2281 μακαρίου
1486 2235 1609 2283 χοροῦ,
1633 2233 1650 2267 ὃ
1672 2230 1820 2282 ἐραστὴς
1848 2236 1906 2269 τοῦ
1932 2232 2102 2283 Χριστοῦ,
2124 2235 2140 2269 ὃ
2168 2232 2311 2284 σφοδρὸς

1290 2289 1466 2338 μαθητὴς,
1484 2293 1501 2328 ὃ
1520 2290 1581 2334 τὰς
1596 2293 1687 2334 κλεῖς
1703 2291 1895 2335 πιστευθεὶς
1922 2295 1989 2329 τῶν
2013 2294 2230 2344 οὐρανῶν,ῧὸ
2247 2292 2310 2339 τὴν

1289 2348 1503 2401 ἀποκάλυψιν
1525 2349 1703 2401 δεξάμενος
1721 2350 1784 2396 τὴν
1806 2350 2062 2400 πνευματικὴν,
2081 2352 2311 2396 καταστείλας

1290 2408 1408 2452 αὐτοὺς
1440 2413 1489 2462 τῷ
1520 2411 1635 2462 φόέῳ,
1656 2412 1714 2449 καὶ
1750 2411 1859 2455 δείξας
1889 2412 2048 2463 μεγάλων
2079 2412 2310 2463 ἠξιωμένους,

1288 2470 1347 2508 καὶ
1366 2470 1514 2516 ποιήσας
1538 2471 1863 2519 ἀξιοπίστους,τότε
1884 2473 1943 2510 καὶ
1967 2472 2048 2524 περὶ
2075 2472 2205 2511 ἐκείνου
2236 2475 2310 2512 δια-

1288 2531 1437 2583 λέγεται.
1454 2531 1586 2580 Bagai,
1603 2527 1670 2571 οἷον
1698 2533 1871 2584 ἐτόλμησε
1887 2533 2014 2583 μεταξὺ
2035 2535 2103 2571 τῶν
2127 2535 2311 2586 φονευσάν-

1288 2609 1355 2630 των
1388 2595 1514 2638 εἷπεῖν,
1544 2593 1596 2630 ὅτι
1629 2593 1767 2641 ἀνέστη.
1794 2594 1864 2632 Καὶ
1892 2595 1929 2631 οὐ
1958 2594 2070 2646 λέγει,
2098 2594 2151 2633 ὅτι
2183 2596 2310 2644 ἀνέστη

1288 2654 1428 2700 εὐθέως,
1450 2656 1525 2692 ἀλλ’
1546 2654 1599 2693 ὅτι
1622 2655 1691 2693 ἀπὸ
1709 2660 1768 2694 τοῦ
1789 2658 1882 2694 Θεοῦ
1900 2657 1947 2698 εἰς
1968 2659 2057 2706 ὑμᾶς
2083 2655 2174 2701 ἥκει.
2198 2658 2310 2696 Τοῦτο

1288 2716 1324 2753 δὲ
1345 2717 1445 2762 δῆλον
1466 2710 1514 2759 οἷς
1534 2716 1707 2763 ἐποίησεν.
1728 2716 1858 2755 Οὐκέτι
1876 2717 1986 2767 λέγει,
2004 2716 2058 2755 ὅτι
2082 2717 2198 2763 αὐτὸς,
2216 2719 2308 2763 ἀλλ’,

1286 2775 1339 2814 ὅτι
1372 2776 1416 2814 δι’
1446 2779 1549 2816 αὐτοῦ
1578 2780 1595 2815 ὁ
1627 2778 1736 2825 Θεὸς,
1765 2777 1820 2814 ἵνα
1860 2779 1990 2827 μᾶλλον
2024 2779 2074 2828 τῷ
2111 2778 2307 2829 μετριάζειν

1287 2837 1537 2887 ἐφελκύσηται,
1558 2838 1611 2889 ἐφ’
1632 2833 1660 2890 ᾧ
1688 2838 1809 2882 αὐτοὺς
1827 2838 1886 2875 καὶ
1910 2838 2009 2875 καλεῖ
2031 2837 2226 2890 μάρτυρας,
2249 2840 2308 2876 καί

1286 2913 1388 2949 φησιν
1401 2914 1408 2920 ·
1424 2898 1550 2951 Ἄνδρα
1569 2898 1854 2950 ἀποδεδειγμένον
1877 2898 1946 2936 ἀπὸ
1965 2901 2023 2935 τοῦ
2045 2899 2137 2936 Θεοῦ
2154 2900 2200 2941 εἷς
2217 2902 2308 2950 ὑμᾶς

1287 2959 1454 3010 δυνάμεσι
1487 2960 1545 2998 καὶ
1579 2959 1700 3010 τέρασι
1730 2959 1788 2997 καὶ
1820 2958 1974 3009 σημείοις
2008 2953 2056 3002 οἷς
2087 2959 2229 3006 ἐποίησε
2262 2962 2305 2998 δι’

1286 3021 1389 3058 αὐτοῦ
1410 3023 1427 3058 ὃ
1449 3020 1536 3064 Θεὸς
1556 3022 1590 3058 ἐν
1612 3019 1706 3071 μέσῳ
1726 3020 1836 3070 ὑμῶν,
1851 3019 1965 3063 καθὼς
1986 3020 2045 3057 καὶ
2065 3021 2162 3058 αὐτοὶ
2180 3021 2306 3059 οἴδατε.

1284 3079 1374 3123 Εἶτα
1390 3085 1550 3136 ἐμπεσὼν
1570 3088 1616 3129 εἷς
1630 3086 1668 3124 τὸ
1683 3085 1849 3136 τόλμημα
1865 3087 1976 3123 αὐτῶν
1993 3086 2032 3124 τὸ
2047 3086 2165 3138 ἐναγὲς
2185 3089 2306 3135 ἐκεῖνο,

1284 3152 1348 3204 ὅρα
1378 3154 1452 3196 πῶς
1470 3159 1632 3205 πειρᾶται
1653 3151 1775 3196 αὐτοὺς
1795 3151 1993 3195 ἀπαλλάξαι
2014 3155 2073 3190 τοῦ
2098 3151 2306 3204 ῧέγκλήμα-

1345 3299 1358 3313 ἃ
1383 3289 1476 3321 Unus
1494 3290 1553 3331 [C.
1567 3291 1578 3332 ]
1593 3294 1607 3324 ὁ
1624 3295 1676 3328 τὴν
1693 3295 1793 3326 σοφίαν
1821 3292 1893 3329 δεξ,
1912 3300 1983 3331 quae
2008 3287 2106 3320 lectio
2132 3299 2209 3321 sane
2236 3301 2303 3322 non

1302 3340 1487 3382 spernenda
1506 3340 1648 3373 videtur.

1346 3391 1362 3415 b
1376 3390 1470 3423 Idem
1482 3391 1595 3424 Codex
1611 3396 1807 3435 ἐγκ)ήματος“
1825 3396 1849 3424 εἰ
1860 3396 1918 3438 γὰρ
1933 3396 1981 3426 καὶ
1993 3394 2152 3434 ὡρισμένον
2166 3395 2210 3433 ἧν,
2225 3395 2303 3434 ὅμως
