2502 3810
322 228 411 287 462
779 241 815 269 s.
854 240 959 269 son
969 238 1036 266 Ms
1072 237 1311 266 0111115051.

317 332 419 372 runt,
445 321 651 373 excipienda
679 333 741 358 vos
764 326 973 369 comparate,
993 325 1200 366 tantumque
1219 324 1292 353 stu-

318 384 418 420 dium
448 382 552 419 dictis
577 379 763 417 audiendis
795 377 973 423 adhibete,
995 385 1166 428 quantum
1196 377 1294 414 colli-

317 443 437 494 gendae
455 439 711 492 pecuniae.Etsi
730 452 881 488 namque
896 447 999 489 turpe
1018 446 1068 475 est
1086 437 1179 474 nihil
1194 451 1214 474 a
1231 451 1293 475 vo-

315 503 371 539 bis
389 501 471 552 plus
497 500 656 551 exigere,
678 499 815 537 utinam
841 498 899 536 vel
914 507 1053 535 tantum
1074 497 1289 535 adhibeatis.

171 580 301 614 scripu,-
314 563 407 599 Nam
436 575 454 598 a
481 561 747 612 Scripturarum
773 558 972 610 ignorantia
1000 558 1184 596 innumera
1217 567 1291 596 orta

115 629 211 645 ΨΜ
223 620 302 654 ³⁸:¹⁰0·
314 631 395 660 sunt
409 621 502 658 mala
516 636 523 657 ε
538 621 622 658 111110
637 619 751 657 multa
764 619 941 657 haereseon
961 619 1048 667 lues,
1064 618 1149 656 hinc
1163 618 1292 670 ignava

113 661 301 694 rautiaquan-
341 682 348 688 .
449 682 455 688 .
543 682 550 688 .
660 681 667 687 .
857 680 864 687 .
1101 679 1107 686 .
1244 680 1251 686 .

113 705 139 724 12
208 681 458 736 pariatVlVessdl
484 690 574 719 ratio
599 690 632 719 et
657 682 866 718 infructuosi
892 680 1040 718 labores.
1071 680 1172 718 Sicut
1196 693 1291 718 enlm

114 738 199 765 mla·
312 742 372 793 qui
393 742 472 779 luce
495 742 700 793 privantur,
720 749 813 778 recta
840 740 1002 778 incedere
1022 749 1222 790 nequeunt:
1239 740 1290 779 510

309 803 369 853 qui
385 802 589 841 divinarum
604 802 713 840 radiis
731 801 998 853 Scripturarum
1019 814 1088 838 non
1106 800 1287 850 fruuntur,

307 863 500 901 necessario
515 872 661 915 peccant
675 871 708 900 et
726 871 842 900 errant
859 862 1069 912 frequenter,
1085 870 1207 913 utpote
1225 862 1287 912 qui

306 924 343 961 in
361 924 576 962 densissimis
606 923 758 961 tenebris
785 922 977 960 ambulent.
999 921 1042 959 Id
1069 935 1112 959 ne
1131 922 1283 970 eveniat,

307 985 353 1022 ad
371 985 518 1037 apostoli
537 984 714 1022 dictorum
730 985 902 1036 fulgorem
919 983 1039 1021 oculos
1061 983 1262 1035 aperiamus
1278 999 1286 1020 ε

306 1047 380 1096 ejus
396 1046 526 1097 quippe
540 1046 663 1097 lingua
681 1045 870 1097 plusquam
886 1044 937 1082 sol
951 1044 1056 1090 lucet,
1074 1053 1287 1095 caeterosque

306 1120 425 1143 omnes
453 1105 615 1143 doctrina
644 1105 746 1144 verbi
780 1114 933 1156 superat.
964 1104 1058 1151 Quia
1080 1104 1172 1142 enim
1203 1105 1284 1157 plus

304 1181 411 1217 quam
429 1167 483 1204 illi
501 1167 690 1214 laboravit,
704 1180 869 1217 magnam
883 1165 950 1203 51111
963 1166 1109 1203 attraxit
1128 1166 1284 1217 Spiritus

303 1228 454 1277 gratiam
469 1227 592 1278 :idque
612 1241 681 1265 non
701 1241 745 1264 ex
771 1226 927 1278 epistolis
956 1235 1093 1264 tantum
1114 1227 1203 1278 ejus,
1224 1227 1286 1265 sed

301 1289 407 1327 ctiam
427 1303 471 1327 ex
490 1289 595 1340 gestis
623 1288 880 1327 contenderim.
905 1289 995 1326 Nam
1009 1287 1038 1325 si
1053 1287 1284 1325 concionandi

300 1359 439 1402 tempus
451 1359 550 1396 esset,
561 1350 640 1387 illas
656 1349 724 1401 ipsi
740 1357 856 1401 partes
875 1348 1006 1399 ubique
1023 1348 1282 1386 concedebant:

102 1427 172 1454 Aa,
184 1427 284 1463 ¹4-12-
298 1411 446 1461 ideoque
464 1411 562 1463 apud
582 1410 783 1448 incredulos
815 1410 1013 1447 Mercurius
1036 1424 1109 1447 esse
1127 1410 1281 1461 putaba-

298 1482 368 1521 tur,
383 1472 480 1523 quod
497 1472 532 1509 in
548 1471 745 1522 eloquentia
764 1471 927 1523 princeps
946 1480 1045 1509 esset.
1061 1472 1101 1508 In
1119 1471 1210 1508 hanc
1223 1486 1283 1509 au-

297 1544 367 1572 tem
386 1533 571 1586 epistolam
600 1532 814 1583 ingressuri,
835 1546 973 1570 11000550
992 1542 1043 1570 est
1069 1541 1108 1570 ut
1126 1541 1281 1584 tempus,

300 1609 371 1645 quo
390 1594 521 1645 scripta
539 1593 624 1642 fuit,
644 1593 873 1644 assignemus.
895 1593 975 1629 Non
994 1592 1103 1642 enim,
1120 1602 1158 1630 ut
1177 1593 1283 1630 multi
1307 1601 1331 1632 G

298 1655 514 1703 existimant,
531 1663 610 1691 ante
629 1653 716 1690 alias
734 1666 855 1690 omnes
873 1652 1003 1704 scripta
1021 1652 1089 1690 fuit
1099 1668 1110 1702 3
1131 1652 1192 1690 sed
1209 1654 1283 1705 pri-

298 1730 353 1752 ma
375 1714 518 1764 quidem
544 1723 594 1752 est
624 1713 764 1764 earum),
790 1727 867 1763 quae
895 1714 1007 1750 Roma
1029 1713 1145 1751 missae
1165 1715 1282 1765 fuere,

119 1794 200 1821 Ordo
214 1800 284 1821 tem·
298 1776 469 1824 omnium,
488 1784 523 1812 at
536 1775 708 1827 posterior
724 1773 805 1812 aliis
815 1804 824 1822 ‚
846 1773 910 1811 etsi
926 1788 994 1811 non
1008 1775 1184 1813 omnibus.
1199 1776 1284 1814 Ete-

97 1837 178 1890 PUfiS
192 1837 284 1882 infin·
298 1836 371 1873 nim
403 1836 515 1873 ambae
547 1835 593 1872 ad
635 1835 840 1873 Corinthios
871 1835 1027 1887 epistolae
1057 1835 1149 1874 hanc
1186 1851 1282 1889 prae-

97 1882 284 1945 ῗίιζίῗᾶᾟῗῑὼ
298 1906 486 1935 cesserunt.
504 1896 545 1934 Id
563 1896 743 1947 liquidum
763 1906 813 1934 est
832 1911 876 1934 ex
894 1897 949 1945 iis,
971 1911 1047 1947 quae
1070 1897 1106 1935 in
1126 1897 1196 1936 fine
1214 1899 1282 1936 hu-

98 1979 185 2006 Rom.
206 1978 251 2007 13¹
292 1959 352 2009 jus
368 1957 509 2009 scripsit
527 1956 584 1994 his
599 1957 720 1996 verbis
736 1973 743 1993 ε
761 1958 877 1995 Nune
905 1966 1035 1995 autem
1059 1959 1284 2011 proficiscor

98 2019 147 2047 26-
297 2019 601 2067 Jerosolymam,
634 2021 860 2056 ministrans
888 2022 1047 2056 sanctis.
1076 2021 1209 2058 Visum
1227 2030 1284 2059 est

297 2083 398 2117 enim
409 2080 652 2117 Macedonia>
664 2088 700 2117 et
715 2079 880 2117 Aclzaioe
894 2083 1283 2120 communicationem

297 2142 472 2193 aliquam
479 2142 613 2193 facere
625 2144 665 2177 in
676 2155 864 2192 pauperes
878 2151 1101 2180 sanctorum
1116 2146 1184 2194 qui
1194 2152 1284 2181 sunt

106 2223 130 2241 1.
151 2212 221 2241 Cor.
238 2213 282 2243 16.
298 2203 565 2249 Jerosolymis.
581 2201 777 2238 Corinthiis
790 2211 907 2239 autem
921 2203 1077 2240 scribens
1091 2203 1159 2240 ait:
1173 2205 1284 2254 Quod

101 2257 131 2291 4·
299 2266 332 2300 si
351 2264 508 2313 dignum
529 2264 652 2313 fuerit
671 2271 711 2299 ut
730 2271 766 2299 et
785 2277 852 2313 ego
871 2277 971 2309 earn,
997 2278 1143 2301 mecum
1159 2265 1281 2316 prof·
1308 2271 1332 2299 D

300 2326 516 2367 ciscentur‚·
533 2322 577 2359 de
604 2321 649 2359 iis
666 2321 824 2372 loquens,
845 2323 906 2372 qui
926 2323 1015 2360 illuc
1032 2324 1201 2375 pecunias
1220 2325 1282 2362 de-

299 2383 472 2436 portaturi
488 2392 596 2421 erant.
612 2383 716 2421 Unde
734 2382 857 2433 liquet,
874 2397 955 2421 cum
973 2385 1141 2422 scriberet
1156 2386 1282 2424 Corin-

299 2445 396 2491 thiis,
415 2444 587 2482 incertum
600 2444 707 2481 fuisse
725 2457 768 2481 an
785 2458 824 2481 eo
837 2444 1057 2495 profecturus
1073 2454 1183 2494 esset3
1201 2460 1281 2485 cum

300 2519 384 2542 1-010
404 2505 587 2553 Romanis,
608 2519 683 2543 rem
703 2504 927 2542 constitutam
948 2514 981 2542 et
1007 2515 1138 2543 certam
1158 2507 1278 2546 fuisse.

303 2568 383 2611 Qua
406 2580 444 2602 re
462 2566 711 2618 comprobata,
731 2574 866 2602 certum
893 2574 943 2603 est
974 2565 1066 2604 hanc
1096 2576 1173 2618 post
1202 2567 1282 2606 illas

303 2627 470 2679 scriptam
483 2627 601 2664 fuisse.
613 2626 732 2664 Etiam
740 2626 886 2678 epistola
898 2627 945 2665 ad
953 2627 1282 2669 Thessalonicenses

302 2689 444 2726 videtur
461 2688 551 2726 mihi
569 2688 787 2740 praecessisse
802 2688 987 2739 epistolam
1002 2688 1050 2726 ad
1067 2690 1280 2731 Corinthios.

303 2751 394 2787 Nam
414 2764 494 2787 cum
514 2749 585 2787 illis
598 2750 696 2802 prius
718 2749 913 2801 scripsisset
931 2749 975 2787 de
990 2750 1211 2803 eleemosyna
1226 2752 1282 2790 his

109 2823 287 2859 1.1*l1css.4.
302 2810 435 2859 verbis,
458 2812 519 2848 De
534 2812 713 2861 fraterno
727 2818 853 2847 autem
870 2824 1001 2848 amore
1022 2825 1100 2848 non
1120 2825 1212 2863 opus
1227 2822 1282 2850 est

106 2874 137 2900 9.
153 2873 196 2893 10-

304 2942 344 2970 ut
370 2933 542 2984 diligatis
567 2936 756 2970 invicem:
772 2936 910 2970 etenim
946 2935 1018 2971 hoc
1031 2935 1175 2986 facitis
1194 2950 1285 2987 erga

303 3002 459 3031 cunctos
474 2995 627 3046 fratres
639 3010 653 3038 ‚·
667 3003 750 3032 tunc
772 2993 815 3032 ad
847 2994 1047 3032 Corinthios
1066 2996 1229 3047 scripsit3
1246 2997 1285 3035 id

303 3054 400 3104 quod
414 3055 489 3106 ipse
504 3054 630 3106 probat
642 3053 760 3091 dicens
773 3070 780 3090 ε
793 3055 878 3092 Scio
893 3057 993 3092 enim
1004 3069 1076 3106 ego
1090 3066 1283 3107 promtum

305 3117 477 3151 animum
487 3122 670 3161 vestrum,
681 3127 749 3164 pro
759 3128 834 3165 quo
848 3114 895 3152 de
905 3116 1015 3152 vobis
1025 3116 1170 3167 glorior
1180 3117 1284 3167 apud

107 3074 135 3091 2.
155 3065 224 3094 Cos.
238 3073 266 3102 9-

349 3267 361 3278 ²
387 3255 490 3287 Ambo
507 3256 583 3289 Mss.
599 3260 664 3298 γοῦν
686 3259 798 3290 διδῶτε.

351 3307 366 3330 b
393 3307 494 3338 Iidem
514 3308 570 3347 [et
586 3307 685 3340 Savil.
702 3308 711 3349 ]
732 3312 806 3352 ὀρθὰ.
831 3308 993 3350 βάὂίςαιεκξ
1011 3314 1116 3340 10010ι
1131 3306 1221 3340 Εάἰιί
1246 3315 1305 3351 ῥα-

306 3372 399 3392 Ostiis).

303 2875 567 2910 inscribamus
583 2874 693 2909 vobis
706 2887 718 2907 .-
732 2885 802 2909 vos
816 2875 918 2909 enim
937 2887 962 2910 α
977 2874 1060 2910 Deo
1077 2874 1180 2911 docti
1196 2878 1284 2913 estis
1308 2875 1332 2905 Ε

1349 237 1536 267 ARCHIEP
1546 257 1555 266 .
1594 239 1675 268 CON
1684 240 1947 272 STANTINOP.

1369 315 1478 363 ξαντο,
1501 317 1559 354 καὶ
1579 317 1636 355 διὰ
1654 319 1753 357 τοῦτο
1769 321 1829 358 οὐκ
1846 321 1885 358 ἂν
1906 322 2110 373 ἀνάσχοιντο
2126 321 2223 365 ὅλους
2245 321 2385 365 ἑαυτοὺς

1368 378 1486 415 δοῦναι
1503 380 1552 430 τῷ
1571 377 1666 430 πόνῳ
1684 379 1796 431 τούτῳ
1810 396 1818 403 ·
1838 382 1922 433 πρὸς
1940 387 2019 433 γοῦν
2038 383 2077 420 τὸ
2101 383 2219 421 >aget-1
2236 382 2279 419 τὰ
2298 385 2381 435 παρ’

1368 437 1494 490 ἑτέρων
1517 439 1726 490 συλλεγέντα
1741 440 1964 489 διανάστητε,
1982 443 2044 480 καὶ
2058 443 2228 489 τοσαύτην
2250 443 2385 480 ἀπονεί-

1368 514 1458 548 ματε
1485 498 1636 545 σπουδὴν
1661 503 1702 550 τῇ
1723 503 1790 537 τῶν
1810 502 2005 551 λεγομένων
2026 504 2210 556 ἀκροάσει,
2227 502 2310 549 ὅσην
2338 505 2383 549 τῇ

1365 562 1433 597 τῶν
1452 559 1643 611 χρημάτων
1672 562 1832 612 συλλογῇ.
1859 562 1905 599 Εἰ
1923 562 1989 613 γὰρ
2011 563 2069 601 καὶ
2098 564 2240 615 αἰσχρὸν
2260 562 2384 600 τοσαύ-

1367 635 1428 666 την
1444 622 1639 666 ἀπαιτῆσαι
1654 622 1736 674 παρ’
1759 623 1856 671 ὑμῶν
1876 623 1997 672 μόνην,
2024 623 2114 670 πλὴν
2142 625 2217 661 ἀλλ’
2239 625 2383 674 ἀγαπη-

1365 681 1443 726 τὸν,
1463 681 1502 719 ἂν
1531 681 1703 728 τοσαύτην
1724 684 1826 732 ὃγοῦν
1847 682 1947 719 δῶτε.
1967 682 2037 721 Καὶ
2064 684 2130 736 γὰρ
2159 685 2311 721 ἐντεῦθεν
2337 683 2383 721 τὰ

1364 742 1472 793 μυρία
1491 742 1573 794 ἐφύη
1591 741 1703 790 κακὰ,
1723 742 1793 780 ἀπὸ
1807 745 1869 789 τῆς
1883 746 1953 780 τῶν
1974 745 2122 796 Γραφῶν
2143 744 2280 796 ἀγνοίας
2296 760 2305 767 ·
2329 747 2382 782 ἐν·

1361 806 1477 841 τεῧθεν
1500 805 1521 849 ἦ
1538 801 1650 848 πολλὴ
1671 805 1740 840 τῶν
1761 802 1928 856 αἱρέσεων
1952 804 2147 851 ἐὸλάστησε
2175 804 2269 855 λύμη
2282 835 2292 852 ,
2322 807 2380 842 ε’ν-

1362 867 1477 901 τεῦθεν
1498 865 1528 901 οἱ
1548 863 1761 914 ἠμελημένοι
1778 863 1865 914 βίοι,
1880 866 2033 903 ἐντεῦθεν
2053 867 2083 902 οἳ
2098 865 2250 916 ἀκερδεῖς
2265 863 2378 903 πόνοι.

1363 922 1501 976 ςὨσπερ
1516 924 1583 976 γὰρ
1603 926 1634 962 οἱ
1644 928 1703 962 τοῦ
1719 925 1829 975 φωτὸς
1843 925 2119 978 ἀπεστερημένοι
2132 924 2251 963 τούτου
2266 927 2327 963 οὐκ
2342 924 2384 962 ἂν

1361 984 1377 1004 ¹³
1389 985 1473 1037 ὀρθὰ
1491 985 1668 1036 βαδίσαιεν
1681 1001 1688 1008 ·
1704 985 1811 1029 οὕτως
1830 987 1861 1023 οἱ
1880 986 1965 1039 πρὸς
1980 986 2043 1032 τὴν
2061 988 2184 1024 ἀκτῖνα
2198 989 2265 1024 τῶν
2283 985 2384 1023 Θείων

1362 1045 1410 1096 μὴ
1435 1046 1620 1097 βλέποντες
1638 1047 1787 1098 Γραφῶν
1799 1076 1808 1094 ,
1825 1046 1938 1084 πολλὰ
1963 1047 2216 1098 ἀναγκάζονται
2229 1047 2288 1085 καὶ
2303 1062 2381 1083 συν-

1360 1109 1449 1158 εχῶς
1471 1107 1701 1159 ἁμαρτάνειν,
1722 1107 1781 1144 ἅτε
1805 1106 1845 1154 δὴ
1866 1110 1899 1145 ἐν
1919 1107 2032 1159 σκότῳ
2053 1107 2294 1161 χαλεπωτάτῳ
2318 1109 2378 1158 βα-

1361 1167 1520 1211 δίζοντες.
1546 1168 1662 1221 ΕὈπερ
1688 1167 1743 1205 ἵνα
1776 1167 1824 1218 μὴ
1849 1168 2012 1219 γένηται,
2031 1168 2281 1219 ςδιανοίξωμεν
2300 1167 2379 1211 τοὺς

1359 1227 1554 1280 ὀφθαλμοὺς
1585 1229 1670 1280 πρὸς
1703 1227 1765 1274 τὴν
1796 1228 2005 1279 λαμπηδόνα
2038 1230 2106 1266 τῶν
2138 1230 2378 1266 ἀποστολικῶν

1360 1290 1525 1342 ῥημάτων
1542 1305 1549 1313 ·
1574 1290 1632 1328 καὶ
1651 1289 1719 1341 γὰρ
1737 1290 1824 1343 ὑπὲρ
1845 1290 1902 1327 τὸν
1918 1289 2015 1336 ἥλιον
2038 1290 2191 1340 ἔλαμψεν
2209 1292 2230 1335 ἡ
2257 1289 2378 1327 τούτου

1357 1353 1509 1403 γλῶττα,
1536 1351 1596 1389 καὶ
1623 1355 1690 1389 τῶν
1724 1352 1837 1389 ἄλλων
1869 1351 2030 1389 ἁπάντων
2063 1351 2312 1397 ἕπλεονέκτησε
2327 1352 2379 1402 τῷ

1357 1415 1418 1458 τ’ῆς
1434 1411 1659 1455 διδασκαλίας
1677 1411 1771 1465 λόγῳ
1788 1428 1795 1435 ·
1817 1412 1935 1459 ἐπειδὴ
1961 1413 2028 1464 γὰρ
2047 1411 2289 1464 περισσότερον
2315 1413 2378 1449 αὖ-

1357 1475 1426 1510 τῶν
1452 1471 1636 1520 ἐκοπίασε,
1656 1472 1788 1519 πολλὴν
1808 1472 1867 1510 καὶ
1889 1473 1952 1519 τὴν
1976 1477 2034 1510 τοῦ
2065 1471 2268 1522 Πνεύματος
2299 1474 2377 1510 ἐπε-

1357 1532 1516 1570 σπάσατο
1535 1533 1651 1584 χάριν.
1672 1533 1742 1570 Καὶ
1769 1538 1868 1570 τοῦτο
1895 1535 1958 1571 οὐκ
1988 1533 2056 1571 ἀπὸ
2089 1537 2156 1571 τῶν
2185 1534 2378 1571 ἐπιστολῶν

1357 1592 1372 1612 ‘¹
1387 1592 1647 1644 διισχυρίζομαι
1668 1593 1790 1643 μόνον,
1813 1593 1902 1630 ἀλλὰ
1931 1594 1990 1631 καὶ
2019 1594 2087 1632 ἀπὸ
2106 1596 2174 1631 τῶν
2202 1592 2373 1645 πράξεων.

1357 1655 1401 1692 Εἰ
1419 1654 1486 1706 γάρ
1511 1669 1578 1692 που
1607 1652 1824 1706 δημηγορίας
1841 1648 1882 1700 ἦν
1910 1654 2051 1706 καιρὸς,
2075 1655 2168 1706 αὐτῷ
2197 1658 2379 1705 πανταχοῦ

1356 1713 1583 1766 παρεχώρουν
1600 1729 1607 1736 ·
1631 1714 1682 1752 διὸ
1706 1713 1766 1751 καὶ
1792 1713 1927 1767 Ἑρμῆς
1960 1708 2047 1752 εἶναι
2081 1713 2255 1765 ἐνομίζετο
2282 1713 2380 1764 παρὰ

1355 1781 1426 1818 τοῖς
1446 1774 1603 1818 ἀπίστοις
1614 1805 1623 1823 ,
1640 1774 1697 1812 διὰ
1712 1776 1752 1814 τὸ
1768 1779 1826 1814 τοῦ
1842 1776 1942 1827 λόγου
1957 1775 2158 1828 κατάρχειν.
2175 1775 2379 1818 Μέλλοντας

1356 1836 1392 1875 δὲ
1411 1838 1457 1880 εἷς
1473 1836 1536 1884 τὴν
1557 1836 1743 1884 ἐπιστολὴν
1762 1837 1919 1875 κατιέναι
1945 1837 2089 1884 ταύτην,
2112 1839 2298 1887 ἀναγκαῖον
2318 1837 2379 1874 καὶ

1355 1897 1412 1935 τὸν
1429 1897 1551 1949 χρόνον
1573 1899 1692 1944 εἰπεῖν,
1708 1899 1785 1936 καθ’
1805 1897 1840 1935 ὃν
1861 1898 2007 1950 ε’γράιρη.
2025 1896 2116 1936 Οὐδὲ
2131 1896 2212 1948 γὰρ,
2229 1900 2275 1940 ὡς
2292 1899 2378 1935 πολ-

1354 1959 1407 1996 λοὶ
1427 1957 1621 2008 νομίζουσι,
1638 1957 1705 2009 πρὸ
1724 1961 1846 1996 πασῶν
1861 1961 1929 1996 τῶν
1950 1958 2064 1996 ἄλλων
2081 1958 2184 2003 ἐστὶν,
2203 1957 2293 1996 ἀλλὰ
2308 1961 2379 1996 τῶν

1358 2018 1418 2070 μὲν
1440 2019 1509 2057 ἀπὸ
1529 2018 1672 2069 Ῥώμης
1690 2021 1887 2071 γραφεισῶν
1914 2018 2067 2071 προτέρα
2088 2021 2229 2065 πασῶν,
2256 2021 2325 2056 τῶν
2342 2017 2378 2058 δὲ

1356 2081 1470 2118 ἄλλων
1487 2079 1630 2132 ὑστέρα,
1647 2081 1677 2117 εἷ
1694 2080 1753 2117 καὶ
1770 2079 1818 2131 μὴ
1835 2081 1956 2118 πασῶν
1973 2095 1980 2103 ·
2001 2079 2061 2118 καὶ
2079 2079 2146 2132 γὰρ
2163 2083 2198 2118 αἳ
2212 2080 2296 2133 πρὸς
2308 2082 2379 2118 Κο-

1359 2141 1502 2194 ρινθίους
1533 2140 1728 2193 ἀμφότεραι
1748 2143 1816 2192 πρὸ
1843 2141 1970 2187 ταύτης
1998 2141 2082 2180 εἰσὶν
2103 2141 2377 2190 ἀπεσταλμέναι.

1358 2203 1425 2240 Καὶ
1442 2206 1542 2241 τοῦτο
1563 2204 1664 2249 δῆλον
1687 2205 1744 2254 ἀφ’
1766 2197 1812 2241 ῶν
1835 2206 1869 2242 ἐν
1884 2205 1934 2255 τῷ
1955 2203 2046 2241 τέλει
2073 2202 2201 2249 ταύτης
2217 2203 2378 2256 ἔγραφεν,

1357 2264 1445 2301 οὕτω
1465 2263 1575 2314 λέγων
1594 2279 1601 2287 ·
1618 2263 1706 2301 Νυνὶ
1728 2264 1762 2300 δὲ
1778 2264 1972 2314 πορεύομαι
1988 2267 2034 2306 εἰς
2054 2264 2286 2315 Ἰερουσαλὴμ
2303 2265 2378 2302 δια-

1356 2327 1464 2361 κονῶν
1494 2330 1564 2366 τοῖς
1591 2323 1710 2373 ἁγίοις.
1733 2323 1959 2370 εΕὐδόκησαν
1990 2324 2058 2375 γὰρ
2085 2324 2287 2361 Μακεδονία
2318 2324 2378 2362 καὶ

1357 2383 1480 2435 Ἀχαΐα
1507 2383 1685 2421 κοινωνίαν
1712 2382 1789 2421 τινὰ
1808 2384 2020 2429 ποιήσασθαι
2042 2386 2088 2426 εἷς
2113 2383 2190 2427 τοὺς
2216 2384 2377 2435 πτωχοὺς

1356 2448 1424 2482 τῶν
1456 2443 1562 2495 ἁγίων
1593 2447 1660 2481 τῶν
1683 2445 1718 2481 ἐν
1749 2443 1990 2495 Ἰερουσαλήμ.
2021 2444 2214 2498 Κορινθίοις
2233 2443 2268 2482 δὲ
2299 2446 2378 2482 ἔπι-

1359 2505 1508 2543 στέλλων
1530 2505 1646 2556 ἔλεγεν
1663 2521 1670 2528 ·
1692 2505 1779 2543 Ἐὰν
1801 2500 1824 2557 ᾗ
1851 2505 1943 2549 ἄξιον
1965 2508 2024 2543 τοῦ
2056 2505 2115 2543 καὶ
2145 2505 2206 2556 ἐμὲ
2232 2505 2378 2557 πορεύε-

1358 2571 1458 2612 σθαι,
1481 2564 1540 2604 σὺν
1569 2566 1646 2615 ἐμοὶ
1671 2566 1917 2618 πορεύσονται,
1937 2566 2016 2617 περὶ
2043 2568 2111 2603 τῶν
2139 2566 2374 2615 ἀποκομιζόν-

1357 2643 1425 2666 των
1445 2629 1555 2664 ἐκεῖσε
1575 2626 1618 2665 τὰ
1637 2626 1805 2678 χρήματα
1830 2631 1939 2664 ταῦτα
1961 2628 2085 2677 λέγων.
2113 2625 2222 2665 υΟθεν
2254 2627 2372 2674 δῆλον,

1357 2689 1411 2727 ὅτι
1435 2688 1538 2735 ἡνίκα
1558 2688 1620 2738 μὲν
1649 2687 1834 2726 ἐπέστελλε
1865 2688 2079 2740 Κορινθίοις,
2110 2687 2301 2739 ἀμφίέολον
2331 2681 2373 2733 ἦν

1357 2750 1396 2787 τὸ
1414 2753 1475 2795 τῆς
1491 2748 1651 2795 τοιαύτης
1677 2748 1875 2800 ἀποδημίας
1896 2750 1998 2786 αὐτοῦ
2015 2764 2021 2770 ·
2043 2748 2098 2786 ὅτε
2121 2748 2155 2786 δὲ
2173 2747 2373 2798 Ῥωμαίοις,

1357 2805 1400 2857 ἦν
1427 2809 1665 2860 κεκυρωμένον
1694 2810 1825 2848 λοιπόν.
1854 2810 1987 2848 Τούτου
2015 2808 2051 2847 δὲ
2082 2808 2375 2859 ὁμολογουμένου,

1359 2874 1497 2909 κάκεῖνο
1523 2870 1646 2916 δῆλον,
1672 2869 1723 2907 ὅτι
1755 2869 1842 2916 αὕτη
1873 2872 1946 2920 μετ’
1980 2868 2112 2912 ἐκείνας
2141 2872 2163 2915 ἡ
2195 2869 2374 2916 ἐπιστολή.

1358 2932 1428 2971 Καὶ
1447 2935 1468 2978 ἡ
1489 2931 1573 2983 πρὸς
1597 2932 1866 2973 Θεσσαλονικεῖς
1881 2930 1916 2968 δὲ
1936 2930 2012 2980 ἐμοὶ
2030 2931 2121 2968 δοκεῖ
2140 2930 2292 2982 προτέρα
2313 2933 2375 2977 τῆς

1357 2993 1441 3047 πρὸς
1468 2992 1667 3044 Κορινθίους
1698 2993 1883 3036 ἐπιστολῆς
1912 2985 2011 3029 εἶναι.
2040 2991 2110 3029 Καὶ
2138 2990 2204 3042 γὰρ
2235 2989 2377 3033 ἐκείνοις

1356 3055 1522 3108 πρότερον
1544 3052 1759 3101 ἐπιστείλας,
1780 3052 1841 3090 καὶ
1862 3052 1918 3090 τὸν
1948 3055 2010 3099 τῆς
2032 3052 2266 3103 ἕλεν-,μοσύνης
2291 3052 2376 3103 πρὸς

1357 3115 1477 3158 αὐτοὺς
1496 3114 1640 3160 κινήσας
1658 3114 1758 3164 λόγον
1773 3143 1783 3160 ,
1804 3115 1860 3152 ὅτε
1877 3114 1971 3165 ἔλεγε
1988 3129 1994 3138 ·
2014 3114 2102 3165 Περὶ
2120 3113 2155 3152 δὲ
2178 3116 2240 3160 τ’ἧς
2266 3115 2374 3165 φιλα-

1416 3266 1428 3280 e
1453 3255 1528 3286 MSS.
1549 3257 1719 3296 αἶνοὶζωμεν.

1414 3306 1427 3324 ¹¹
1451 3306 1527 3337 Mss.
1544 3310 1743 3349 ἰσχυρίζομαι.

1413 3364 1423 3377 ⁶
1447 3356 1553 3390 Ambo
1570 3357 1645 3391 315⁵.
1666 3359 1802 3394 ηὐδόκηοε
1821 3361 1888 3399 γάρ.
1908 3355 1999 3388 Infra
2015 3355 2068 3389 alii
2085 3360 2241 3399 Κορινθίοις
2257 3361 2328 3399 γάρ,
