2502 3810
714 289 754 318 tx
793 288 933 318 EPIST.

974 287 1031 316 AD
1068 287 1175 316 ROM.

2012 273 2116 322 513

1215 288 1370 317 HOMIL.
1408 288 1455 318 V.

49 374 94 413 ὡς
125 371 157 408 εἴ
185 387 223 419 γε
255 372 310 410 τὸν
334 371 482 423 Χριστὸν
515 372 709 422 ἐφιλοῦμεν,
739 372 785 414 ὥς
804 372 913 423 φιλεῖν
942 373 1065 423 ἐχρῆν,
1081 391 1128 415 470
1142 371 1225 421 quia
1241 386 1324 410 vero
1341 386 1409 410 non
1427 387 1598 423 amamus,
1610 374 1777 427 supplicii
1791 373 1880 413 tanti
1901 374 2121 426 magnitudi-

48 432 200 481 ἔγνωμεν
218 432 270 480 ἂν,
291 432 343 470 ὅτι
358 431 496 482 γεέννης
514 431 757 482 χαλεπώτερον
774 431 813 469 τὸ
832 434 1069 483 προσκροῦσαι
1092 426 1116 455 Α
1141 448 1221 471 nem
1234 448 1302 472 non
1328 435 1506 473 novimus.
1529 436 1577 474 Et
1596 437 1663 474 hac
1678 436 1722 474 de
1738 450 1774 474 re
1792 435 1947 474 maxime
1966 435 2069 474 doleo
2088 445 2121 473 et

50 495 98 542 τῷ
117 491 313 545 φιλουμένῳ
325 505 332 512 ·
350 491 468 538 ἐπειδὴ
496 491 530 529 δὲ
554 493 591 529 οὗ
612 492 790 542 φιλοῦμεν,
809 493 870 529 οὐκ
889 491 989 542 ἴσμεν
1008 494 1070 537 τῆς

50 551 223 593 κολάσεως
241 552 369 598 ταύτης
390 553 428 590 τὸ
449 552 599 602 μέγεθος.
618 551 687 588 Καὶ
714 551 815 590 τοῦτό
835 554 939 599 ἐστιν,
957 551 974 588 δ
997 551 1070 601 μοί-

51 614 153 650 λιστα
172 613 340 665 ὀδύρομαι
359 613 418 651 καὶ
434 615 560 666 Ορηνῶ.
589 611 715 650 Καίτοι
735 612 770 649 τί
787 614 848 649 οὐκ
867 606 1024 657 ἐποίησεν
1053 613 1070 648 ὃ

52 672 163 717 Θεὸς,
195 672 284 710 ὥστε
304 675 489 724 φιληθῆναι
516 673 599 724 παρ’
621 675 743 722 ἡμῶν,
763 671 798 709 τί
827 671 862 709 δὲ
891 674 952 709 οὐκ
982 673 1071 721 ἐμη-

51 732 251 783 χανῆσατο,
273 732 306 770 τί
323 732 358 771 δὲ
376 733 590 785 παρέλιπεν;
611 731 826 782 (Υδρίσαμεν
845 732 946 770 αὐτὸν
964 730 1070 782 μηδὲν

52 792 263 840 ἠδικηκότα,
284 793 373 832 ἀλλὰ
397 793 456 831 καὶ
476 792 747 843 εὐεργετήσαντα
764 792 868 844 μυρία
887 792 946 830 καὶ
963 791 1070 843 ἀπόῤ-

55 856 140 903 ῥητα
161 854 288 904 ἀγαθὰ,
311 854 584 905 ἀπεστράφημεν
605 855 777 891 καλοῦντα
806 852 866 890 καὶ
892 851 1070 903 πανταχό-

53 918 106 951 θεν
127 914 366 966 ἐφελκόμενον,
386 915 446 952 καὶ
467 914 543 952 οὐδὲ
562 914 668 957 οὕτως
682 916 775 962 ἡμᾶς
789 911 964 958 ἐκόλασεν,
980 911 1070 949 ἀλλὰ

52 976 290 1027 προσέδραμεν
310 976 429 1023 αὐτὸς,
450 975 508 1014 καὶ
526 974 675 1025 κατέαγε
689 973 873 1025 φεύγοντας
884 1002 894 1020 ,
910 973 970 1010 καὶ
987 975 1070 1010 ἀπε-

52 1036 262 1085 τιναξοίμεθα
281 1036 338 1074 καὶ
353 1036 437 1088 πρὸς
452 1035 509 1072 τὸν
526 1035 683 1072 διάὸολον
701 1032 994 1083 ἀπεπηδήσαμεν·
1012 1032 1071 1069 καὶ

51 1095 125 1132 οὐδὲ
146 1096 254 1137 οὕτως
287 1095 421 1141 ἀπέστη
436 1125 445 1141 ,
475 1096 551 1132 ἀλλ’
574 1094 709 1144 ἔπεμψε
732 1091 872 1143 μυρίους
903 1107 1071 1144 παρακα-

50 1158 192 1198 λοῦντας
227 1156 349 1201 πάλιν,
383 1154 581 1206 προφήτας,
616 1153 801 1205 ἀγγέλους,
830 1152 1050 1204 πατριάρχας
1062 1167 1069 1175 ·

49 1218 150 1264 ἡμεῖς
165 1214 200 1253 δὲ
216 1217 254 1252 οὐ
274 1215 375 1265 μόνον
392 1217 452 1252 οὐκ
467 1214 654 1264 ἐδεξάμεθα
671 1213 734 1259 τὴν
751 1212 938 1264 πρεσὸείαν
952 1242 961 1260 ,
980 1212 1070 1250 ἀλλὰ

50 1275 108 1312 καὶ
127 1275 315 1327 ὑδρίσαμεν
336 1274 413 1318 τοὺς
435 1274 604 1318 ἐλθόντας.
621 1274 666 1312 ‘O
693 1274 726 1313 δὲ
752 1273 827 1312 οὐδὲ
854 1273 912 1311 ἐπὶ
939 1273 1071 1316 τούτοις

48 1339 142 1386 ἡμᾶς
166 1335 357 1384 διέπτυσεν,
377 1337 453 1374 ἀλλ’
472 1335 589 1386 ὥσπερ
620 1338 651 1373 οἳ
670 1335 810 1388 σφοδροὶ
831 1337 899 1372 τῶν
917 1337 1070 1387 ἐραστῶν

50 1399 118 1434 τῶν
135 1397 479 1448 καταφρονουμένων,
493 1396 631 1448 περιῄει
650 1402 756 1433 πᾶσιν
780 1395 1008 1447 ἐντυγχάνων,
1021 1397 1070 1447 τῷ

50 1459 184 1510 οὐρανῷ
195 1488 204 1505 ,
223 1461 266 1509 τῇ
282 1460 326 1508 γῆ
337 1488 346 1505 ,
363 1460 413 1509 τῷ
429 1456 583 1510 Ἱερεμίᾳ
594 1487 603 1503 ,
617 1459 666 1508 τῷ
682 1455 840 1507 Μιχαίᾳ,
857 1457 922 1507 οὐχ
936 1455 991 1493 ἵνα
1010 1457 1070 1505 βα-

53 1520 140 1572 ρήσῃ
156 1549 164 1559 ,
183 1521 258 1557 ἀλλ’
276 1518 333 1556 ἵνα
353 1518 439 1571 ὑπὲρ
460 1521 528 1556 τῶν
549 1518 626 1555 καθ’
646 1516 764 1554 ἑαυτὸν
786 1515 1070 1566 ἀπολογήσηται,

51 1580 109 1617 καὶ
129 1579 215 1630 μετὰ
235 1583 303 1617 τῶν
323 1582 508 1633 προφητῶν
526 1578 585 1616 καὶ
604 1578 705 1620 αὐτὸς
730 1575 877 1629 προσῄει
891 1581 962 1619 τοῖς
984 1579 1071 1614 ἀπο-ε

52 1641 292 1693 στρεφομένοις
318 1640 432 1685 αὐτὸν,
462 1639 600 1681 εὐθύνας
631 1637 767 1689 ἕτοιμος
795 1636 842 1673 ὢν
861 1643 1068 1688 παρασχεῖν,

53 1702 110 1739 καὶ
131 1705 177 1745 εἷς
203 1701 379 1752 τὸνλόγον
400 1699 502 1743 ἀξιῶν
530 1703 700 1744 καθεῖναι,
728 1698 788 1735 καὶ
821 1696 905 1749 πρὸς
930 1697 1068 1735 ἅπαντα

51 1762 321 1814 κεκωφωμένους
332 1764 378 1804 εἷς
391 1761 452 1807 τὴν
472 1760 556 1811 πρὸς
571 1759 671 1798 αὐτὸν
683 1757 829 1802 διάλεξιν
842 1758 964 1796 ἕλκων.
975 1757 1067 1801 Λαὸς
1089 1763 1113 1793 C

51 1824 117 1875 γάρ
139 1839 224 1874 μου,
246 1823 349 1875 φησὶ,
382 1822 416 1860 τί
436 1820 586 1866 ἐποίησά
613 1835 689 1867 σοι,
720 1819 742 1866 ἢ
767 1819 801 1856 τί
820 1819 977 1866 ἐλύπησοί
1005 1836 1064 1867 σε;

51 1883 258 1936 ἀποκρίθητί
282 1900 352 1934 μοι.
382 1881 484 1920 Μετὰ
512 1887 621 1920 ταῦτα
649 1881 786 1918 ἅπαντα
815 1879 1066 1931 ἀπεκτείναμεν

49 1944 126 1988 τοὺς
163 1944 363 1996 προφήτας,
385 1943 609 1992 ἐλιθάσαμεν,
643 1939 750 1993 μυρία
775 1940 877 1993 ἕτερα
907 1941 1068 1994 εἰργασά-

51 2008 139 2054 μεθα
161 2004 285 2042 Ηκακοί.
305 2004 352 2042 Τί
371 1998 428 2041 οῦν
449 2003 526 2041 ἀντὶ
557 2001 705 2049 τούτων,
721 2001 850 2039 Οὐκέτι
869 2001 1067 2053 προφήτας,

73 2068 82 2075 u
120 2064 128 2076 Ι
202 2068 211 2080 3
268 2065 277 2079 Ι
443 2067 452 2079 3
489 2064 498 2077 Ι
694 2064 703 2078 Ι
865 2063 874 2075 3
925 2064 932 2077 ὶ
994 2062 1041 2085 §.J

50 2081 163 2102 ουκετι
193 2067 356 2115 αγγελους
369 2095 378 2112 ,
420 2080 533 2102 ουκετι
572 2079 792 2117 πατριαρχας
805 2091 815 2109 ,
856 2064 922 2099 αλλ
967 2078 1068 2100 αυιον

50 2126 183 2176 ἔπεμψε
196 2125 252 2162 τὸν
265 2124 360 2163 Υἱόν.
375 2125 453 2176 Ἀνη
461 2124 538 2176 ρέθη
558 2124 617 2162 καὶ
638 2128 655 2162 ὃ
679 2125 762 2167 Υἱὸς
781 2121 901 2168 ἐλθὼν,
918 2122 978 2161 καὶ
992 2122 1068 2162 οὐδὲ

49 2186 155 2229 οὕτως
186 2186 307 2224 {seeo-e
338 2186 396 2223 τὸν
420 2185 549 2237 ἔρωτα,
579 2186 655 2223 ἀλλ’
675 2185 785 2235 ἀνῆψε
808 2183 989 2233 μειζόνως,
1009 2184 1068 2221 καὶ

47 2246 203 2297 ἐπιμένει
236 2248 449 2299 παρακαλῶν
475 2246 534 2283 καὶ
572 2246 661 2296 μετὰ
691 2246 731 2284 τὸ
760 2245 817 2282 τὸν
832 2245 916 2282 Υἱὸν
934 2247 1069 2297 ἀναιρε-

47 2310 147 2353 θῆναι
175 2307 232 2345 τὸν
271 2309 385 2355 αὐτοῦ,
416 2306 476 2345 καὶ
512 2305 691 2357 δεόμενος,
722 2305 781 2343 καὶ
818 2305 934 2343 πάντα
957 2307 1066 2342 ποιῶν

45 2368 131 2420 ὑπὲρ
159 2372 217 2407 τοῦ
253 2369 338 2420 πρὸς
370 2368 470 2406 αὐτὸν
491 2367 708 2421 ἐπιστρέψαι.
731 2366 800 2405 Καὶ
836 2369 901 2418 βοᾷ
927 2367 1068 2409 Παῦλος

43 2429 169 2480 λέγων·
191 2429 301 2481 Ὑπὲρ
320 2430 472 2482 Χριστοῦ
487 2421 545 2467 οῦν
565 2426 817 2479 πρεσὸεύομεν,
835 2428 882 2470 ὡς
894 2430 954 2464 τοῦ
973 2428 1065 2464 Θεοῦ

45 2492 326 2541 παρακαλοῦντος
345 2490 388 2527 δι’
408 2490 524 2539 ἡμῶν·
546 2487 789 2537 καταλλάγητε
807 2489 856 2539 τῷ
877 2488 971 2540 Θεῷ.

97 2550 187 2587 Ἀλλ’
208 2550 302 2588 οὗδὲν
322 2549 449 2587 τούτων
475 2552 569 2599 ἡμᾶς
599 2547 827 2594 κατ-ἤλλαξεν.
852 2547 897 2586 ‘O
925 2546 961 2586 δὲ
988 2547 1064 2585 οὐδὲ

46 2610 153 2652 οὕτως
171 2613 264 2659 ἡμᾶς
290 2609 488 2656 κατέλιπεν,
508 2608 597 2648 ἀλλὰ
615 2608 709 2659 μένει
728 2608 786 2647 καὶ
805 2607 942 2660 γέενναν
961 2610 1062 2647 ἀπει-

45 2672 126 2718 λῶν,
146 2670 203 2708 καὶ
233 2670 410 2721 βασιλείαν
444 2670 759 2721 ἐπαγγελλόμενος,
781 2668 837 2706 ἵνα
858 2668 922 2706 κᾶν
956 2669 1064 2713 οὕτως

44 2735 137 2781 ιἡμᾶς
156 2730 405 2784 ἐφελκύσηται·
426 2733 528 2781 ἡμεῖς
561 2729 597 2767 δὲ
632 2729 835 2781 ἀναλγήτως
862 2729 913 2767 ἔτι
932 2729 1064 2767 διακεί-

46 2796 143 2841 μεθα.
164 2794 210 2830 Τί
230 2791 356 2838 ταύτης
377 2794 439 2837 τῆς
457 2790 640 2842 θηριωδίας
658 2796 774 2842 χεῖρον
789 2790 912 2841 γένοιτ’
935 2791 976 2829 ἄν
993 2807 1002 2837 ;
1019 2792 1064 2828 Εἰ

43 2854 110 2904 γὰρ
130 2854 307 2905 ἅνθρωπος
325 2856 435 2890 ταῦτα
450 2851 624 2900 ἐποίησεν,
642 2853 703 2889 οὐκ
719 2851 758 2888 ἂν
777 2854 878 2889 αὐτοῦ
896 2851 1066 2895 πολλάκις

43 2914 226 2964 ἐγενόμεθα
248 2914 359 2952 δοῦλοι
367 2929 377 2960 3
393 2913 450 2951 τὸν
471 2912 506 2950 δὲ
540 2912 629 2951 Θεὸν
651 2916 818 2950 ποιοῦντα
851 2911 1065 2963 ἀποστρεφό-

45 2979 150 3023 μεθα;
169 2973 221 3011 Ὦ
241 2977 302 3020 τῆς
323 2974 510 3027 ῥᾳθυμίας,
523 2973 551 3010 ὢ
571 2975 634 3019 τῆς
655 2972 900 3024 ἀγνωμοσύνης
915 2988 922 2996 ·
943 2972 975 3010 οἳ
994 2974 1065 3010 δια-

41 3033 167 3077 παντὸς
187 3034 248 3085 μὲν
275 3037 308 3072 ἐν
329 3034 515 3087 ἁμαρτίαις
538 3034 596 3072 καὶ
622 3033 803 3087 πονηρίαις
821 3037 946 3084 ζῶμεν,
969 3033 1007 3071 ἂν
1024 3033 1061 3071 δέ

44 3094 125 3132 ποτέ
140 3111 172 3132 τι
184 3095 242 3132 καὶ
253 3095 455 3146 ποιήσωμεν
474 3095 594 3146 μικρὸν
609 3094 748 3147 ἀγαθὸν,
759 3094 848 3132 κατὰ
862 3094 939 3137 τοὺς
952 3095 1061 3145 ἀγνώ-

43 3171 104 3205 μον
112 3171 147 3197 ας
162 3157 228 3192 τῶν
249 3157 388 3193 οἰκετῶν
409 3155 496 3206 μετὰ
516 3157 646 3202 πολλῆς
660 3160 722 3202 τῆς
738 3155 931 3201 καπηλείας
949 3155 1061 3198 ἐξετά-

43 3220 155 3266 ζομεν,
172 3216 228 3252 καὶ
245 3215 559 3267 ἀκριῧολογούμεθα
571 3217 650 3269 περὶ
670 3219 731 3262 τῆς
746 3215 962 3262 ἀντιδόσεως,
974 3215 1005 3252 εἴ
1023 3231 1062 3265 γε

43 3279 111 3329 ἔχει
126 3276 245 3325 μισθόν
260 3292 335 3314 τινα
345 3277 383 3313 τὸ
394 3277 656 3327 γινόμενονΚαὶ
670 3277 737 3327 μὴν
757 3277 880 3327 μείζων
899 3279 913 3313 ὁ
931 3276 1061 3326 μισθὸς,

42 3344 98 3381 ἐὰν
124 3343 170 3392 μη
193 3344 244 3380 ἐπ’
264 3342 377 3379 ἐλπίδι
395 3345 524 3392 μισθῶν
549 3345 661 3394 ποιῇς·
678 3343 717 3381 τὸ
735 3343 800 3395 γὰρ
822 3348 930 3381 ταῦτα
949 3342 1061 3393 λέγειν

1140 494 1255 546 lugeo.
1273 495 1378 545 Atqui
1399 495 1487 546 quid
1505 509 1573 534 non
1590 496 1672 535 fecit
1691 499 1802 548 Deus,
1822 506 1862 535 ut
1880 496 2087 548 diligeretur
2100 511 2121 534 a

1141 556 1269 593 nobis?
1286 556 1374 607 quid
1400 571 1469 594 non
1495 558 1638 596 molitus
1662 559 1737 596 est?
1753 557 1841 609 quid
1867 555 2119 610 praetermisit?

1140 617 1263 668 Ipsum
1290 617 1382 654 nihil
1400 631 1462 655 nos
1488 618 1676 657 laedentem
1693 619 1903 658 contumelia
1921 617 2119 667 affecimus,

1140 676 1211 713 imo
1228 677 1326 714 mille
1351 678 1534 716 beneficiis
1551 679 1597 716 ab
1615 679 1677 716 illo
1699 679 1867 731 acceptis,
1881 687 2067 716 vocantem
2089 687 2123 715 et

1141 736 1298 786 undique
1314 738 1546 776 attrahentem
1559 739 1708 776 aversati
1725 753 1847 776 sumus
1854 754 1865 788 3
1886 747 1919 776 et
1941 752 2053 788 neque
2073 738 2124 776 sic

1140 796 1200 834 ille
1214 812 1275 835 nos
1292 799 1386 835 ultus
1403 808 1465 846 est,
1480 813 1606 836 verum
1622 799 1775 837 accurrit
1791 800 1879 851 ipse,
1895 814 1935 837 ac
1949 800 2122 851 fugientes

1139 857 1291 895 detinuit
1301 874 1311 907 3
1329 868 1364 896 at
1379 873 1441 897 nos
1457 860 1692 910 excussimus,
1706 869 1738 897 et
1755 860 1799 898 ad
1813 860 1995 898 diabolum
2009 870 2122 899 trans-

1138 918 1297 968 fugimus
1318 935 1325 955 :
1349 933 1464 970 neque
1487 920 1539 970 sic
1560 929 1675 958 tamen
1704 921 1765 958 ille
1781 921 1931 970 destitit,
1951 922 2012 959 sed
2039 937 2122 960 sex—

1139 987 1256 1017 centos
1280 980 1391 1029 misit,
1414 980 1475 1030 qui
1505 994 1570 1018 nos
1598 980 1822 1029 advocarent,
1837 982 2042 1033 prophetas,
2059 997 2122 1019 an-

1139 1039 1248 1089 gelos,
1271 1040 1510 1091 patriarchas3
1533 1055 1596 1078 nos
1620 1051 1738 1079 autem
1757 1056 1826 1079 non
1852 1042 1958 1080 modo
1979 1043 2124 1093 legatio-

1139 1112 1220 1136 nem
1237 1099 1337 1136 illam
1351 1114 1420 1138 non
1434 1099 1657 1149 admisimus,
1672 1101 1733 1139 sed
1748 1102 1926 1139 venientes
1946 1111 2127 1140 contume-

1136 1158 1186 1196 lia
1215 1159 1410 1198 asfecimus.
1440 1160 1506 1198 Ille
1534 1174 1618 1199 vero
1639 1174 1751 1211 neque
1772 1170 1853 1213 post
1882 1161 1959 1199 haee
1987 1175 2050 1200 nos
2071 1176 2126 1200 re-

1137 1219 1249 1271 spuit;
1271 1219 1333 1257 scd
1363 1219 1474 1258 instar
1498 1221 1889 1259 vehementissimorum
1909 1230 2122 1270 amatorum,

1138 1279 1200 1330 qui
1213 1279 1471 1332 despiciuntur,
1492 1280 1666 1318 circuiens
1682 1280 1777 1333 apud
1797 1296 1917 1319 omncs
1936 1296 2126 1333 conquere-

1136 1342 1257 1392 batur,
1268 1341 1365 1393 apud
1378 1343 1517 1392 caelum,
1534 1351 1678 1393 terram,
1695 1344 1899 1393 Jeremiam,
1917 1343 2124 1393 Micliaeam5

1138 1417 1207 1441 non
1231 1412 1271 1440 ut
1296 1403 1393 1441 oneri
1419 1413 1520 1450 essct,
1540 1403 1601 1441 sed
1627 1412 1665 1441 ut
1682 1419 1754 1442 sese
1776 1414 1968 1457 purgaret:
1985 1419 2026 1443 ac
2044 1420 2126 1444 cum

1138 1464 1321 1517 prophetis
1350 1465 1426 1517 ipse
1451 1465 1532 1503 illos
1559 1465 1697 1512 adibat,
1718 1466 1780 1517 qui
1796 1467 1865 1504 sibi
1881 1467 2125 1505 adversaban-

1138 1534 1208 1574 tur,
1227 1525 1382 1564 rationes
1401 1526 1549 1564 reddere
1566 1536 1725 1579 paratus,
1750 1537 1783 1565 et
1802 1542 1930 1579 rogans
1952 1538 1989 1566 ut
2008 1543 2125 1566 secum

1137 1587 1288 1624 rationes
1320 1587 1507 1636 inirentur,
1535 1597 1568 1626 et
1592 1589 1717 1626 surdos
1737 1589 1782 1626 ad
1802 1590 2022 1641 colloquium
2044 1591 2127 1628 'alli-

1137 1647 1242 1685 ciens.
1267 1648 1420 1699 Popule
1437 1652 1503 1696 mi,
1527 1649 1657 1700 inquit,
1683 1652 1869 1704 quidfecz'
1888 1655 1983 1690 tibi?
2000 1657 2125 1691 autin

1137 1722 1211 1761 quo
1227 1712 1458 1747 contristavi
1489 1719 1524 1748 te
1538 1715 1555 1748 P
1572 1713 1758 1762 responde
1789 1714 1897 1754 mihi,
1934 1715 2016 1752 Post
2049 1715 2125 1753 haee

1135 1770 1253 1807 omnia
1282 1771 1472 1823 prophetas
1500 1771 1707 1820 occidimus,
1737 1773 1993 1825 lapidavimus,
2022 1775 2123 1813 innu-

1135 1844 1231 1868 mera
1258 1832 1329 1869 alia
1354 1832 1635 1884 perpetravimus
1654 1833 1760 1871 mala.
1780 1834 1878 1880 Quid
1892 1848 1974 1886 ergo
1994 1835 2123 1874 horum

1136 1906 1239 1930 causa
1255 1894 1360 1931 fecit?
1375 1895 1453 1931 Non
1470 1894 1563 1930 ultra
1577 1894 1779 1946 prophetas,
1792 1909 1859 1932 non
1879 1897 2036 1948 angelos,
2052 1911 2122 1936 non

1135 1954 1368 2005 patriarchas,
1385 1954 1446 1993 sed
1466 1955 1584 2007 ipsum
1600 1956 1733 1993 Filium
1752 1956 1860 1996 misit.
1876 1957 2035 1996 Veniens
2061 1959 2123 1996 Fi-

1135 2013 1205 2052 lius
1224 2016 1358 2053 occisus
1376 2025 1426 2053 est
1450 2032 1458 2052 ε
1481 2030 1592 2067 neque
1609 2026 1725 2054 tamen
1739 2017 1799 2054 ille
1813 2032 1967 2056 amorem
1988 2020 2123 2058 exstin-

1135 2075 1203 2123 xit,
1219 2076 1280 2114 sed
1312 2076 1426 2128 magis
1455 2077 1630 2127 accendit,
1650 2086 1781 2130 etpost
1806 2078 1963 2116 occisum
1988 2080 2123 2118 Filium

1135 2135 1310 2174 hortando
1337 2146 1550 2188 perseverat,
1568 2147 1745 2190 precatur,
1762 2138 1924 2189 nihilque
1941 2153 2011 2178 non
2035 2142 2121 2192 agit,

1135 2205 1175 2233 ut
1188 2196 1232 2234 ad
1248 2197 1353 2234 illum
1368 2207 1627 2237 convertamur.
1649 2199 1787 2237 Clamat
1801 2214 1884 2238 vero
1899 2201 2046 2250 Paulus,
2066 2201 2122 2239 di-

1136 2269 1243 2293 cens:
1278 2259 1356 2295 Pro
1385 2259 1539 2295 Christo
1569 2258 1762 2309 legatione
1776 2261 2003 2312 fungimur,
2026 2271 2121 2299 tam-

1135 2330 1255 2369 quam
1271 2319 1356 2355 Deo
1369 2332 1438 2369 per
1453 2332 1522 2356 nos
1538 2320 1770 2358 exhortante
1786 2336 1796 2358 :
1813 2323 2122 2361 reconciliamini

1135 2379 1232 2416 Deo.

1187 2554 1222 2590 7.
1252 2552 1298 2589 At
1316 2551 1408 2589 nihil
1429 2551 1558 2589 horum
1585 2565 1647 2590 nos
1676 2552 1930 2592 reconciliavit.
1947 2554 2012 2592 Ille
2036 2568 2121 2593 vero

1133 2627 1246 2663 neque
1264 2612 1316 2650 sic
1332 2626 1395 2650 nos
1420 2612 1622 2662 dereliquit,
1635 2612 1696 2650 sed
1721 2614 1837 2665 pergit
1852 2629 1990 2667 semper
2010 2625 2043 2653 et
2061 2630 2121 2667 ge-

1132 2672 1284 2709 hennam
1296 2671 1515 2720 comminari,
1533 2681 1565 2709 et
1580 2685 1730 2722 regnum
1744 2673 1919 2724 polliceri,
1935 2683 1975 2711 ut
1988 2688 2050 2711 nos
2065 2675 2120 2712 vel

1133 2732 1182 2770 sic
1196 2732 1349 2770 attrahat
1369 2748 1376 2768 ε
1399 2746 1461 2770 nos
1485 2741 1602 2770 autem
1627 2733 1727 2783 quasi
1742 2733 1878 2785 stupidi
1899 2734 2019 2772 adhuc
2041 2749 2119 2772 ma*

1134 2807 1268 2831 nemus.
1287 2792 1387 2840 Quid
1403 2792 1470 2830 hac
1486 2792 1625 2830 feritate
1644 2792 1879 2831 deterius?Si
1898 2794 1991 2832 enim
2012 2795 2119 2833 homo

1133 2854 1219 2891 talia
1240 2853 1388 2902 fecisset,
1407 2867 1522 2890 annon
1542 2853 1578 2890 in
1599 2854 1805 2891 servitutem
1824 2854 1900 2906 ejus
1917 2869 2007 2907 saepe.
2027 2857 2120 2893 versi

1133 2914 1312 2952 essemus?
1333 2915 1448 2952 Deum
1474 2923 1591 2952 autem
1611 2913 1648 2951 id
1672 2914 1857 2952 facientem
1883 2917 2118 2954 aversamur?

1134 2976 1165 3012 O
1184 2973 1387 3026 ignaviam!
1407 2989 1427 3012 o
1444 2974 1624 3026 ingratum
1642 2974 1822 3014 animum!
1842 2975 1904 3026 qui
1924 2990 2061 3028 semper
2082 2977 2118 3014 in

1101 3051 1104 3060 ¹
1134 3035 1284 3087 peccatis
1303 3045 1336 3073 et
1355 3035 1545 3073 sceleribus
1567 3034 1746 3083 vivimus3
1763 3035 1793 3073 si
1811 3050 1893 3075 vero
1907 3037 2121 3088 quandoque

1135 3096 1315 3134 tantillum
1331 3096 1415 3134 boni
1431 3095 1617 3145 faciamus,
1635 3095 1746 3133 instar
1759 3096 1981 3148 ingratorum
1998 3111 2119 3135 servo-

1135 3172 1228 3209 rum,
1247 3167 1409 3196 accurate
1434 3156 1525 3194 illud
1550 3157 1795 3195 examinamus
1819 3167 1851 3196 et
1875 3168 2120 3210 computamus

1135 3234 1198 3271 pro
1230 3218 1389 3256 mercede
1414 3218 1631 3271 accipienda,
1652 3218 1681 3256 si
1712 3228 1827 3257 tamen
1858 3220 1896 3257 id
1922 3221 2119 3259 mercedem

1136 3290 1325 3318 mereatur.
1346 3281 1452 3330 Atqui
1475 3281 1588 3332 major
1607 3289 1655 3318 est
1677 3295 1821 3330 merces,
1844 3296 1924 3319 cum
1942 3296 2009 3320 uon
2027 3297 2119 3320 mer-

1137 3342 1230 3380 cedis
1256 3356 1359 3379 causa
1375 3342 1441 3379 hoc
1461 3342 1557 3379 sacis.
1580 3343 1668 3380 Nam
1692 3342 1751 3380 illa
1775 3342 1893 3381 dicere
1907 3353 1939 3381 ct
1960 3353 2122 3382 accurate

88 3461 98 3472 a
125 3450 224 3490 [ἴῃ-,μα
245 3450 279 3478 A.
300 3455 331 3479 ct
349 3458 450 3489 marg.
468 3447 567 3480 Suvil.
590 3449 666 3480 Mox
684 3450 718 3481 A.
735 3454 861 3493 ἀνῃρέθη
882 3453 931 3483 καὶ
947 3449 1039 3487 οὗτος,
1058 3458 1149 3490 marg
1181 3447 1280 3479 Saiil.
1302 3463 1346 3480 αι.
1362 3452 1408 3481 καὶ
1427 3448 1546 3488 αὐτός]

2141 1662 2233 1692 ῘΙΙι“(“Ιι.
2248 1661 2278 1691 6,
2294 1663 2325 1691 3.

2137 2276 2166 2297 2.
2187 2268 2255 2298 Cor.
2270 2269 2297 2298 5.

2137 2318 2186 2338 20-
