2502 3810
138 1881 230 1909 <Corn
251 1890 294 1910 11v

322 271 418 329 [334
845 278 1028 309 sommis
1064 276 1304 306 CHRYSOST.

322 365 441 402 Primo
465 362 607 413 quidem
625 376 645 398 a
668 360 759 397 mala
789 358 999 397 conscientia
1022 356 1239 402 verberatus,
1265 363 1298 392 et

321 423 477 474 quotidie
495 421 683 467 cruciatus,
703 419 748 456 ab
767 418 931 455 omuibus
959 416 1171 464 damnatus;
1191 414 1295 452 dein-

319 483 429 532 deque
454 482 489 517 in
517 481 636 516 futuro
662 477 813 530 judicio.
835 477 905 515 Sed
925 476 1023 527 quod
1043 476 1103 513 hic
1132 475 1295 522 laedatur,

317 542 399 578 hine
407 540 526 591 palam
535 548 607 588 est3
629 538 805 589 quomodo
819 546 936 575 autem
955 537 1015 574 ille
1032 536 1223 573 utilitatem
1238 548 1295 572 ae-

315 601 413 652 cipit,
429 600 537 637 dicas.
559 600 654 647 Quia
672 600 763 637 male
781 598 877 636 affici
892 607 926 635 et
940 597 1077 635 fortiter
1094 598 1196 644 ferre,
1215 610 1295 633 ma—

313 674 423 711 gnum
437 660 543 698 habet
561 661 716 698 lucrum:
729 668 778 697 est
794 660 891 697 enim
908 667 1136 710 peccatorum
1155 657 1295 705 solutio,

313 719 468 770 graviter
485 719 614 770 affligi,
635 728 686 757 est
705 719 940 771 philosophiae
960 718 1204 770 gymnasium,
1222 718 1297 755 vir-

311 780 398 817 tutis
423 780 595 818 doctrina.
618 780 814 819 Videamus
835 794 918 831 ergo
940 789 1018 817 uter
1038 780 1075 816 in
1101 779 1205 817 malis
1234 779 1293 829 sit,

311 841 372 878 hic
390 855 436 879 an
456 841 527 879 ille.
541 842 607 879 Ille
622 841 768 891 quidem
783 841 813 878 si
831 840 1066 893 philosophus
1085 839 1142 887 sit,
1160 839 1297 877 fortiter

312 903 414 951 seren
434 903 493 940 hie
522 917 606 940 vero
635 902 793 953 quotidie
812 903 848 939 in
876 911 1027 940 tremore
1046 911 1079 939 et
1099 901 1296 953 suspicione

311 963 485 1000 erit:uter
503 977 585 1014 ergo
602 963 762 1013 laeditur,
784 963 844 1000 hic
863 977 907 1000 an
925 963 1013 1000 ille?
1034 963 1189 1000 Fabulas
1209 976 1295 999 nar-

312 1037 381 1069 ras,
406 1023 542 1074 inquies
560 1040 567 1060 :
587 1024 729 1074 quando
758 1023 837 1074 quis
865 1023 961 1074 quod
982 1023 1064 1061 edat
1083 1038 1151 1061 non
1171 1023 1293 1072 habet,

312 1093 346 1121 et
366 1084 550 1122 lamentari
569 1085 838 1135 mendicareque
864 1085 1025 1136 cogitur,
1052 1099 1114 1122 nec
1143 1084 1295 1135 accipit,

314 1159 428 1183 nonne
444 1146 550 1182 simul
568 1154 601 1182 et
616 1159 761 1198 corpore
780 1155 813 1183 et
826 1146 943 1183 anima
963 1146 1081 1198 perit?
1097 1146 1173 1182 Imo
1193 1145 1295 1181 fabu-

313 1205 367 1242 las
385 1215 423 1243 tu
438 1220 580 1255 narras,
603 1219 667 1256 ego
690 1220 742 1243 res
758 1206 851 1257 ipsas
867 1215 1113 1243 commonstro.
1126 1206 1194 1242 Die
1204 1209 1297 1242 enim

315 1266 420 1316 mihi,
435 1266 599 1303 nullusne
615 1266 770 1304 divitum
798 1267 863 1303 fert
881 1266 1102 1303 cruciatum?
1116 1265 1214 1310 Quid
1231 1265 1298 1316 igi-

315 1327 402 1364 tur?
417 1341 462 1364 an
482 1326 519 1363 id
533 1341 578 1364 ex
605 1335 810 1378 paupertate
829 1327 1016 1378 provenit?
1034 1325 1104 1364 Sed
1125 1340 1193 1362 non
1213 1340 1296 1363 esu-

315 1387 386 1424 rit?
397 1387 443 1424 Et
457 1387 545 1437 quid
557 1387 625 1424 1100
641 1387 718 1424 est?
733 1388 850 1438 Major
864 1387 930 1424 erit
946 1386 1048 1433 ultio,
1066 1385 1205 1436 quando
1217 1399 1298 1422 cum

314 1447 451 1485 divitiis
476 1448 543 1485 hoc
572 1447 703 1485 fecerit.
736 1448 860 1497 Neque
888 1447 983 1484 enim
1005 1446 1142 1484 divitiae
1173 1446 1298 1483 fortem

313 1507 481 1555 reddunt,
495 1522 608 1558 neque
620 1517 807 1559 paupertas
818 1507 1056 1555 imbecillum5
1072 1506 1205 1556 alioqui
1218 1506 1298 1543 nul-

313 1568 367 1605 lus
386 1568 637 1620 opulentorum
656 1568 821 1605 miseram
849 1576 966 1619 ageret
998 1567 1111 1604 vitam
1124 1596 1135 1615 ,
1155 1566 1297 1603 nullus-

313 1643 381 1678 que
404 1643 601 1680 pauperum
620 1629 686 1665 sibi
716 1628 953 1665 malediceret.
977 1627 1083 1672 Quod
1111 1640 1196 1663 vero
1224 1640 1297 1662 ser-

312 1704 433 1727 mones
450 1689 557 1727 vestri
573 1703 653 1726 vere
670 1689 789 1725 fabula
807 1688 892 1737 sint,
914 1687 999 1724 hinc
1017 1687 1138 1738 palam
1152 1687 1292 1723 faciam.

768 282 804 310 S.

1322 1327 1346 1356 E

1344 277 1531 308 ARCHIEP
1541 299 1548 307 .
1589 279 1670 308 CON
1679 280 1940 310 STANTINOP.

1368 355 1411 394 τὰ
1432 361 1491 394 τοῦ
1507 357 1654 403 πένητος
1675 359 1794 397 λοιπὸν
1813 360 1871 396 καὶ
1890 360 2016 410 γυμνὸν
2037 359 2178 398 ποιείτω
2197 359 2254 396 καὶ
2271 374 2387 410 παρα-

1371 416 1492 454 διδότω
1507 419 1601 469 λιμῷ
1616 448 1625 465 ,
1649 419 1748 462 αὐτὸς
1768 419 1803 456 δὲ
1819 421 2018 471 ἐντρυφάτω
2033 426 2103 463 τοῖς
2123 419 2155 463 ἐξ
2174 419 2303 456 ἐκείνου
2323 420 2385 464 λη·

1369 480 1500 527 φΟεῖο-ιν
1524 478 1651 521 ἀδίκως
1663 494 1670 502 ·
1687 482 1705 516 ὁ
1719 483 1869 522 τοιοῦτος
1885 482 1922 516 οὒ
1939 480 2039 529 μόνον
2056 480 2152 517 οὐδὲν
2170 479 2269 517 αὐτὸν
2284 479 2387 516 ἔὸλα-

1369 539 1443 588 ψεν,
1461 537 1550 574 ἀλλὰ
1569 539 1628 575 καὶ
1642 539 1833 590 ὠφέλησεν,
1849 539 1969 575 ἑαυτὸν
1990 540 2025 577 δὲ
2040 542 2076 578 οὗ
2096 541 2196 590 μόνον
2217 542 2277 578 οὐκ
2293 538 2384 589 ‹32:523-

1322 609 1348 638 D
1368 599 1485 645 λησεν,
1498 599 1587 636 ἀλλὰ
1599 599 1657 636 καί
1672 599 1813 650 {Cla-173.
1828 601 1911 641 Πῶς
1921 616 1930 645 ;
1942 601 2088 650 Πρῶτον
2101 601 2162 651 μὲν
2170 601 2236 639 ὑπὸ
2243 604 2302 637 τοῦ
2311 615 2386 636 συν-

1369 658 1495 703 ειδότος
1513 660 1764 709 μαστιζόμενος
1783 663 1843 696 τοῦ
1864 663 2015 711 πονηροῦ
2028 690 2037 706 ,
2060 661 2119 697 καὶ
2138 664 2214 698 καθ’
2236 661 2384 705 ἑκάστην

1367 719 1500 770 ἡμέραν
1523 719 1767 769 κεντούμενος,
1785 720 1843 757 καὶ
1864 719 1960 772 παρὰ
1973 720 2113 758 πάντων
2127 720 2386 771 καταγινωσκο-

1369 780 1610 828 μενος·ἔπειτα
1628 782 1661 817 ἐν
1677 783 1726 832 τῷ
1744 780 1906 830 μέλλοντι
1922 780 2172 833 κρίματι.Ἀλλ’
2191 780 2316 830 ὅτιμὲν
2335 775 2387 818 οἷ-

1366 856 1422 883 τος
1439 841 1653 891 βλάπτεται,
1675 842 1775 887 δῆλον
1794 843 1946 879 ἐντεῦθεν
1963 841 2114 888 κατέστη
2131 855 2138 864 ·
2153 843 2227 884 πῶς
2246 841 2282 878 δὲ
2302 842 2387 892 ὠφε-

1364 900 1511 937 λεῑταιέ
1496 906 1644 945 εκεῐνος,
1662 901 1748 939 εἰπέ.
1766 900 1851 939 (Ότι
1869 917 1907 938 το
1924 917 2040 944 κακως
2058 905 2178 939 παθεῖν
2191 900 2250 938 καὶ
2270 900 2385 951 φέρειν

1366 975 1547 1009 γενναιως,
1568 961 1658 1011 μέγα
1686 977 1724 998 7.3
1717 961 1804 1013 ’ροος
1819 960 1877 1012 ἔχε
1863 976 1912 998 ει·
1933 961 2006 998 ἔστι
2034 960 2101 1012 γὰρ
2121 960 2386 1012 ἁμαρτημάτω)

1365 1019 1462 1063 λύσις
1490 1021 1529 1058 τὸ
1558 1024 1648 1058 παῦε
1652 1026 1681 1057 ἰν
1714 1037 1849 1067 κακως,
1870 1020 1942 1058 ἔστι
1964 1020 2163 1073 φιλοσοφίας
2185 1020 2386 1070 γυμνάσιον,

1366 1079 1457 1118 ἔστιν
1489 1083 1614 1132 ἀρετῆς
1634 1082 1853 1120 διοασκαλία.
1874 1081 2021 1132 Ἴοωμεν
2044 1085 2100 1120 οὖν
2122 1082 2172 1124 τίς
2192 1084 2226 1119 ἐν
2246 1086 2386 1125 κακοῖς,

1367 1145 1427 1179 οὗτ
1429 1158 1463 1185 ος
1489 1142 1510 1187 ἢ
1531 1145 1669 1186 ἐκεῖνος.
1692 1143 1845 1186 Ἐκεῖνος
1883 1142 1945 1193 μὲν
1974 1142 2041 1193 γὰρ
2075 1143 2114 1179 ἂν
2135 1147 2156 1194 ἠ
2182 1142 2386 1194 φιλόσοφος,

1367 1203 1529 1253 γενναίως
1554 1204 1664 1242 οἴσει
1701 1221 1796 1247 ουτος
1828 1204 1863 1242 δὲ
1892 1205 1968 1241 καθ’
2008 1203 2156 1250 εκάστην
2186 1202 2320 1254 ημέραν
2354 1218 2387 1238 εν

1366 1263 1486 1315 τρόμῳ
1504 1280 1602 1301 εσται
1626 1264 1685 1301 καὶ
1706 1264 1860 1316 ὑποψία·
1881 1265 1932 1308 τίς
1952 1269 2008 1301 οὖν
2030 1265 2085 1302 ἀοι
2089 1269 2227 1308 κεῖται,
2249 1266 2308 1300 οὓτ
2311 1279 2345 1305 ος
2366 1278 2387 1306 η

1367 1339 1436 1361 313⁷
1439 1340 1514 1370 νος,
1533 1325 1670 1367 Μύθους
1693 1325 1770 1376 λέγε
1775 1342 1822 1372 ις,
1842 1325 1969 1376 φησίν·
1987 1341 2068 1363 οταν
2087 1325 2154 1375 γάρ
2179 1340 2230 1367 τις
2253 1323 2300 1373 μὴ
2323 1323 2387 1373 ἔχΓ,

1369 1389 1500 1435 φαγεῖν,
1520 1385 1578 1421 καὶ
1595 1386 1835 1435 ἀναγκάζηται
1851 1385 2081 1436 ἀποδύρεσθαι
2102 1384 2162 1421 καὶ
2187 1384 2388 1421 ἀποδυσπε-

1467 1444 1482 1463 1,
1497 1444 1512 1459 -Α
1690 1444 1698 1458 x
1752 1448 1761 1459 ³
1868 1451 1880 1456 —·
1973 1446 1979 1456 1
2047 1444 2055 1459 x
2127 1444 2159 1463 Ιρ
2251 1446 2260 1458 7
2292 1443 2299 1456 x
2377 1443 2384 1454 ι

1494 1461 1515 1489 τ,
1531 1447 1729 1495 προσελθων
1746 1461 1898 1483 επαιτειν
1928 1461 1985 1482 και
2014 1461 2061 1495 μη
2091 1446 2182 1495 λαοῃ
2197 1474 2207 1491 ,
2228 1460 2303 1495 ουχι
2330 1458 2390 1481 και

1367 1459 1450 1489 τειν,

1369 1504 1432 1550 τὴν
1449 1504 1565 1556 ψυχὴν
1583 1506 1642 1542 καὶ
1658 1505 1697 1542 τὸ
1713 1508 1815 1555 σῶμα
1835 1505 2111 1556 προσαπολλύεις
2129 1504 2265 1547 Μύῡους
2281 1504 2321 1543 σὺ
2337 1504 2391 1542 λε’-

1367 1580 1458 1614 γεις·
1480 1564 1548 1615 ἐγὼ
1568 1565 1635 1616 γὰρ
1658 1565 1863 1603 ἐπιδεικνύω
1883 1565 2088 1617 πράγματα.
2112 1565 2201 1604 Εἰπὲ
2221 1566 2288 1617 γάρ
2308 1581 2388 1615 μοι,

1367 1625 1477 1667 οὐδεὶς
1498 1628 1567 1662 τῶν
1600 1625 1840 1663 πλουτούντων
1862 1627 2113 1673 ἀποδυσπετεῖ,
2130 1627 2178 1663 Τί
2199 1620 2276 1673 οἶν,
2297 1625 2344 1675 μὴ
2365 1629 2386 1671 ἡ

1367 1685 1469 1722 πενία
1503 1685 1597 1722 αἷτία
1630 1685 1770 1733 τούτου,
1805 1686 1908 1723 Ἀλλὰ
1943 1688 1980 1723 οὐ
2024 1686 2216 1736 λιμώττει,
2248 1686 2318 1724 Καὶ
2354 1686 2389 1723 τί

313 1751 489 1787 Paulusne
507 1749 542 1786 in
561 1749 700 1786 divitiis
718 1757 808 1797 erat,
840 1762 885 1785 an
900 1748 936 1785 in
950 1747 1187 1799 paupertate?
1205 1748 1297 1785 fame
1312 1778 1358 1801 336
1367 1750 1487 1792 τοῦτο,
1508 1746 1646 1790 Μείζων
1660 1750 1682 1792 ἦ
1698 1746 1774 1793 δίκη
1788 1777 1797 1794 ,
1815 1746 1896 1784 ὅταν
1914 1747 2002 1798 μετὰ
2018 1747 2163 1785 πλούτου
2178 1752 2277 1786 τοῦτο
2292 1751 2387 1798 ποιῆ.

312 1810 510 1859 laborabat,
535 1810 676 1847 annon?
694 1811 818 1861 Ipsum
845 1809 970 1846 audire
993 1809 1076 1846 licet
1105 1808 1296 1856 dicentem,
1323 1815 1349 1843 A
1369 1806 1460 1844 Οὔτε
1473 1806 1540 1858 γὰρ
1559 1809 1705 1850 πλοῦτος
1723 1813 1876 1857 γενναῖον
1893 1813 2004 1855 ποιεῖ,
2026 1807 2104 1845 οὔτε
2119 1811 2244 1854 ἀσθενῆ
2262 1808 2364 1845 πενία
2377 1823 2384 1830 ·

315 1874 363 1909 In
378 1874 490 1924 fame
511 1879 548 1908 et
577 1874 655 1909 siti.
688 1871 873 1922 Prophetae
899 1870 1130 1907 esuriebant?
1151 1871 1295 1908 annon?

314 1932 373 1970 Illi
394 1946 535 1983 quoque
564 1932 600 1969 in
628 1932 731 1969 malis
751 1940 860 1969 erant.
881 1933 1018 1968 Rursus
1035 1931 1188 1968 Paulum
1207 1931 1296 1968 mihi

313 1995 464 2046 profers,
485 2007 607 2030 rursus
626 1993 815 2044 prophetas
828 2022 837 2040 ,
858 1992 979 2029 decem
998 2001 1058 2029 aut
1077 1991 1206 2043 viginti
1231 1992 1296 2029 ho-

313 2055 438 2092 mines.
464 2054 536 2092 Sed
566 2053 658 2091 unde
687 2053 767 2092 vis?
787 2053 845 2090 Ex
864 2053 1115 2101 multitudine,
1141 2053 1292 2103 inquies,

313 2115 455 2152 ostende
471 2114 560 2151 mihi
581 2114 750 2164 quosdam
770 2113 829 2180 qu'i
854 2114 990 2151 for-titei
1010 2114 1136 2151 selant.
1154 2113 1225 2152 Sed
1240 2128 1296 2151 ia-

314 2190 394 2212 ium
408 2189 544 2226 semper
559 2175 625 2211 hoc
640 2183 703 2221 est,
707 2175 821 2240 'pauci
836 2175 919 2212 boni
940 2183 1032 2212 sunt.
1046 2174 1084 2212 Si
1097 2174 1150 2212 vis
1165 2183 1294 2222 autem,

316 2250 391 2272 rem
410 2236 445 2271 in
463 2235 577 2286 seipsa
598 2234 854 2272 examinemus.
874 2237 907 2273 N
913 2235 1072 2272 ideamus
1101 2235 1202 2286 cujus
1230 2235 1296 2271 sol-

311 2297 461 2334 licitudo
482 2297 596 2347 major
616 2297 660 2332 sit
679 2305 711 2332 et
731 2297 885 2346 gravior,
905 2297 1007 2346 cujus
1025 2296 1095 2333 lex
1086 2309 1151 2332 101
1173 2297 1297 2333 Nonne

313 2358 372 2394 hic
390 2371 454 2409 pro
470 2356 661 2393 necessario
683 2356 848 2393 alimento
869 2357 1041 2393 sollicitus
1063 2366 1128 2403 est,
1150 2356 1210 2393 ille
1229 2371 1297 2407 pro

315 2417 509 2455 innumeris
525 2418 632 2454 rebus
650 2416 768 2467 ipsum
788 2417 908 2453 cibun]
925 2417 1121 2467 relinquit?
1143 2418 1220 2453 Non
1248 2417 1299 2453 fa-

315 2496 408 2518 mem
439 2481 538 2517 timet
569 2479 682 2525 dives,
706 2479 766 2516 sed
804 2479 873 2516 alia
891 2479 1080 2529 formidat,
1116 2494 1206 2532 saepe
1235 2494 1300 2531 pro

315 2542 425 2578 salute
444 2541 557 2578 timet.
581 2541 658 2577 Non
674 2548 774 2577 vacat
795 2540 863 2576 cibi
886 2540 1124 2577 sollieitudine
1150 2555 1296 2592 pauper,

316 2601 375 2639 sed
392 2602 470 2638 aliis
494 2610 595 2640 vacat
621 2600 933 2651 sollicitudinibus,
946 2601 1167 2639 securitatem
1182 2601 1300 2651 habet,

316 2662 478 2712 quietem,
498 2659 798 2710 tranquillitatem.

373 3081 406 3117 5.
425 3078 589 3130 Alioquin
614 3092 717 3127 vero,
745 3078 775 3115 si
802 3078 931 3130 injuste
950 3092 1051 3129 agere
1072 3080 1207 3117 malum
1228 3093 1297 3117 non

319 3150 383 3183 est,
402 3140 464 3178 sed
481 3141 629 3189 bonum,
647 3153 710 3176 cur
735 3138 1015 3176 confundimur?
1033 3152 1094 3176 cur
1114 3141 1295 3177 01111105οἰ-
1322 3154 1346 3184 C

320 3203 424 3239 mus?
440 3217 502 3239 cur
529 3201 670 3253 probris
689 3199 805 3236 affecti
832 3198 1074 3250 indignamur,
1098 3214 1188 3252 segre
1208 3202 1295 3239 seri-

319 3264 425 3301 mus?
441 3263 480 3301 Si
505 3276 574 3300 non
598 3263 732 3299 bonum
751 3271 801 3298 est
819 3261 949 3313 injuste
968 3262 1095 3313 affligi,
1117 3277 1180 3300 cur
1199 3277 1237 3301 ea
1255 3263 1297 3300 de

320 3337 357 3359 re
373 3323 565 3374 gaudemus
583 3331 617 3359 et
636 3322 845 3372 gloriamur,
871 3332 903 3360 et
924 3336 986 3361 nos
1002 3323 1239 3374 justificamus
1259 3339 1302 3363 ear

365 3427 378 3449 ¹¹
398 3425 456 3457 Alii
473 3430 488 3462 ἡ
507 3427 675 3468 προσελθεῖν
692 3429 827 3458 ἐπαιτεῖν.

1369 1868 1443 1905 ἐπεὶ
1465 1868 1572 1910 οὐδεὶς
1598 1867 1636 1904 ἂν
1657 1870 1724 1904 τῶν
1755 1869 1789 1905 ἐν
1811 1867 1951 1919 πλούτῳ
1971 1867 2107 1912 ζώντων
2129 1868 2302 1919 μοχθηρὸν
2323 1868 2381 1913 ἔζη

1370 1927 1455 1977 βίον,
1476 1930 1545 1966 ουο’
1566 1945 1604 1965 αν
1629 1944 1741 1980 εαυτῳ
1761 1928 1984 1980 κατηράσατο
2002 1928 2108 1971 ουδεις
2128 1932 2196 1966 τῶν
2218 1931 2251 1966 ἐν
2271 1927 2384 1965 πενία.

1366 1988 1452 2028 Οτι
1468 1990 1502 2027 δὲ
1517 1990 1575 2027 ὄντ
1577 2007 1622 2033 ι1ς
1641 1994 1739 2040 μυθοι
1756 2007 1800 2028 τα
1818 1992 1901 2041 παρ’
1917 2006 2027 2040 υμων,
2043 1992 2201 2028 ἐκεῖθεν
2189 1996 2269 2028 υμῖν
2287 2005 2388 2036 ποιη-

1367 2066 1418 2088 σω
1450 2051 1605 2103 φανερόν.
1639 2050 1730 2088 Εἷπε
1759 2067 1838 2101 μοι,
1858 2054 1875 2088 ὃ
1895 2053 2032 2093 Παυ)ος
2055 2054 2089 2089 ἐν
2109 2050 2212 2088 πενία
2231 2054 2285 2096 ἠν,
2305 2049 2326 2095 ἢ
2353 2052 2388 2088 ἐν

1970 2114 2084 2150 Αὐτοῦ
2119 2114 2210 2150 ἐστιν
2241 2113 2387 2149 ἀκοῦσαι

1367 2170 1524 2222 λέγοντος
1536 2187 1543 2195 ·
1562 2172 1622 2209 Ἐν
1647 2173 1740 2223 λιμῷ
1758 2172 1816 2210 καὶ
1845 2171 1948 2223 δίψει.
1971 2173 2017 2209 Οἱ
2036 2175 2212 2223 προφῆται
2231 2170 2386 2220 ἐλίμωτ-

1367 2112 1529 2164 πλούτῳ,
1549 2111 1749 2162 ἐλίμωττεν,
1781 2112 1803 2157 ἢ
1839 2112 1939 2163 οὐχί,

1367 2246 1440 2278 τον,
1459 2231 1480 2277 ἢ
1499 2231 1594 2283 οὖχί;
1617 2233 1780 2270 Κάκεῖνοι
1798 2231 2066 2270 ἀπεδυσπέτουν.
2087 2232 2226 2269 8Ποίλιν
2246 2231 2386 2269 Παῦλόν

1371 2307 1428 2342 μοι
1448 2291 1580 2343 φέρεις,
1604 2293 1709 2330 πάλιν
1739 2293 1816 2335 τοὺς
1833 2293 2034 2343 προφήτας,
2062 2292 2146 2330 δέκα
2172 2291 2232 2330 καὶ
2261 2291 2387 2329 εἴκοσιν

1371 2351 1580 2401 ἀνθρώπους.
1602 2351 1706 2389 Ἀλλὰ
1738 2352 1839 2389 πόθεν
1873 2352 2008 2401 βούλει,
2030 2351 2113 2390 Ἀπὸ
2142 2355 2210 2389 τῶν
2236 2353 2388 2396 πολλῶν,

1372 2411 1474 2463 φησὶ,
1496 2411 1602 2455 δεῖξόν
1632 2412 1690 2461 μοί
1720 2427 1814 2455 τινας
1836 2412 1998 2463 φέροντας
2027 2411 2201 2462 γενναίως.
2226 2411 2330 2449 Ἀλλὰ
2350 2411 2389 2448 τὸ

1373 2472 1516 2510 σπάνιον
1541 2472 1593 2510 ἀεὶ
1619 2476 1786 2519 τοιοῦτον,
1809 2473 1868 2510 καὶ
1888 2472 1996 2523 ὀλίγοι
2018 2475 2048 2509 οἱ
2066 2471 2178 2510 καλοί.
2198 2473 2243 2509 1Ξῖ
2275 2470 2389 2521 βούλει

1996 2532 2024 2545 ἢν

1373 2531 1428 2578 δὲ,
1457 2533 1516 2570 καὶ
1539 2535 1614 2570 καθ’
1648 2533 1747 2570 ἑαυτὸ
1768 2532 1806 2569 τὸ
1825 2540 1972 2585 πρᾶγμα
1991 2532 2221 2582 εςετοίσωμεν.
2240 2531 2388 2581 Ἴδωμεν

1371 2593 1460 2637 τίνος
1479 2597 1500 2638 ἦ
1527 2609 1630 2631 οςοντ
1635 2610 1662 2636 ις
1691 2593 1814 2644 μείζω]
1835 2609 1893 2631 και
1913 2609 2123 2646 οριαυτερα,
2150 2609 2209 2631 και
2229 2592 2317 2635 τίνος
2337 2593 2390 2629 εὐ-

1371 2653 1697 2707 φορι1τέρα.Οὐχ
1685 2672 1701 2692 ο
1723 2671 1784 2702 μεν
1804 2654 1891 2706 ὑπερ
1922 2657 1983 2700 τῆς
2017 2654 2207 2705 ἀναγκαίας
2239 2659 2390 2705 μεριμνᾶ

1371 2718 1500 2767 τροφῆς
1516 2746 1525 2762 ,
1550 2733 1565 2753 ο
1586 2715 1654 2753 οὲ
1643 2732 1705 2754 υπε
1712 2732 1729 2768 ρ
1752 2715 1881 2767 μυρίων
1909 2715 2125 2768 πρακμάτων
2144 2714 2274 2759 ταύτης
2303 2714 2389 2765 ἀφέ-

1374 2791 1493 2827 μενος
1487 2807 1495 2823 ,
1517 2777 1606 2814 Ου
1589 2776 1720 2813 οέοοικε
1722 2793 1803 2813 νυ
1780 2792 1844 2827 ’τερ
1861 2779 1990 2825 λιμου
1978 2793 1995 2813 ο
2010 2775 2191 2821 πλούσιος,
2210 2776 2285 2810 ἀλλ’
2303 2791 2334 2810 υ
2325 2773 2389 2824 περ

1371 2836 1497 2887 ἑτέρων
1514 2837 1643 2874 δέδοικε
1659 2852 1666 2860 ·
1686 2836 1854 2879 πολλάκις
1874 2836 1959 2886 ὑπὲρ
1980 2834 2153 2886 σωτηρίας
2173 2836 2290 2879 αὐτῆς.
2315 2834 2391 2870 Οὐκ

1372 2899 1444 2949 ἔχει
1460 2897 1523 2944 τὴν
1552 2897 1760 2950 ἀμεριμνίαν
1779 2899 1840 2940 τῆς
1859 2900 1986 2947 τροφῆς
2013 2899 2029 2932 ὁ
2060 2895 2186 2941 πένης,
2210 2895 2286 2931 ἀλλ’
2318 2892 2390 2944 ἔχει

1371 2960 1434 3004 τὴν
1453 2958 1572 3009 ἑτέραν
1595 2957 1816 3009 ἀμεριμνίαν,
1842 2957 1905 3002 τὴν
1926 2955 2129 3007 ἀσφάλειαν,
2149 2954 2212 3001 τὴν
2228 2952 2391 3004 ἡσυχίαν,

1371 3019 1435 3065 τὴν
1457 3019 1587 3056 ἄδειαν.

1422 3079 1554 3121 Ἄλλως

1372 3140 1428 3178 διὰ
1459 3139 1493 3176 τί
1521 3138 1776 3190 αἷσΛυνόμεΟα,
1807 3137 1862 3174 διὰ
1880 3137 1914 3173 τί
1932 3136 2246 3188 ε’γκαλυπτόμεθα,
2280 3133 2334 3171 διὰ
2358 3133 2391 3170 τί

1579 3078 1605 3092 ’ἱῖ

1576 3093 1630 3123 οε,
1651 3079 1679 3115 εἷ
1700 3077 1747 3128 μὴ
1764 3077 1870 3115 κακὸν
1905 3078 1945 3114 τὸ
1974 3077 2116 3120 ἀδικεῖν,
2147 3075 2237 3113 ἀλλὰ
2273 3074 2390 3120 καλὸν,

1371 3201 1612 3251 ὀνειδιζόμενοι
1638 3202 1898 3251 ἀγανακτοῦμεν
1933 3198 1991 3235 καὶ
2020 3196 2309 3249 δυσχεραίνομεν,
2346 3195 2389 3231 Εἰ

1373 3262 1421 3314 μὴ
1438 3263 1542 3300 καλὸν
1557 3261 1596 3298 τὸ
1608 3261 1798 3298 ἀδικεῖσθαι
1814 3258 1869 3295 διὰ
1882 3258 1915 3295 τί
1928 3258 2182 3311 ἐναδρυνόμεθα
2197 3257 2256 3294 καὶ
2271 3256 2391 3305 ἐγκαλ-

1370 3322 1592 3373 λωπιζόμεθα
1621 3323 1670 3372 τῷ
1700 3319 1902 3371 προίγματι,
1934 3319 1994 3357 καὶ
2024 3316 2327 3368 δικαιολογούμεῡα
2355 3317 2389 3352 ἐν

1432 3438 1444 3451 ³
1461 3425 1548 3459 Alius
1561 3429 1659 3465 πάλιν,
1678 3428 1760 3467 jassi,
1782 3426 1910 3455 Παῦὶου.
