<?xml version="1.0" encoding="UTF-8"?>
<!DOCTYPE html PUBLIC "-//W3C//DTD XHTML 1.0 Transitional//EN"
    "http://www.w3.org/TR/xhtml1/DTD/xhtml1-transitional.dtd">
<html xmlns="http://www.w3.org/1999/xhtml" xml:lang="en" lang="en">
 <head>
  <title>
</title>
<meta http-equiv="Content-Type" content="text/html;charset=utf-8" />
  <meta name='ocr-system' content='tesseract 3.04.00' />
  <meta name='ocr-capabilities' content='ocr_page ocr_carea ocr_par ocr_line ocrx_word'/>
</head>
<body>
  <div class='ocr_page' id='page_1' title='image "./operaomniaquaeex09johnuoft/operaomniaquaeex09johnuoft_0699.png"; bbox 0 0 2502 3810; ppageno 0'>
   <div class='ocr_carea' id='block_1_1' title="bbox 706 246 927 276">
    <p class='ocr_par' dir='ltr' id='par_1_1' title="bbox 706 246 927 276">
     <span class='ocr_line' id='line_1_1' title="bbox 706 246 927 276; baseline 0.005 -1"><span class='ocrx_word' id='word_1_1' title='bbox 706 247 750 275; x_wconf 85' lang='lat' dir='ltr'>IN</span> <span class='ocrx_word' id='word_1_2' title='bbox 787 246 927 276; x_wconf 83' lang='lat' dir='ltr'>EPlsT.</span> 
     </span>
    </p>
   </div>
   <div class='ocr_carea' id='block_1_2' title="bbox 61 323 1088 2013">
    <p class='ocr_par' dir='ltr' id='par_1_2' title="bbox 61 323 1088 2013">
     <span class='ocr_line' id='line_1_2' title="bbox 67 323 1086 375; baseline 0.002 -14"><span class='ocrx_word' id='word_1_3' title='bbox 67 326 85 361; x_wconf 86' lang='grc' dir='ltr'><em>ὃ</em></span> <span class='ocrx_word' id='word_1_4' title='bbox 109 323 278 373; x_wconf 84' lang='grc' dir='ltr'>Σαμουὴλ</span> <span class='ocrx_word' id='word_1_5' title='bbox 308 327 345 362; x_wconf 83' lang='grc' dir='ltr'>οὐ</span> <span class='ocrx_word' id='word_1_6' title='bbox 376 324 527 362; x_wconf 80' lang='grc' dir='ltr'>διέλειπε</span> <span class='ocrx_word' id='word_1_7' title='bbox 562 327 693 364; x_wconf 82' lang='grc' dir='ltr'>πενθῶν</span> <span class='ocrx_word' id='word_1_8' title='bbox 737 326 794 364; x_wconf 79' lang='grc' dir='ltr'>τὸν</span> <span class='ocrx_word' id='word_1_9' title='bbox 836 326 976 375; x_wconf 72' lang='grc' dir='ltr'>Σαοὺλ,</span> <span class='ocrx_word' id='word_1_10' title='bbox 1007 326 1086 364; x_wconf 87' lang='grc' dir='ltr'>καί-</span> 
     </span>
     <span class='ocr_line' id='line_1_3' title="bbox 67 385 1088 437; baseline 0.006 -18"><span class='ocrx_word' id='word_1_11' title='bbox 67 397 120 420; x_wconf 87' lang='grc' dir='ltr'>τοι</span> <span class='ocrx_word' id='word_1_12' title='bbox 151 398 189 433; x_wconf 88' lang='grc' dir='ltr'>γε</span> <span class='ocrx_word' id='word_1_13' title='bbox 208 385 371 434; x_wconf 79' lang='grc' dir='ltr'>χαλεπῶς</span> <span class='ocrx_word' id='word_1_14' title='bbox 391 385 564 436; x_wconf 61' lang='grc' dir='ltr'>ὑδρισθεὶς</span> <span class='ocrx_word' id='word_1_15' title='bbox 583 388 666 437; x_wconf 91' lang='grc' dir='ltr'>παρ’</span> <span class='ocrx_word' id='word_1_16' title='bbox 687 388 809 434; x_wconf 81' lang='grc' dir='ltr'>αὐτοῦ,</span> <span class='ocrx_word' id='word_1_17' title='bbox 838 387 896 424; x_wconf 82' lang='grc' dir='ltr'>καὶ</span> <span class='ocrx_word' id='word_1_18' title='bbox 925 387 969 425; x_wconf 77' lang='grc' dir='ltr'>τὰ</span> <span class='ocrx_word' id='word_1_19' title='bbox 1000 387 1088 434; x_wconf 79' lang='grc' dir='ltr'>ἀνή-</span> 
     </span>
     <span class='ocr_line' id='line_1_4' title="bbox 66 445 1083 499; baseline 0.005 -19"><span class='ocrx_word' id='word_1_20' title='bbox 66 459 172 482; x_wconf 83' lang='grc' dir='ltr'>κεστα</span> <span class='ocrx_word' id='word_1_21' title='bbox 188 445 327 482; x_wconf 82' lang='grc' dir='ltr'>παθών·</span> <span class='ocrx_word' id='word_1_22' title='bbox 351 447 427 483; x_wconf 85' lang='grc' dir='ltr'>ἀλλ’</span> <span class='ocrx_word' id='word_1_23' title='bbox 445 446 538 496; x_wconf 75' lang='grc' dir='ltr'>ὅμως</span> <span class='ocrx_word' id='word_1_24' title='bbox 569 448 702 491; x_wconf 76' lang='grc' dir='ltr'>οὐδενὸς</span> <span class='ocrx_word' id='word_1_25' title='bbox 732 448 870 487; x_wconf 77' lang='grc' dir='ltr'>ἐκείνων</span> <span class='ocrx_word' id='word_1_26' title='bbox 891 448 1083 499; x_wconf 80' lang='grc' dir='ltr'>ἐμέμνητο.</span> 
     </span>
     <span class='ocr_line' id='line_1_5' title="bbox 65 503 1086 560; baseline 0.006 -19"><span class='ocrx_word' id='word_1_27' title='bbox 65 506 128 555; x_wconf 80' lang='grc' dir='ltr'>Τῷ</span> <span class='ocrx_word' id='word_1_28' title='bbox 149 503 184 542; x_wconf 81' lang='grc' dir='ltr'>δὲ</span> <span class='ocrx_word' id='word_1_29' title='bbox 200 505 373 544; x_wconf 78' lang='grc' dir='ltr'>Ἰουδαίων</span> <span class='ocrx_word' id='word_1_30' title='bbox 396 507 495 560; x_wconf 79' lang='grc' dir='ltr'>δήμῳ</span> <span class='ocrx_word' id='word_1_31' title='bbox 518 508 575 546; x_wconf 78' lang='grc' dir='ltr'>καὶ</span> <span class='ocrx_word' id='word_1_32' title='bbox 598 508 740 560; x_wconf 81' lang='grc' dir='ltr'>θρήνους</span> <span class='ocrx_word' id='word_1_33' title='bbox 755 509 929 560; x_wconf 76' lang='grc' dir='ltr'>γραπτοὺς</span> <span class='ocrx_word' id='word_1_34' title='bbox 945 513 962 547; x_wconf 84' lang='grc' dir='ltr'>ὁ</span> <span class='ocrx_word' id='word_1_35' title='bbox 976 508 1086 560; x_wconf 88' lang='grc' dir='ltr'>Ἱερε-</span> 
     </span>
     <span class='ocr_line' id='line_1_6' title="bbox 68 564 1085 620; baseline 0.005 -18"><span class='ocrx_word' id='word_1_36' title='bbox 68 564 149 614; x_wconf 84' lang='grc' dir='ltr'>μίας</span> <span class='ocrx_word' id='word_1_37' title='bbox 183 565 367 612; x_wconf 75' lang='grc' dir='ltr'>συνέθηκε·</span> <span class='ocrx_word' id='word_1_38' title='bbox 399 567 457 604; x_wconf 80' lang='grc' dir='ltr'>καὶ</span> <span class='ocrx_word' id='word_1_39' title='bbox 479 573 538 606; x_wconf 77' lang='grc' dir='ltr'>τοῦ</span> <span class='ocrx_word' id='word_1_40' title='bbox 563 573 759 620; x_wconf 88' lang='grc' dir='ltr'>στρατηγοῦ</span> <span class='ocrx_word' id='word_1_41' title='bbox 777 571 845 606; x_wconf 90' lang='grc' dir='ltr'>τῶν</span> <span class='ocrx_word' id='word_1_42' title='bbox 863 570 1011 619; x_wconf 85' lang='grc' dir='ltr'>Περσῶν</span> <span class='ocrx_word' id='word_1_43' title='bbox 1037 570 1085 606; x_wconf 83' lang='grc' dir='ltr'>δι-</span> 
     </span>
     <span class='ocr_line' id='line_1_7' title="bbox 67 624 1087 682; baseline 0.005 -20"><span class='ocrx_word' id='word_1_44' title='bbox 67 624 182 668; x_wconf 82' lang='grc' dir='ltr'>δόντος</span> <span class='ocrx_word' id='word_1_45' title='bbox 203 627 297 678; x_wconf 81' lang='grc' dir='ltr'>αὖτῶ</span> <span class='ocrx_word' id='word_1_46' title='bbox 319 627 408 678; x_wconf 81' lang='grc' dir='ltr'>μετὰ</span> <span class='ocrx_word' id='word_1_47' title='bbox 425 628 540 672; x_wconf 78' lang='grc' dir='ltr'>ἀδείας</span> <span class='ocrx_word' id='word_1_48' title='bbox 565 632 668 667; x_wconf 73' lang='grc' dir='ltr'>οἰκεῖν</span> <span class='ocrx_word' id='word_1_49' title='bbox 690 630 749 667; x_wconf 86' lang='grc' dir='ltr'>καὶ</span> <span class='ocrx_word' id='word_1_50' title='bbox 777 629 970 682; x_wconf 82' lang='grc' dir='ltr'>ἐλευθερίας</span> <span class='ocrx_word' id='word_1_51' title='bbox 993 629 1087 667; x_wconf 81' lang='grc' dir='ltr'>ἁπά-</span> 
     </span>
     <span class='ocr_line' id='line_1_8' title="bbox 67 686 1088 743; baseline 0.004 -20"><span class='ocrx_word' id='word_1_52' title='bbox 67 701 131 732; x_wconf 87' lang='grc' dir='ltr'>σης</span> <span class='ocrx_word' id='word_1_53' title='bbox 155 686 240 725; x_wconf 74' lang='grc' dir='ltr'>ὅπου</span> <span class='ocrx_word' id='word_1_54' title='bbox 267 687 440 738; x_wconf 87' lang='grc' dir='ltr'>βούλοιτο,</span> <span class='ocrx_word' id='word_1_55' title='bbox 467 689 679 742; x_wconf 82' lang='grc' dir='ltr'>προετίμησε</span> <span class='ocrx_word' id='word_1_56' title='bbox 700 692 763 743; x_wconf 73' lang='grc' dir='ltr'>τῆς</span> <span class='ocrx_word' id='word_1_57' title='bbox 793 689 881 728; x_wconf 73' lang='grc' dir='ltr'>οἴκοι</span> <span class='ocrx_word' id='word_1_58' title='bbox 908 689 1088 742; x_wconf 64' lang='grc' dir='ltr'>διατριὸἧς</span> 
     </span>
     <span class='ocr_line' id='line_1_9' title="bbox 66 746 1087 802; baseline 0.003 -18"><span class='ocrx_word' id='word_1_59' title='bbox 66 746 129 794; x_wconf 77' lang='grc' dir='ltr'>τὴν</span> <span class='ocrx_word' id='word_1_60' title='bbox 146 751 205 786; x_wconf 91' lang='grc' dir='ltr'>τοῦ</span> <span class='ocrx_word' id='word_1_61' title='bbox 224 749 309 786; x_wconf 87' lang='grc' dir='ltr'>λαοῦ</span> <span class='ocrx_word' id='word_1_62' title='bbox 344 750 533 802; x_wconf 73' lang='grc' dir='ltr'>κακουχίαν</span> <span class='ocrx_word' id='word_1_63' title='bbox 562 751 622 789; x_wconf 82' lang='grc' dir='ltr'>καὶ</span> <span class='ocrx_word' id='word_1_64' title='bbox 640 751 703 797; x_wconf 79' lang='grc' dir='ltr'>τὴν</span> <span class='ocrx_word' id='word_1_65' title='bbox 721 753 753 788; x_wconf 79' lang='grc' dir='ltr'>ἐν</span> <span class='ocrx_word' id='word_1_66' title='bbox 776 750 941 802; x_wconf 83' lang='grc' dir='ltr'>ἀλλοτρίᾳ</span> <span class='ocrx_word' id='word_1_67' title='bbox 962 751 1087 788; x_wconf 79' lang='grc' dir='ltr'>ταλαι-</span> 
     </span>
     <span class='ocr_line' id='line_1_10' title="bbox 65 807 1088 862; baseline 0 -16"><span class='ocrx_word' id='word_1_68' title='bbox 65 807 217 859; x_wconf 87' lang='grc' dir='ltr'>πωρίαν.</span> <span class='ocrx_word' id='word_1_69' title='bbox 236 808 342 847; x_wconf 78' lang='grc' dir='ltr'>Οὕτω</span> <span class='ocrx_word' id='word_1_70' title='bbox 354 810 413 847; x_wconf 84' lang='grc' dir='ltr'>καὶ</span> <span class='ocrx_word' id='word_1_71' title='bbox 432 812 585 856; x_wconf 76' lang='grc' dir='ltr'>Μωῦσῆς</span> <span class='ocrx_word' id='word_1_72' title='bbox 607 810 652 848; x_wconf 83' lang='grc' dir='ltr'>τὰ</span> <span class='ocrx_word' id='word_1_73' title='bbox 674 810 834 862; x_wconf 86' lang='grc' dir='ltr'>βασίλεια</span> <span class='ocrx_word' id='word_1_74' title='bbox 860 809 918 848; x_wconf 86' lang='grc' dir='ltr'>καὶ</span> <span class='ocrx_word' id='word_1_75' title='bbox 937 809 999 855; x_wconf 86' lang='grc' dir='ltr'>τὴν</span> <span class='ocrx_word' id='word_1_76' title='bbox 1017 811 1088 847; x_wconf 81' lang='grc' dir='ltr'>ἐκεῖ</span> 
     </span>
     <span class='ocr_line' id='line_1_11' title="bbox 67 868 1087 922; baseline 0.001 -17"><span class='ocrx_word' id='word_1_77' title='bbox 67 868 247 919; x_wconf 71' lang='grc' dir='ltr'>διατριὸὴν</span> <span class='ocrx_word' id='word_1_78' title='bbox 267 870 380 921; x_wconf 69' lang='grc' dir='ltr'>ἀφεὶς,</span> <span class='ocrx_word' id='word_1_79' title='bbox 402 871 487 922; x_wconf 81' lang='grc' dir='ltr'>πρὸς</span> <span class='ocrx_word' id='word_1_80' title='bbox 509 870 571 913; x_wconf 80' lang='grc' dir='ltr'>τὰς</span> <span class='ocrx_word' id='word_1_81' title='bbox 587 870 723 909; x_wconf 81' lang='grc' dir='ltr'>ἐκείνων</span> <span class='ocrx_word' id='word_1_82' title='bbox 748 870 876 921; x_wconf 82' lang='grc' dir='ltr'>ἔδραμε</span> <span class='ocrx_word' id='word_1_83' title='bbox 898 870 1087 920; x_wconf 81' lang='grc' dir='ltr'>συμφοράς.</span> 
     </span>
     <span class='ocr_line' id='line_1_12' title="bbox 68 928 1087 981; baseline 0.001 -15"><span class='ocrx_word' id='word_1_84' title='bbox 68 928 137 966; x_wconf 83' lang='grc' dir='ltr'>Καὶ</span> <span class='ocrx_word' id='word_1_85' title='bbox 158 929 290 976; x_wconf 77' lang='grc' dir='ltr'>Δανιὴλ</span> <span class='ocrx_word' id='word_1_86' title='bbox 320 930 354 969; x_wconf 80' lang='grc' dir='ltr'>δὲ</span> <span class='ocrx_word' id='word_1_87' title='bbox 374 931 437 969; x_wconf 59' lang='grc' dir='ltr'>*ἐν</span> <span class='ocrx_word' id='word_1_88' title='bbox 467 930 610 975; x_wconf 77' lang='grc' dir='ltr'>εἷκοσιὲξ</span> <span class='ocrx_word' id='word_1_89' title='bbox 632 930 780 981; x_wconf 77' lang='grc' dir='ltr'>ἡμέραις</span> <span class='ocrx_word' id='word_1_90' title='bbox 808 929 924 971; x_wconf 78' lang='grc' dir='ltr'>ἄσιτος</span> <span class='ocrx_word' id='word_1_91' title='bbox 942 929 1087 978; x_wconf 81' lang='grc' dir='ltr'>ἔμεινεν,</span> 
     </span>
     <span class='ocr_line' id='line_1_13' title="bbox 67 989 1086 1043; baseline 0 -17"><span class='ocrx_word' id='word_1_92' title='bbox 67 990 184 1042; x_wconf 81' lang='grc' dir='ltr'>ἄγχων</span> <span class='ocrx_word' id='word_1_93' title='bbox 202 992 322 1030; x_wconf 81' lang='grc' dir='ltr'>ἑαυτὸν</span> <span class='ocrx_word' id='word_1_94' title='bbox 341 995 384 1043; x_wconf 76' lang='grc' dir='ltr'>τῇ</span> <span class='ocrx_word' id='word_1_95' title='bbox 406 992 582 1043; x_wconf 72' lang='grc' dir='ltr'>βαρυτάτη</span> <span class='ocrx_word' id='word_1_96' title='bbox 597 991 757 1043; x_wconf 76' lang='grc' dir='ltr'>νηστεία,</span> <span class='ocrx_word' id='word_1_97' title='bbox 772 991 828 1027; x_wconf 79' lang='grc' dir='ltr'>ἵνα</span> <span class='ocrx_word' id='word_1_98' title='bbox 844 989 900 1027; x_wconf 85' lang='grc' dir='ltr'>τὸν</span> <span class='ocrx_word' id='word_1_99' title='bbox 916 991 1006 1029; x_wconf 83' lang='grc' dir='ltr'>Θεὸν</span> <span class='ocrx_word' id='word_1_100' title='bbox 1027 992 1086 1027; x_wconf 77' lang='grc' dir='ltr'>αι’)-</span> 
     </span>
     <span class='ocr_line' id='line_1_14' title="bbox 65 1050 1088 1102; baseline 0 -15"><span class='ocrx_word' id='word_1_101' title='bbox 65 1055 134 1093; x_wconf 83' lang='grc' dir='ltr'>τοῖς</span> <span class='ocrx_word' id='word_1_102' title='bbox 145 1051 423 1100; x_wconf 80' lang='grc' dir='ltr'>καταλλάξη,καὶ</span> <span class='ocrx_word' id='word_1_103' title='bbox 439 1055 469 1089; x_wconf 83' lang='grc' dir='ltr'>οἱ</span> <span class='ocrx_word' id='word_1_104' title='bbox 491 1053 611 1096; x_wconf 80' lang='grc' dir='ltr'>παῖδες</span> <span class='ocrx_word' id='word_1_105' title='bbox 624 1051 659 1089; x_wconf 79' lang='grc' dir='ltr'>δὲ</span> <span class='ocrx_word' id='word_1_106' title='bbox 678 1053 709 1089; x_wconf 83' lang='grc' dir='ltr'>οἱ</span> <span class='ocrx_word' id='word_1_107' title='bbox 723 1056 815 1102; x_wconf 85' lang='grc' dir='ltr'>τρεῖς</span> <span class='ocrx_word' id='word_1_108' title='bbox 833 1051 867 1087; x_wconf 81' lang='grc' dir='ltr'>ἐν</span> <span class='ocrx_word' id='word_1_109' title='bbox 881 1050 1018 1102; x_wconf 84' lang='grc' dir='ltr'>καμίνῳ</span> <span class='ocrx_word' id='word_1_110' title='bbox 1037 1050 1088 1087; x_wconf 85' lang='grc' dir='ltr'>ὄν-</span> 
     </span>
     <span class='ocr_line' id='line_1_15' title="bbox 64 1109 1086 1163; baseline 0.001 -16"><span class='ocrx_word' id='word_1_111' title='bbox 64 1125 119 1153; x_wconf 89' lang='grc' dir='ltr'>τες</span> <span class='ocrx_word' id='word_1_112' title='bbox 138 1111 197 1148; x_wconf 83' lang='grc' dir='ltr'>καὶ</span> <span class='ocrx_word' id='word_1_113' title='bbox 214 1111 366 1162; x_wconf 84' lang='grc' dir='ltr'>τοσούτῳ</span> <span class='ocrx_word' id='word_1_114' title='bbox 385 1112 484 1163; x_wconf 83' lang='grc' dir='ltr'>πυρὶ,</span> <span class='ocrx_word' id='word_1_115' title='bbox 502 1112 564 1159; x_wconf 73' lang='grc' dir='ltr'>τὴν</span> <span class='ocrx_word' id='word_1_116' title='bbox 583 1111 670 1163; x_wconf 77' lang='grc' dir='ltr'>ὖπὲρ</span> <span class='ocrx_word' id='word_1_117' title='bbox 688 1113 799 1149; x_wconf 76' lang='grc' dir='ltr'>αὐτῶν</span> <span class='ocrx_word' id='word_1_118' title='bbox 814 1109 990 1163; x_wconf 84' lang='grc' dir='ltr'>ἱκετηρίαν</span> <span class='ocrx_word' id='word_1_119' title='bbox 1004 1109 1086 1148; x_wconf 81' lang='grc' dir='ltr'>ἀνέ-</span> 
     </span>
     <span class='ocr_line' id='line_1_16' title="bbox 64 1170 1086 1223; baseline 0.002 -17"><span class='ocrx_word' id='word_1_120' title='bbox 64 1185 180 1222; x_wconf 77' lang='grc' dir='ltr'>φερον.</span> <span class='ocrx_word' id='word_1_121' title='bbox 197 1172 249 1208; x_wconf 78' lang='grc' dir='ltr'>Οὐ</span> <span class='ocrx_word' id='word_1_122' title='bbox 268 1170 337 1223; x_wconf 80' lang='grc' dir='ltr'>γὰρ</span> <span class='ocrx_word' id='word_1_123' title='bbox 357 1170 397 1218; x_wconf 79' lang='grc' dir='ltr'>δὴ</span> <span class='ocrx_word' id='word_1_124' title='bbox 419 1171 505 1223; x_wconf 77' lang='grc' dir='ltr'>ὑπὲρ</span> <span class='ocrx_word' id='word_1_125' title='bbox 523 1174 654 1210; x_wconf 81' lang='grc' dir='ltr'>ἑαυτῶν</span> <span class='ocrx_word' id='word_1_126' title='bbox 668 1171 794 1222; x_wconf 71' lang='grc' dir='ltr'>ἤλγουν</span> <span class='ocrx_word' id='word_1_127' title='bbox 814 1173 882 1208; x_wconf 88' lang='grc' dir='ltr'>τῶν</span> <span class='ocrx_word' id='word_1_128' title='bbox 903 1170 1086 1221; x_wconf 75' lang='grc' dir='ltr'>σεσωσμέ-</span> 
     </span>
     <span class='ocr_line' id='line_1_17' title="bbox 63 1231 1085 1285; baseline 0.002 -19"><span class='ocrx_word' id='word_1_129' title='bbox 63 1244 130 1267; x_wconf 86' lang='grc' dir='ltr'>νων</span> <span class='ocrx_word' id='word_1_130' title='bbox 144 1245 151 1252; x_wconf 93' lang='grc'><em>“</em></span> <span class='ocrx_word' id='word_1_131' title='bbox 168 1231 244 1267; x_wconf 80' lang='grc' dir='ltr'>ἀλλ’</span> <span class='ocrx_word' id='word_1_132' title='bbox 259 1231 377 1278; x_wconf 80' lang='grc' dir='ltr'>ἐπειδὴ</span> <span class='ocrx_word' id='word_1_133' title='bbox 392 1231 470 1270; x_wconf 86' lang='grc' dir='ltr'>τότε</span> <span class='ocrx_word' id='word_1_134' title='bbox 483 1231 635 1282; x_wconf 81' lang='grc' dir='ltr'>μάλιστα</span> <span class='ocrx_word' id='word_1_135' title='bbox 649 1232 757 1284; x_wconf 84' lang='grc' dir='ltr'>ᾤοντο</span> <span class='ocrx_word' id='word_1_136' title='bbox 771 1231 969 1285; x_wconf 72' lang='grc' dir='ltr'>παρρησίαν</span> <span class='ocrx_word' id='word_1_137' title='bbox 980 1231 1085 1283; x_wconf 74' lang='grc' dir='ltr'>ἔχειν,</span> 
     </span>
     <span class='ocr_line' id='line_1_18' title="bbox 65 1289 1085 1343; baseline 0.002 -16"><span class='ocrx_word' id='word_1_138' title='bbox 65 1289 122 1327; x_wconf 79' lang='grc' dir='ltr'>διὰ</span> <span class='ocrx_word' id='word_1_139' title='bbox 142 1294 244 1327; x_wconf 88' lang='grc' dir='ltr'>τοῦτο</span> <span class='ocrx_word' id='word_1_140' title='bbox 271 1291 356 1343; x_wconf 77' lang='grc' dir='ltr'>ὑπὲρ</span> <span class='ocrx_word' id='word_1_141' title='bbox 389 1294 500 1330; x_wconf 80' lang='grc' dir='ltr'>αὐτῶν</span> <span class='ocrx_word' id='word_1_142' title='bbox 524 1293 669 1331; x_wconf 80' lang='grc' dir='ltr'>ἐδέοντο.</span> <span class='ocrx_word' id='word_1_143' title='bbox 698 1293 762 1331; x_wconf 83' lang='grc' dir='ltr'>Διὸ</span> <span class='ocrx_word' id='word_1_144' title='bbox 790 1292 849 1329; x_wconf 85' lang='grc' dir='ltr'>καὶ</span> <span class='ocrx_word' id='word_1_145' title='bbox 879 1292 1007 1343; x_wconf 83' lang='grc' dir='ltr'>ἔλεγον,</span> <span class='ocrx_word' id='word_1_146' title='bbox 1024 1291 1085 1330; x_wconf 82' lang='grc' dir='ltr'>Ἔν</span> 
     </span>
     <span class='ocr_line' id='line_1_19' title="bbox 63 1351 1086 1405; baseline 0.002 -17"><span class='ocrx_word' id='word_1_147' title='bbox 63 1352 158 1402; x_wconf 72' lang='grc' dir='ltr'>ψυχῇ</span> <span class='ocrx_word' id='word_1_148' title='bbox 174 1351 446 1404; x_wconf 81' lang='grc' dir='ltr'>συντετριμμένῃ</span> <span class='ocrx_word' id='word_1_149' title='bbox 459 1353 518 1390; x_wconf 78' lang='grc' dir='ltr'>καὶ</span> <span class='ocrx_word' id='word_1_150' title='bbox 531 1352 705 1403; x_wconf 86' lang='grc' dir='ltr'>πνεύματι</span> <span class='ocrx_word' id='word_1_151' title='bbox 721 1352 961 1396; x_wconf 82' lang='grc' dir='ltr'>ταπεινώσεως</span> <span class='ocrx_word' id='word_1_152' title='bbox 975 1368 1086 1405; x_wconf 89' lang='grc' dir='ltr'>προσ-</span> 
     </span>
     <span class='ocr_line' id='line_1_20' title="bbox 64 1411 1086 1466; baseline 0.004 -18"><span class='ocrx_word' id='word_1_153' title='bbox 64 1411 280 1463; x_wconf 71' lang='grc' dir='ltr'>δεχθείημεν.</span> <span class='ocrx_word' id='word_1_154' title='bbox 298 1412 364 1450; x_wconf 78' lang='grc' dir='ltr'>Διὰ</span> <span class='ocrx_word' id='word_1_155' title='bbox 382 1412 519 1457; x_wconf 77' lang='grc' dir='ltr'>τούτους</span> <span class='ocrx_word' id='word_1_156' title='bbox 547 1414 606 1451; x_wconf 79' lang='grc' dir='ltr'>καὶ</span> <span class='ocrx_word' id='word_1_157' title='bbox 630 1414 763 1460; x_wconf 83' lang='grc' dir='ltr'>Ἰησοῦς</span> <span class='ocrx_word' id='word_1_158' title='bbox 788 1413 832 1451; x_wconf 83' lang='grc' dir='ltr'>τὰ</span> <span class='ocrx_word' id='word_1_159' title='bbox 849 1413 973 1464; x_wconf 78' lang='grc' dir='ltr'>ἱμάτια</span> <span class='ocrx_word' id='word_1_160' title='bbox 994 1414 1086 1466; x_wconf 72' lang='grc' dir='ltr'>διέρ-</span> 
     </span>
     <span class='ocr_line' id='line_1_21' title="bbox 65 1473 1085 1527; baseline 0.002 -16"><span class='ocrx_word' id='word_1_161' title='bbox 65 1473 164 1525; x_wconf 76' lang='grc' dir='ltr'>ῥηξε’</span> <span class='ocrx_word' id='word_1_162' title='bbox 188 1473 244 1512; x_wconf 78' lang='grc' dir='ltr'>διὰ</span> <span class='ocrx_word' id='word_1_163' title='bbox 263 1474 401 1517; x_wconf 80' lang='grc' dir='ltr'>τούτους</span> <span class='ocrx_word' id='word_1_164' title='bbox 422 1475 480 1512; x_wconf 85' lang='grc' dir='ltr'>καὶ</span> <span class='ocrx_word' id='word_1_165' title='bbox 504 1474 675 1522; x_wconf 85' lang='grc' dir='ltr'>Ἴεζεκιὴλ</span> <span class='ocrx_word' id='word_1_166' title='bbox 694 1475 829 1527; x_wconf 78' lang='grc' dir='ltr'>ἐθρήνει</span> <span class='ocrx_word' id='word_1_167' title='bbox 856 1475 915 1513; x_wconf 81' lang='grc' dir='ltr'>καὶ</span> <span class='ocrx_word' id='word_1_168' title='bbox 951 1475 1085 1527; x_wconf 71' lang='grc' dir='ltr'>ὠλοφύ-</span> 
     </span>
     <span class='ocr_line' id='line_1_22' title="bbox 66 1535 1085 1588; baseline 0.002 -16"><span class='ocrx_word' id='word_1_169' title='bbox 66 1550 143 1587; x_wconf 92' lang='grc' dir='ltr'>ρετο</span> <span class='ocrx_word' id='word_1_170' title='bbox 178 1535 504 1586; x_wconf 81' lang='grc' dir='ltr'>κατακοπτομένους</span> <span class='ocrx_word' id='word_1_171' title='bbox 537 1538 644 1588; x_wconf 83' lang='grc' dir='ltr'>ὁρῶν·</span> <span class='ocrx_word' id='word_1_172' title='bbox 672 1536 730 1574; x_wconf 78' lang='grc' dir='ltr'>καὶ</span> <span class='ocrx_word' id='word_1_173' title='bbox 752 1535 922 1588; x_wconf 82' lang='grc' dir='ltr'>Ἱερεμίας</span> <span class='ocrx_word' id='word_1_174' title='bbox 957 1535 1085 1588; x_wconf 82' lang='grc' dir='ltr'>ἔλεγεν,</span> 
     </span>
     <span class='ocr_line' id='line_1_23' title="bbox 64 1594 1085 1650; baseline 0.004 -18"><span class='ocrx_word' id='word_1_175' title='bbox 64 1594 188 1647; x_wconf 69' lang='grc' dir='ltr'>Ἄφετέ</span> <span class='ocrx_word' id='word_1_176' title='bbox 208 1612 272 1646; x_wconf 90' lang='grc' dir='ltr'>με,</span> <span class='ocrx_word' id='word_1_177' title='bbox 293 1598 427 1647; x_wconf 85' lang='grc' dir='ltr'>πικρῶς</span> <span class='ocrx_word' id='word_1_178' title='bbox 457 1596 664 1647; x_wconf 87' lang='grc' dir='ltr'>κλαύσομαι.</span> <span class='ocrx_word' id='word_1_179' title='bbox 704 1597 773 1635; x_wconf 86' lang='grc' dir='ltr'>Καὶ</span> <span class='ocrx_word' id='word_1_180' title='bbox 794 1597 861 1650; x_wconf 86' lang='grc' dir='ltr'>πρὸ</span> <span class='ocrx_word' id='word_1_181' title='bbox 880 1597 1000 1636; x_wconf 88' lang='grc' dir='ltr'>τούτου</span> <span class='ocrx_word' id='word_1_182' title='bbox 1032 1596 1085 1643; x_wconf 82' lang='grc' dir='ltr'>δὲ,</span> 
     </span>
     <span class='ocr_line' id='line_1_24' title="bbox 63 1655 1087 1711; baseline 0.003 -18"><span class='ocrx_word' id='word_1_183' title='bbox 63 1655 184 1702; x_wconf 73' lang='grc' dir='ltr'>ἐπειδὴ</span> <span class='ocrx_word' id='word_1_184' title='bbox 213 1656 357 1700; x_wconf 81' lang='grc' dir='ltr'>ἀξιῶσαι</span> <span class='ocrx_word' id='word_1_185' title='bbox 384 1656 471 1708; x_wconf 81' lang='grc' dir='ltr'>ὑπὲρ</span> <span class='ocrx_word' id='word_1_186' title='bbox 497 1658 751 1711; x_wconf 73' lang='grc' dir='ltr'>συγχωρήσεως</span> <span class='ocrx_word' id='word_1_187' title='bbox 771 1660 838 1695; x_wconf 88' lang='grc' dir='ltr'>τῶν</span> <span class='ocrx_word' id='word_1_188' title='bbox 864 1659 981 1696; x_wconf 89' lang='grc' dir='ltr'>δεινῶν</span> <span class='ocrx_word' id='word_1_189' title='bbox 1001 1673 1087 1696; x_wconf 85' lang='grc' dir='ltr'>παν-</span> 
     </span>
     <span class='ocr_line' id='line_1_25' title="bbox 64 1716 1087 1770; baseline 0.003 -17"><span class='ocrx_word' id='word_1_190' title='bbox 64 1717 183 1760; x_wconf 84' lang='grc' dir='ltr'>τελοῦς</span> <span class='ocrx_word' id='word_1_191' title='bbox 213 1718 274 1754; x_wconf 76' lang='grc' dir='ltr'>οὐκ</span> <span class='ocrx_word' id='word_1_192' title='bbox 306 1716 454 1767; x_wconf 79' lang='grc' dir='ltr'>ἐτόλμα,</span> <span class='ocrx_word' id='word_1_193' title='bbox 476 1718 691 1770; x_wconf 83' lang='grc' dir='ltr'>προθεσμίαν</span> <span class='ocrx_word' id='word_1_194' title='bbox 711 1718 825 1765; x_wconf 79' lang='grc' dir='ltr'>ἐζήτει</span> <span class='ocrx_word' id='word_1_195' title='bbox 844 1718 968 1770; x_wconf 78' lang='grc' dir='ltr'>λέγων,</span> <span class='ocrx_word' id='word_1_196' title='bbox 990 1717 1087 1761; x_wconf 51' lang='grc' dir='ltr'>(Ἕως</span> 
     </span>
     <span class='ocr_line' id='line_1_26' title="bbox 64 1776 1088 1831; baseline 0.003 -17"><span class='ocrx_word' id='word_1_197' title='bbox 64 1776 167 1824; x_wconf 82' lang='grc' dir='ltr'>πότε,</span> <span class='ocrx_word' id='word_1_198' title='bbox 179 1777 303 1829; x_wconf 85' lang='grc' dir='ltr'>Κύριε;</span> <span class='ocrx_word' id='word_1_199' title='bbox 325 1777 550 1830; x_wconf 76' lang='grc' dir='ltr'>φιλόστοργον</span> <span class='ocrx_word' id='word_1_200' title='bbox 566 1778 632 1831; x_wconf 86' lang='grc' dir='ltr'>γὰρ</span> <span class='ocrx_word' id='word_1_201' title='bbox 650 1779 742 1817; x_wconf 84' lang='grc' dir='ltr'>ἅπαν</span> <span class='ocrx_word' id='word_1_202' title='bbox 761 1779 799 1817; x_wconf 85' lang='grc' dir='ltr'>τὸ</span> <span class='ocrx_word' id='word_1_203' title='bbox 819 1781 886 1817; x_wconf 89' lang='grc' dir='ltr'>τῶν</span> <span class='ocrx_word' id='word_1_204' title='bbox 905 1779 1013 1830; x_wconf 83' lang='grc' dir='ltr'>ἁγίων</span> <span class='ocrx_word' id='word_1_205' title='bbox 1033 1779 1088 1830; x_wconf 81' lang='grc' dir='ltr'>γέ-</span> 
     </span>
     <span class='ocr_line' id='line_1_27' title="bbox 63 1836 1088 1892; baseline 0.003 -17"><span class='ocrx_word' id='word_1_206' title='bbox 63 1853 129 1881; x_wconf 91' lang='grc' dir='ltr'>νος.</span> <span class='ocrx_word' id='word_1_207' title='bbox 163 1838 225 1876; x_wconf 81' lang='grc' dir='ltr'>Διὸ</span> <span class='ocrx_word' id='word_1_208' title='bbox 248 1838 307 1876; x_wconf 78' lang='grc' dir='ltr'>καὶ</span> <span class='ocrx_word' id='word_1_209' title='bbox 340 1841 357 1876; x_wconf 86' lang='grc' dir='ltr'><em>ὃ</em></span> <span class='ocrx_word' id='word_1_210' title='bbox 392 1841 531 1883; x_wconf 86' lang='grc' dir='ltr'>Παῦλος</span> <span class='ocrx_word' id='word_1_211' title='bbox 567 1839 699 1892; x_wconf 79' lang='grc' dir='ltr'>ἔλεγεν·</span> <span class='ocrx_word' id='word_1_212' title='bbox 719 1839 931 1878; x_wconf 77' lang='grc' dir='ltr'>Ἐνδύσασθε</span> <span class='ocrx_word' id='word_1_213' title='bbox 952 1836 1022 1888; x_wconf 74' lang='grc' dir='ltr'>οῦν,</span> <span class='ocrx_word' id='word_1_214' title='bbox 1041 1843 1088 1883; x_wconf 85' lang='grc' dir='ltr'>ὡς</span> 
     </span>
     <span class='ocr_line' id='line_1_28' title="bbox 61 1898 1087 1955; baseline 0.004 -20"><span class='ocrx_word' id='word_1_215' title='bbox 61 1898 218 1937; x_wconf 80' lang='grc' dir='ltr'>ἐκλεκτοὶ</span> <span class='ocrx_word' id='word_1_216' title='bbox 239 1901 332 1937; x_wconf 91' lang='grc' dir='ltr'>Θεοῦ</span> <span class='ocrx_word' id='word_1_217' title='bbox 364 1900 473 1951; x_wconf 85' lang='grc' dir='ltr'>ἅγιοι,</span> <span class='ocrx_word' id='word_1_218' title='bbox 507 1901 693 1953; x_wconf 57' lang='grc' dir='ltr'>σπλάγχνα</span> <span class='ocrx_word' id='word_1_219' title='bbox 713 1903 914 1954; x_wconf 86' lang='grc' dir='ltr'>οἰκτιρμῶν,</span> <span class='ocrx_word' id='word_1_220' title='bbox 935 1901 1087 1955; x_wconf 73' lang='grc' dir='ltr'>χρηστό-</span> 
     </span>
     <span class='ocr_line' id='line_1_29' title="bbox 63 1960 525 2013; baseline 0.006 -18"><span class='ocrx_word' id='word_1_221' title='bbox 63 1974 152 2006; x_wconf 86' lang='grc' dir='ltr'>τητα</span> <span class='ocrx_word' id='word_1_222' title='bbox 161 1988 170 2006; x_wconf 92' lang='grc'>,</span> <span class='ocrx_word' id='word_1_223' title='bbox 192 1960 510 2013; x_wconf 73' lang='grc' dir='ltr'>ταπεινοφροσύνην</span> <span class='ocrx_word' id='word_1_224' title='bbox 519 1990 525 1998; x_wconf 93' lang='grc'>.</span> 
     </span>
    </p>
   </div>
   <div class='ocr_carea' id='block_1_3' title="bbox 59 2150 1087 3059">
    <p class='ocr_par' dir='ltr' id='par_1_3' title="bbox 59 2150 1087 3059">
     <span class='ocr_line' id='line_1_30' title="bbox 115 2150 1084 2205; baseline 0.005 -16"><span class='ocrx_word' id='word_1_225' title='bbox 115 2150 223 2203; x_wconf 76' lang='grc' dir='ltr'>Ὁρᾷς</span> <span class='ocrx_word' id='word_1_226' title='bbox 237 2150 300 2198; x_wconf 82' lang='grc' dir='ltr'>τὴν</span> <span class='ocrx_word' id='word_1_227' title='bbox 317 2151 496 2204; x_wconf 71' lang='grc' dir='ltr'>ἀκρίὸειαν</span> <span class='ocrx_word' id='word_1_228' title='bbox 512 2157 572 2192; x_wconf 88' lang='grc' dir='ltr'>τοῦ</span> <span class='ocrx_word' id='word_1_229' title='bbox 593 2153 766 2205; x_wconf 74' lang='grc' dir='ltr'>ῥήματος,</span> <span class='ocrx_word' id='word_1_230' title='bbox 791 2155 850 2193; x_wconf 88' lang='grc' dir='ltr'>καὶ</span> <span class='ocrx_word' id='word_1_231' title='bbox 872 2157 946 2198; x_wconf 86' lang='grc' dir='ltr'>πῶς</span> <span class='ocrx_word' id='word_1_232' title='bbox 972 2157 1084 2202; x_wconf 83' lang='grc' dir='ltr'>διηνε-</span> 
     </span>
     <span class='ocr_line' id='line_1_31' title="bbox 60 2208 1087 2268; baseline 0.005 -19"><span class='ocrx_word' id='word_1_233' title='bbox 60 2214 132 2255; x_wconf 81' lang='grc' dir='ltr'>κῶς</span> <span class='ocrx_word' id='word_1_234' title='bbox 159 2212 347 2263; x_wconf 76' lang='grc' dir='ltr'>ἐλεήμονας</span> <span class='ocrx_word' id='word_1_235' title='bbox 367 2216 460 2264; x_wconf 77' lang='grc' dir='ltr'>ἡμᾶς</span> <span class='ocrx_word' id='word_1_236' title='bbox 486 2213 646 2264; x_wconf 76' lang='grc' dir='ltr'>βούλεται</span> <span class='ocrx_word' id='word_1_237' title='bbox 666 2208 770 2262; x_wconf 61' lang='grc' dir='ltr'>εἶναι,</span> <span class='ocrx_word' id='word_1_238' title='bbox 797 2217 849 2253; x_wconf 79' lang='grc' dir='ltr'>Οὐ</span> <span class='ocrx_word' id='word_1_239' title='bbox 879 2215 946 2268; x_wconf 83' lang='grc' dir='ltr'>γὰρ</span> <span class='ocrx_word' id='word_1_240' title='bbox 977 2210 1087 2266; x_wconf 66' lang='grc' dir='ltr'>εἶπεν,</span> 
     </span>
     <span class='ocr_line' id='line_1_32' title="bbox 60 2273 1085 2330; baseline 0.005 -19"><span class='ocrx_word' id='word_1_241' title='bbox 60 2273 228 2321; x_wconf 79' lang='grc' dir='ltr'>ἐλεήσατε</span> <span class='ocrx_word' id='word_1_242' title='bbox 245 2275 379 2322; x_wconf 83' lang='grc' dir='ltr'>ἁπλῶς,</span> <span class='ocrx_word' id='word_1_243' title='bbox 396 2275 487 2321; x_wconf 85' lang='grc' dir='ltr'>ἀλλ’,</span> <span class='ocrx_word' id='word_1_244' title='bbox 498 2275 711 2314; x_wconf 79' lang='grc' dir='ltr'>Ἐνδύσασθε</span> <span class='ocrx_word' id='word_1_245' title='bbox 725 2292 732 2300; x_wconf 92' lang='grc'><em>·</em></span> <span class='ocrx_word' id='word_1_246' title='bbox 743 2276 799 2315; x_wconf 78' lang='grc' dir='ltr'>ἵνα</span> <span class='ocrx_word' id='word_1_247' title='bbox 815 2276 934 2330; x_wconf 77' lang='grc' dir='ltr'>ὥσπερ</span> <span class='ocrx_word' id='word_1_248' title='bbox 946 2277 985 2315; x_wconf 85' lang='grc' dir='ltr'>τὸ</span> <span class='ocrx_word' id='word_1_249' title='bbox 1006 2279 1085 2329; x_wconf 80' lang='grc' dir='ltr'>ἱμά-</span> 
     </span>
     <span class='ocr_line' id='line_1_33' title="bbox 59 2334 1085 2389; baseline 0.006 -17"><span class='ocrx_word' id='word_1_250' title='bbox 59 2349 131 2372; x_wconf 89' lang='grc' dir='ltr'>τιον</span> <span class='ocrx_word' id='word_1_251' title='bbox 148 2334 201 2374; x_wconf 85' lang='grc' dir='ltr'>ἀεὶ</span> <span class='ocrx_word' id='word_1_252' title='bbox 218 2336 292 2386; x_wconf 83' lang='grc' dir='ltr'>μεθ’</span> <span class='ocrx_word' id='word_1_253' title='bbox 312 2337 414 2385; x_wconf 77' lang='grc' dir='ltr'>ἡμῶν</span> <span class='ocrx_word' id='word_1_254' title='bbox 431 2337 538 2383; x_wconf 80' lang='grc' dir='ltr'>ἐστιν,</span> <span class='ocrx_word' id='word_1_255' title='bbox 557 2336 647 2374; x_wconf 80' lang='grc' dir='ltr'>οὕτω</span> <span class='ocrx_word' id='word_1_256' title='bbox 661 2337 750 2384; x_wconf 78' lang='grc' dir='ltr'>καὶὴ</span> <span class='ocrx_word' id='word_1_257' title='bbox 770 2338 997 2389; x_wconf 80' lang='grc' dir='ltr'>ἐλεημοσύνη.</span> <span class='ocrx_word' id='word_1_258' title='bbox 1015 2340 1085 2377; x_wconf 81' lang='grc' dir='ltr'>Καὶ</span> 
     </span>
     <span class='ocr_line' id='line_1_34' title="bbox 60 2390 1084 2453; baseline 0.005 -18"><span class='ocrx_word' id='word_1_259' title='bbox 60 2398 122 2435; x_wconf 82' lang='grc' dir='ltr'>οὐκ</span> <span class='ocrx_word' id='word_1_260' title='bbox 154 2390 249 2434; x_wconf 64' lang='grc' dir='ltr'>εἶπεν</span> <span class='ocrx_word' id='word_1_261' title='bbox 292 2397 411 2440; x_wconf 84' lang='grc' dir='ltr'>ἁπλῶς</span> <span class='ocrx_word' id='word_1_262' title='bbox 446 2398 700 2449; x_wconf 81' lang='grc' dir='ltr'>ἐλεημοσύνην,</span> <span class='ocrx_word' id='word_1_263' title='bbox 735 2399 826 2438; x_wconf 85' lang='grc' dir='ltr'>ἀλλὰ</span> <span class='ocrx_word' id='word_1_264' title='bbox 841 2430 850 2447; x_wconf 92' lang='grc'>,</span> <span class='ocrx_word' id='word_1_265' title='bbox 887 2400 1084 2453; x_wconf 80' lang='grc' dir='ltr'>Σπλάγχνα</span> 
     </span>
     <span class='ocr_line' id='line_1_35' title="bbox 61 2457 1083 2514; baseline 0.006 -20"><span class='ocrx_word' id='word_1_266' title='bbox 61 2462 75 2477; x_wconf 78' lang='lat'><strong>³</strong></span> <span class='ocrx_word' id='word_1_267' title='bbox 92 2459 294 2510; x_wconf 79' lang='grc' dir='ltr'>οἰκτιρμῶν,</span> <span class='ocrx_word' id='word_1_268' title='bbox 323 2457 379 2495; x_wconf 73' lang='grc' dir='ltr'>ἵνα</span> <span class='ocrx_word' id='word_1_269' title='bbox 399 2458 545 2514; x_wconf 69' lang='grc' dir='ltr'>φυσικὴν</span> <span class='ocrx_word' id='word_1_270' title='bbox 564 2458 802 2510; x_wconf 85' lang='grc' dir='ltr'>μιμησώμεθα</span> <span class='ocrx_word' id='word_1_271' title='bbox 827 2461 1083 2513; x_wconf 82' lang='grc' dir='ltr'>φιλοστοργίαν.</span> 
     </span>
     <span class='ocr_line' id='line_1_36' title="bbox 62 2516 1084 2572; baseline 0.006 -18"><span class='ocrx_word' id='word_1_272' title='bbox 62 2516 153 2554; x_wconf 77' lang='grc' dir='ltr'>Ἀλλ’</span> <span class='ocrx_word' id='word_1_273' title='bbox 174 2521 274 2566; x_wconf 83' lang='grc' dir='ltr'>ἡμεῖς</span> <span class='ocrx_word' id='word_1_274' title='bbox 293 2517 459 2556; x_wconf 85' lang='grc' dir='ltr'>τάναντία</span> <span class='ocrx_word' id='word_1_275' title='bbox 480 2523 643 2569; x_wconf 87' lang='grc' dir='ltr'>ποιοῦμεν</span> <span class='ocrx_word' id='word_1_276' title='bbox 658 2535 665 2542; x_wconf 88' lang='grc'><em>·</em></span> <span class='ocrx_word' id='word_1_277' title='bbox 687 2520 750 2557; x_wconf 83' lang='grc' dir='ltr'>κᾶν</span> <span class='ocrx_word' id='word_1_278' title='bbox 767 2520 941 2572; x_wconf 83' lang='grc' dir='ltr'>προσέλθῃ</span> <span class='ocrx_word' id='word_1_279' title='bbox 958 2537 1009 2565; x_wconf 91' lang='grc' dir='ltr'>τις</span> <span class='ocrx_word' id='word_1_280' title='bbox 1028 2525 1084 2560; x_wconf 87' lang='grc' dir='ltr'>αἷ-</span> 
     </span>
     <span class='ocr_line' id='line_1_37' title="bbox 62 2577 1082 2632; baseline 0.006 -18"><span class='ocrx_word' id='word_1_281' title='bbox 62 2578 131 2614; x_wconf 83' lang='grc' dir='ltr'>τῶν</span> <span class='ocrx_word' id='word_1_282' title='bbox 166 2577 284 2615; x_wconf 72' lang='grc' dir='ltr'>ὀὸολὸν</span> <span class='ocrx_word' id='word_1_283' title='bbox 311 2577 391 2625; x_wconf 78' lang='grc' dir='ltr'>ἕνα,</span> <span class='ocrx_word' id='word_1_284' title='bbox 413 2578 609 2629; x_wconf 68' lang='grc' dir='ltr'>ὓῧρίζομεν,</span> <span class='ocrx_word' id='word_1_285' title='bbox 630 2581 866 2632; x_wconf 78' lang='grc' dir='ltr'>λοιδοροῦμεν,</span> <span class='ocrx_word' id='word_1_286' title='bbox 887 2580 904 2600; x_wconf 78' lang='lat'>¹³</span> <span class='ocrx_word' id='word_1_287' title='bbox 922 2582 1082 2629; x_wconf 79' lang='grc' dir='ltr'>ἕπιθέτην</span> 
     </span>
     <span class='ocr_line' id='line_1_38' title="bbox 63 2637 1082 2692; baseline 0.005 -17"><span class='ocrx_word' id='word_1_288' title='bbox 63 2639 248 2688; x_wconf 80' lang='grc' dir='ltr'>καλοῦμεν.</span> <span class='ocrx_word' id='word_1_289' title='bbox 265 2640 317 2676; x_wconf 78' lang='grc' dir='ltr'>Οὔ</span> <span class='ocrx_word' id='word_1_290' title='bbox 334 2637 503 2691; x_wconf 74' lang='grc' dir='ltr'>φρίττεις,</span> <span class='ocrx_word' id='word_1_291' title='bbox 521 2639 699 2692; x_wconf 79' lang='grc' dir='ltr'>ἄνθρωπε,</span> <span class='ocrx_word' id='word_1_292' title='bbox 720 2644 781 2677; x_wconf 82' lang='grc' dir='ltr'>οὔκ</span> <span class='ocrx_word' id='word_1_293' title='bbox 809 2643 983 2692; x_wconf 76' lang='grc' dir='ltr'>ἐρυθριᾷς,</span> <span class='ocrx_word' id='word_1_294' title='bbox 1000 2644 1082 2680; x_wconf 79' lang='grc' dir='ltr'>ἐπι·</span> 
     </span>
     <span class='ocr_line' id='line_1_39' title="bbox 63 2697 1082 2751; baseline 0.005 -16"><span class='ocrx_word' id='word_1_295' title='bbox 63 2697 163 2746; x_wconf 80' lang='grc' dir='ltr'>θέτην</span> <span class='ocrx_word' id='word_1_296' title='bbox 184 2697 269 2751; x_wconf 75' lang='grc' dir='ltr'>ὑπὲρ</span> <span class='ocrx_word' id='word_1_297' title='bbox 292 2698 395 2750; x_wconf 85' lang='grc' dir='ltr'>ἄρτου</span> <span class='ocrx_word' id='word_1_298' title='bbox 413 2701 550 2747; x_wconf 81' lang='grc' dir='ltr'>καλῶν;</span> <span class='ocrx_word' id='word_1_299' title='bbox 572 2701 616 2737; x_wconf 85' lang='grc' dir='ltr'>Εἰ</span> <span class='ocrx_word' id='word_1_300' title='bbox 637 2699 671 2738; x_wconf 82' lang='grc' dir='ltr'>δὲ</span> <span class='ocrx_word' id='word_1_301' title='bbox 690 2701 749 2738; x_wconf 82' lang='grc' dir='ltr'>καὶ</span> <span class='ocrx_word' id='word_1_302' title='bbox 765 2700 917 2739; x_wconf 79' lang='grc' dir='ltr'>ἐπίθεσιν</span> <span class='ocrx_word' id='word_1_303' title='bbox 937 2704 954 2739; x_wconf 86' lang='grc' dir='ltr'>ὃ</span> <span class='ocrx_word' id='word_1_304' title='bbox 973 2707 1082 2741; x_wconf 84' lang='grc' dir='ltr'>τοιοῦ-</span> 
     </span>
     <span class='ocr_line' id='line_1_40' title="bbox 61 2759 1081 2810; baseline 0.005 -14"><span class='ocrx_word' id='word_1_305' title='bbox 61 2775 119 2803; x_wconf 89' lang='grc' dir='ltr'>τος</span> <span class='ocrx_word' id='word_1_306' title='bbox 133 2764 246 2807; x_wconf 85' lang='grc' dir='ltr'>ποιεῖ,</span> <span class='ocrx_word' id='word_1_307' title='bbox 266 2759 322 2797; x_wconf 79' lang='grc' dir='ltr'>διὰ</span> <span class='ocrx_word' id='word_1_308' title='bbox 343 2764 441 2798; x_wconf 88' lang='grc' dir='ltr'>τοῦτο</span> <span class='ocrx_word' id='word_1_309' title='bbox 460 2760 518 2798; x_wconf 77' lang='grc' dir='ltr'>καὶ</span> <span class='ocrx_word' id='word_1_310' title='bbox 539 2762 706 2799; x_wconf 79' lang='grc' dir='ltr'>ἐλεεῖσθαι</span> <span class='ocrx_word' id='word_1_311' title='bbox 739 2760 888 2810; x_wconf 87' lang='grc' dir='ltr'>δίκαιος,</span> <span class='ocrx_word' id='word_1_312' title='bbox 905 2761 956 2801; x_wconf 75' lang='grc' dir='ltr'>ὅτι</span> <span class='ocrx_word' id='word_1_313' title='bbox 973 2763 1081 2808; x_wconf 75' lang='grc' dir='ltr'>οὕτως</span> 
     </span>
     <span class='ocr_line' id='line_1_41' title="bbox 59 2821 1080 2876; baseline 0.005 -18"><span class='ocrx_word' id='word_1_314' title='bbox 59 2821 128 2859; x_wconf 78' lang='grc' dir='ltr'>ὑπὸ</span> <span class='ocrx_word' id='word_1_315' title='bbox 154 2821 259 2871; x_wconf 87' lang='grc' dir='ltr'>λιμοῦ</span> <span class='ocrx_word' id='word_1_316' title='bbox 294 2821 449 2865; x_wconf 80' lang='grc' dir='ltr'>πιέζεται</span> <span class='ocrx_word' id='word_1_317' title='bbox 478 2824 524 2864; x_wconf 81' lang='grc' dir='ltr'>ὡς</span> <span class='ocrx_word' id='word_1_318' title='bbox 552 2825 705 2860; x_wconf 88' lang='grc' dir='ltr'>τοιοῦτον</span> <span class='ocrx_word' id='word_1_319' title='bbox 732 2824 900 2861; x_wconf 74' lang='grc' dir='ltr'>ὑποδῦναι</span> <span class='ocrx_word' id='word_1_320' title='bbox 938 2841 1080 2876; x_wconf 83' lang='grc' dir='ltr'>προσω-</span> 
     </span>
     <span class='ocr_line' id='line_1_42' title="bbox 59 2882 1079 2936; baseline 0.006 -18"><span class='ocrx_word' id='word_1_321' title='bbox 59 2886 168 2920; x_wconf 90' lang='grc' dir='ltr'>πεῖον.</span> <span class='ocrx_word' id='word_1_322' title='bbox 188 2882 268 2926; x_wconf 55' lang='grc' dir='ltr'>ΚαὶἼ</span> <span class='ocrx_word' id='word_1_323' title='bbox 281 2885 382 2920; x_wconf 88' lang='grc' dir='ltr'>τοῦτο</span> <span class='ocrx_word' id='word_1_324' title='bbox 400 2884 463 2928; x_wconf 69' lang='grc' dir='ltr'>τῆς</span> <span class='ocrx_word' id='word_1_325' title='bbox 489 2882 662 2935; x_wconf 80' lang='grc' dir='ltr'>ἡμετέρας</span> <span class='ocrx_word' id='word_1_326' title='bbox 691 2882 872 2934; x_wconf 86' lang='grc' dir='ltr'>ὠμότητος</span> <span class='ocrx_word' id='word_1_327' title='bbox 907 2884 1079 2936; x_wconf 81' lang='grc' dir='ltr'>ἔγκλημα.</span> 
     </span>
     <span class='ocr_line' id='line_1_43' title="bbox 59 2942 1080 2998; baseline 0.004 -18"><span class='ocrx_word' id='word_1_328' title='bbox 59 2942 205 2990; x_wconf 83' lang='grc' dir='ltr'>Ἐπειδὴ</span> <span class='ocrx_word' id='word_1_329' title='bbox 225 2942 293 2996; x_wconf 84' lang='grc' dir='ltr'>γὰρ</span> <span class='ocrx_word' id='word_1_330' title='bbox 310 2943 457 2988; x_wconf 76' lang='grc' dir='ltr'>εὐκόλως</span> <span class='ocrx_word' id='word_1_331' title='bbox 470 2944 636 2997; x_wconf 74' lang='grc' dir='ltr'>παρέχειν</span> <span class='ocrx_word' id='word_1_332' title='bbox 649 2945 711 2982; x_wconf 79' lang='grc' dir='ltr'>οὐκ</span> <span class='ocrx_word' id='word_1_333' title='bbox 725 2944 938 2997; x_wconf 76' lang='grc' dir='ltr'>ἀνεχόμεθα,</span> <span class='ocrx_word' id='word_1_334' title='bbox 955 2947 1080 2998; x_wconf 87' lang='grc' dir='ltr'>μυρίας</span> 
     </span>
     <span class='ocr_line' id='line_1_44' title="bbox 59 3004 1080 3059; baseline 0.004 -18"><span class='ocrx_word' id='word_1_335' title='bbox 59 3004 311 3056; x_wconf 81' lang='grc' dir='ltr'>ἀναγκάζονται</span> <span class='ocrx_word' id='word_1_336' title='bbox 330 3006 477 3044; x_wconf 79' lang='grc' dir='ltr'>ἐπινοεῖν</span> <span class='ocrx_word' id='word_1_337' title='bbox 498 3005 677 3058; x_wconf 80' lang='grc' dir='ltr'>μηχανὰς,</span> <span class='ocrx_word' id='word_1_338' title='bbox 696 3005 786 3045; x_wconf 80' lang='grc' dir='ltr'>ὥστε</span> <span class='ocrx_word' id='word_1_339' title='bbox 812 3008 913 3057; x_wconf 83' lang='grc' dir='ltr'>ἡμῶν</span> <span class='ocrx_word' id='word_1_340' title='bbox 936 3007 1080 3059; x_wconf 78' lang='grc' dir='ltr'>σοφίσα-</span> 
     </span>
    </p>
   </div>
   <div class='ocr_carea' id='block_1_4' title="bbox 62 3125 1065 3329">
    <p class='ocr_par' dir='ltr' id='par_1_4' title="bbox 105 3125 888 3176">
     <span class='ocr_line' id='line_1_45' title="bbox 105 3125 888 3176; baseline 0.013 -20"><span class='ocrx_word' id='word_1_341' title='bbox 105 3125 122 3141; x_wconf 73' lang='grc'>*</span> <span class='ocrx_word' id='word_1_342' title='bbox 145 3125 206 3166; x_wconf 87' lang='grc' dir='ltr'>[Α.</span> <span class='ocrx_word' id='word_1_343' title='bbox 224 3133 256 3157; x_wconf 85' lang='lat' dir='ltr'>et</span> <span class='ocrx_word' id='word_1_344' title='bbox 271 3138 374 3170; x_wconf 84' lang='lat' dir='ltr'>marg.</span> <span class='ocrx_word' id='word_1_345' title='bbox 390 3128 491 3162; x_wconf 76' lang='lat' dir='ltr'>Savil.</span> <span class='ocrx_word' id='word_1_346' title='bbox 510 3135 614 3164; x_wconf 69' lang='grc' dir='ltr'>εἴκοσιν</span> <span class='ocrx_word' id='word_1_347' title='bbox 630 3135 729 3176; x_wconf 61' lang='grc' dir='ltr'>ἐφεξῆς</span> <span class='ocrx_word' id='word_1_348' title='bbox 745 3131 888 3176; x_wconf 69' lang='grc' dir='ltr'>ἡμέρας]</span> 
     </span>
    </p>

    <p class='ocr_par' dir='ltr' id='par_1_5' title="bbox 104 3175 405 3223">
     <span class='ocr_line' id='line_1_46' title="bbox 104 3175 405 3223; baseline 0.01 -14"><span class='ocrx_word' id='word_1_349' title='bbox 104 3186 118 3201; x_wconf 80' lang='lat'>¹¹</span> <span class='ocrx_word' id='word_1_350' title='bbox 142 3175 203 3220; x_wconf 84' lang='grc' dir='ltr'>[Α.</span> <span class='ocrx_word' id='word_1_351' title='bbox 223 3179 405 3223; x_wconf 54' lang='lat' dir='ltr'>vitumno-3]</span> 
     </span>
    </p>

    <p class='ocr_par' dir='ltr' id='par_1_6' title="bbox 62 3230 1065 3329">
     <span class='ocr_line' id='line_1_47' title="bbox 107 3230 1060 3276; baseline 0.004 -14"><span class='ocrx_word' id='word_1_352' title='bbox 107 3230 123 3253; x_wconf 60' lang='grc' dir='ltr'><strong>Β</strong></span> <span class='ocrx_word' id='word_1_353' title='bbox 148 3233 282 3268; x_wconf 55' lang='lat' dir='ltr'>&amp;maim</span> <span class='ocrx_word' id='word_1_354' title='bbox 306 3230 339 3262; x_wconf 86' lang='lat' dir='ltr'>in</span> <span class='ocrx_word' id='word_1_355' title='bbox 361 3230 485 3264; x_wconf 90' lang='lat' dir='ltr'>Glossis</span> <span class='ocrx_word' id='word_1_356' title='bbox 510 3231 634 3265; x_wconf 86' lang='lat' dir='ltr'>dicitur</span> <span class='ocrx_word' id='word_1_357' title='bbox 659 3234 826 3276; x_wconf 78' lang='lat' dir='ltr'><em>impostor,</em></span> <span class='ocrx_word' id='word_1_358' title='bbox 841 3233 1060 3266; x_wconf 78' lang='lat' dir='ltr'>stellionator.</span> 
     </span>
     <span class='ocr_line' id='line_1_48' title="bbox 62 3279 1065 3329; baseline 0.005 -17"><span class='ocrx_word' id='word_1_359' title='bbox 62 3279 189 3313; x_wconf 76' lang='lat' dir='ltr'>Eodem</span> <span class='ocrx_word' id='word_1_360' title='bbox 206 3280 259 3314; x_wconf 85' lang='lat' dir='ltr'>hic</span> <span class='ocrx_word' id='word_1_361' title='bbox 284 3293 379 3316; x_wconf 87' lang='lat' dir='ltr'>sensu</span> <span class='ocrx_word' id='word_1_362' title='bbox 397 3295 460 3318; x_wconf 81' lang='lat' dir='ltr'>vox</span> <span class='ocrx_word' id='word_1_363' title='bbox 477 3283 546 3317; x_wconf 77' lang='lat' dir='ltr'>haec</span> <span class='ocrx_word' id='word_1_364' title='bbox 564 3284 774 3329; x_wconf 72' lang='lat' dir='ltr'>intelligenda</span> <span class='ocrx_word' id='word_1_365' title='bbox 799 3294 859 3319; x_wconf 84' lang='lat' dir='ltr'>cst.</span> <span class='ocrx_word' id='word_1_366' title='bbox 878 3288 994 3329; x_wconf 80' lang='lat' dir='ltr'>ltaque</span> <span class='ocrx_word' id='word_1_367' title='bbox 1019 3285 1065 3318; x_wconf 85' lang='lat' dir='ltr'>illi</span> 
     </span>
    </p>
   </div>
   <div class='ocr_carea' id='block_1_5' title="bbox 969 246 1172 350">
    <p class='ocr_par' dir='ltr' id='par_1_7' title="bbox 969 246 1172 350">
     <span class='ocr_line' id='line_1_49' title="bbox 969 246 1172 275; baseline 0 0"><span class='ocrx_word' id='word_1_368' title='bbox 969 246 1027 275; x_wconf 76' lang='lat' dir='ltr'>AD</span> <span class='ocrx_word' id='word_1_369' title='bbox 1063 246 1154 275; x_wconf 80' lang='lat' dir='ltr'>ROM</span> <span class='ocrx_word' id='word_1_370' title='bbox 1163 264 1172 275; x_wconf 83' lang='lat'><strong>.</strong></span> 
     </span>
     <span class='ocr_line' id='line_1_50' title="bbox 1101 325 1148 350; baseline 0 0"><span class='ocrx_word' id='word_1_371' title='bbox 1101 325 1148 350; x_wconf 79' lang='lat'>588</span> 
     </span>
    </p>
   </div>
   <div class='ocr_carea' id='block_1_6' title="bbox 1211 226 2141 289">
    <p class='ocr_par' dir='ltr' id='par_1_8' title="bbox 1211 226 2141 289">
     <span class='ocr_line' id='line_1_51' title="bbox 1211 226 2141 289; baseline -0.005 -15"><span class='ocrx_word' id='word_1_372' title='bbox 1211 244 1365 275; x_wconf 71' lang='lat' dir='ltr'>nomn..</span> <span class='ocrx_word' id='word_1_373' title='bbox 1405 245 1499 275; x_wconf 83' lang='lat' dir='ltr'>xlv.</span> <span class='ocrx_word' id='word_1_374' title='bbox 2046 226 2141 289; x_wconf 59' lang='lat'>649</span> 
     </span>
    </p>
   </div>
   <div class='ocr_carea' id='block_1_7' title="bbox 1110 323 2343 2134">
    <p class='ocr_par' dir='ltr' id='par_1_9' title="bbox 1163 323 2139 376">
     <span class='ocr_line' id='line_1_52' title="bbox 1163 323 2139 376; baseline -0.003 -12"><span class='ocrx_word' id='word_1_375' title='bbox 1163 325 1267 365; x_wconf 86' lang='lat' dir='ltr'>viciis</span> <span class='ocrx_word' id='word_1_376' title='bbox 1291 325 1539 375; x_wconf 82' lang='lat' dir='ltr'><strong>onerabantur,</strong></span> <span class='ocrx_word' id='word_1_377' title='bbox 1561 323 1814 376; x_wconf 68' lang='lat' dir='ltr'>lapidabantur</span> <span class='ocrx_word' id='word_1_378' title='bbox 1842 332 1874 361; x_wconf 89' lang='lat' dir='ltr'>et</span> <span class='ocrx_word' id='word_1_379' title='bbox 1897 323 2009 361; x_wconf 88' lang='lat' dir='ltr'>millia</span> <span class='ocrx_word' id='word_1_380' title='bbox 2029 323 2139 374; x_wconf 87' lang='lat' dir='ltr'>patie-</span> 
     </span>
    </p>

    <p class='ocr_par' dir='ltr' id='par_1_10' title="bbox 1161 383 2139 438">
     <span class='ocr_line' id='line_1_53' title="bbox 1161 383 2139 438; baseline -0.001 -15"><span class='ocrx_word' id='word_1_381' title='bbox 1161 386 1293 424; x_wconf 82' lang='lat' dir='ltr'>bantur</span> <span class='ocrx_word' id='word_1_382' title='bbox 1311 387 1436 438; x_wconf 80' lang='lat' dir='ltr'>gravia</span> <span class='ocrx_word' id='word_1_383' title='bbox 1463 402 1470 423; x_wconf 97' lang='lat'><strong>:</strong></span> <span class='ocrx_word' id='word_1_384' title='bbox 1496 394 1576 438; x_wconf 87' lang='lat' dir='ltr'>post</span> <span class='ocrx_word' id='word_1_385' title='bbox 1601 385 1679 423; x_wconf 87' lang='lat' dir='ltr'>haec</span> <span class='ocrx_word' id='word_1_386' title='bbox 1702 394 1820 422; x_wconf 86' lang='lat' dir='ltr'>autem</span> <span class='ocrx_word' id='word_1_387' title='bbox 1844 384 1963 422; x_wconf 88' lang='lat' dir='ltr'>omnia</span> <span class='ocrx_word' id='word_1_388' title='bbox 1987 383 2033 422; x_wconf 88' lang='lat' dir='ltr'>ad</span> <span class='ocrx_word' id='word_1_389' title='bbox 2058 383 2139 422; x_wconf 90' lang='lat' dir='ltr'>illos</span> 
     </span>
    </p>

    <p class='ocr_par' dir='ltr' id='par_1_11' title="bbox 1159 446 2140 487">
     <span class='ocr_line' id='line_1_54' title="bbox 1159 446 2140 487; baseline -0.003 -1"><span class='ocrx_word' id='word_1_390' title='bbox 1159 463 1303 487; x_wconf 89' lang='lat' dir='ltr'>rursum</span> <span class='ocrx_word' id='word_1_391' title='bbox 1329 449 1571 487; x_wconf 85' lang='lat' dir='ltr'>accurrebant.</span> <span class='ocrx_word' id='word_1_392' title='bbox 1603 449 1695 486; x_wconf 83' lang='lat' dir='ltr'>Nam</span> <span class='ocrx_word' id='word_1_393' title='bbox 1726 447 1868 487; x_wconf 78' lang='lat' dir='ltr'>Samuel</span> <span class='ocrx_word' id='word_1_394' title='bbox 1899 460 1967 484; x_wconf 91' lang='lat' dir='ltr'>non</span> <span class='ocrx_word' id='word_1_395' title='bbox 1992 446 2140 485; x_wconf 84' lang='lat' dir='ltr'>cessavit</span> 
     </span>
    </p>

    <p class='ocr_par' dir='ltr' id='par_1_12' title="bbox 1157 508 2138 560">
     <span class='ocr_line' id='line_1_55' title="bbox 1157 508 2138 560; baseline -0.002 -15"><span class='ocrx_word' id='word_1_396' title='bbox 1157 509 1278 560; x_wconf 79' lang='lat' dir='ltr'>lugere</span> <span class='ocrx_word' id='word_1_397' title='bbox 1301 510 1459 559; x_wconf 68' lang='lat' dir='ltr'>Saulem,</span> <span class='ocrx_word' id='word_1_398' title='bbox 1485 510 1548 548; x_wconf 85' lang='lat' dir='ltr'>ctsi</span> <span class='ocrx_word' id='word_1_399' title='bbox 1572 523 1697 560; x_wconf 75' lang='lat' dir='ltr'>graves</span> <span class='ocrx_word' id='word_1_400' title='bbox 1718 509 1763 546; x_wconf 87' lang='lat' dir='ltr'>ab</span> <span class='ocrx_word' id='word_1_401' title='bbox 1784 508 1845 546; x_wconf 91' lang='lat' dir='ltr'>illo</span> <span class='ocrx_word' id='word_1_402' title='bbox 1864 522 1987 560; x_wconf 88' lang='lat' dir='ltr'>passus</span> <span class='ocrx_word' id='word_1_403' title='bbox 2009 516 2138 544; x_wconf 78' lang='lat' dir='ltr'>contu—</span> 
     </span>
    </p>

    <p class='ocr_par' dir='ltr' id='par_1_13' title="bbox 1158 567 2138 621">
     <span class='ocr_line' id='line_1_56' title="bbox 1158 567 2138 621; baseline -0.003 -14"><span class='ocrx_word' id='word_1_404' title='bbox 1158 570 1280 609; x_wconf 86' lang='lat' dir='ltr'>melias</span> <span class='ocrx_word' id='word_1_405' title='bbox 1298 585 1421 621; x_wconf 88' lang='lat' dir='ltr'>resque</span> <span class='ocrx_word' id='word_1_406' title='bbox 1437 570 1676 608; x_wconf 78' lang='lat' dir='ltr'>intolerabiles</span> <span class='ocrx_word' id='word_1_407' title='bbox 1696 585 1705 619; x_wconf 87' lang='lat'>;</span> <span class='ocrx_word' id='word_1_408' title='bbox 1721 569 1782 607; x_wconf 88' lang='lat' dir='ltr'>sed</span> <span class='ocrx_word' id='word_1_409' title='bbox 1799 578 1916 606; x_wconf 89' lang='lat' dir='ltr'>tamen</span> <span class='ocrx_word' id='word_1_410' title='bbox 1939 567 2071 605; x_wconf 89' lang='lat' dir='ltr'>nullius</span> <span class='ocrx_word' id='word_1_411' title='bbox 2087 568 2138 605; x_wconf 90' lang='lat' dir='ltr'>in-</span> 
     </span>
    </p>

    <p class='ocr_par' dir='ltr' id='par_1_14' title="bbox 1152 628 2139 682">
     <span class='ocr_line' id='line_1_57' title="bbox 1152 628 2139 682; baseline -0.001 -16"><span class='ocrx_word' id='word_1_412' title='bbox 1152 631 1257 682; x_wconf 78' lang='lat' dir='ltr'>juriae</span> <span class='ocrx_word' id='word_1_413' title='bbox 1290 645 1424 668; x_wconf 89' lang='lat' dir='ltr'>memor</span> <span class='ocrx_word' id='word_1_414' title='bbox 1453 640 1538 668; x_wconf 89' lang='lat' dir='ltr'>erat.</span> <span class='ocrx_word' id='word_1_415' title='bbox 1565 630 1733 669; x_wconf 86' lang='lat' dir='ltr'>Jcremias</span> <span class='ocrx_word' id='word_1_416' title='bbox 1760 643 1844 669; x_wconf 83' lang='lat' dir='ltr'>vero</span> <span class='ocrx_word' id='word_1_417' title='bbox 1875 628 2139 667; x_wconf 87' lang='lat' dir='ltr'>lamentationes</span> 
     </span>
    </p>

    <p class='ocr_par' dir='ltr' id='par_1_15' title="bbox 1156 689 2140 788">
     <span class='ocr_line' id='line_1_58' title="bbox 1156 689 2139 742; baseline -0.002 -15"><span class='ocrx_word' id='word_1_418' title='bbox 1156 690 1305 742; x_wconf 87' lang='lat' dir='ltr'>scriptas</span> <span class='ocrx_word' id='word_1_419' title='bbox 1322 690 1540 730; x_wconf 17' lang='lat' dir='ltr'>,Judaeorum</span> <span class='ocrx_word' id='word_1_420' title='bbox 1568 690 1700 741; x_wconf 87' lang='lat' dir='ltr'>populo</span> <span class='ocrx_word' id='word_1_421' title='bbox 1729 689 1925 741; x_wconf 82' lang='lat' dir='ltr'>composuit</span> <span class='ocrx_word' id='word_1_422' title='bbox 1952 705 1959 725; x_wconf 76' lang='grc' dir='ltr'>τ</span> <span class='ocrx_word' id='word_1_423' title='bbox 1989 703 2139 739; x_wconf 88' lang='lat' dir='ltr'>cumque</span> 
     </span>
     <span class='ocr_line' id='line_1_59' title="bbox 1158 749 2140 788; baseline 0 -2"><span class='ocrx_word' id='word_1_424' title='bbox 1158 750 1347 788; x_wconf 79' lang='lat' dir='ltr'>Persarum</span> <span class='ocrx_word' id='word_1_425' title='bbox 1374 751 1453 788; x_wconf 82' lang='lat' dir='ltr'>dux</span> <span class='ocrx_word' id='word_1_426' title='bbox 1472 750 1697 788; x_wconf 86' lang='lat' dir='ltr'>concessisset</span> <span class='ocrx_word' id='word_1_427' title='bbox 1715 750 1769 786; x_wconf 88' lang='lat' dir='ltr'>illi</span> <span class='ocrx_word' id='word_1_428' title='bbox 1794 764 1875 787; x_wconf 92' lang='lat' dir='ltr'>cum</span> <span class='ocrx_word' id='word_1_429' title='bbox 1897 749 2082 787; x_wconf 76' lang='lat' dir='ltr'>securitate</span> <span class='ocrx_word' id='word_1_430' title='bbox 2105 758 2140 787; x_wconf 90' lang='lat' dir='ltr'>et</span> 
     </span>
    </p>

    <p class='ocr_par' dir='ltr' id='par_1_16' title="bbox 1157 808 2138 859">
     <span class='ocr_line' id='line_1_60' title="bbox 1157 808 2138 859; baseline 0.001 -14"><span class='ocrx_word' id='word_1_431' title='bbox 1157 808 1321 847; x_wconf 85' lang='lat' dir='ltr'>libertate</span> <span class='ocrx_word' id='word_1_432' title='bbox 1347 810 1563 859; x_wconf 85' lang='lat' dir='ltr'>ubicumque</span> <span class='ocrx_word' id='word_1_433' title='bbox 1589 809 1694 846; x_wconf 86' lang='lat' dir='ltr'>vellet</span> <span class='ocrx_word' id='word_1_434' title='bbox 1716 809 1892 857; x_wconf 88' lang='lat' dir='ltr'>habitare,</span> <span class='ocrx_word' id='word_1_435' title='bbox 1919 809 2043 846; x_wconf 90' lang='lat' dir='ltr'>domui</span> <span class='ocrx_word' id='word_1_436' title='bbox 2067 823 2138 846; x_wconf 84' lang='lat' dir='ltr'>suae</span> 
     </span>
    </p>

    <p class='ocr_par' dir='ltr' id='par_1_17' title="bbox 1158 869 2137 921">
     <span class='ocr_line' id='line_1_61' title="bbox 1158 869 2137 921; baseline 0 -15"><span class='ocrx_word' id='word_1_437' title='bbox 1158 870 1315 920; x_wconf 62' lang='lat' dir='ltr'>praetulit</span> <span class='ocrx_word' id='word_1_438' title='bbox 1332 870 1483 907; x_wconf 83' lang='lat' dir='ltr'>infelicis</span> <span class='ocrx_word' id='word_1_439' title='bbox 1498 869 1624 921; x_wconf 88' lang='lat' dir='ltr'>populi</span> <span class='ocrx_word' id='word_1_440' title='bbox 1639 869 1852 906; x_wconf 72' lang='lat' dir='ltr'>consortium</span> <span class='ocrx_word' id='word_1_441' title='bbox 1872 878 1905 906; x_wconf 86' lang='lat' dir='ltr'>et</span> <span class='ocrx_word' id='word_1_442' title='bbox 1923 869 2087 907; x_wconf 77' lang='lat' dir='ltr'>miseram</span> <span class='ocrx_word' id='word_1_443' title='bbox 2101 870 2137 906; x_wconf 92' lang='lat' dir='ltr'>in</span> 
     </span>
    </p>

    <p class='ocr_par' dir='ltr' id='par_1_18' title="bbox 1156 928 2138 979">
     <span class='ocr_line' id='line_1_62' title="bbox 1156 928 2138 979; baseline 0.001 -14"><span class='ocrx_word' id='word_1_444' title='bbox 1156 936 1248 965; x_wconf 81' lang='lat' dir='ltr'>terra</span> <span class='ocrx_word' id='word_1_445' title='bbox 1273 929 1386 965; x_wconf 87' lang='lat' dir='ltr'>aliena</span> <span class='ocrx_word' id='word_1_446' title='bbox 1412 929 1680 966; x_wconf 76' lang='lat' dir='ltr'>habitationem.</span> <span class='ocrx_word' id='word_1_447' title='bbox 1714 928 1773 966; x_wconf 87' lang='lat' dir='ltr'>Sic</span> <span class='ocrx_word' id='word_1_448' title='bbox 1803 937 1836 965; x_wconf 90' lang='lat' dir='ltr'>et</span> <span class='ocrx_word' id='word_1_449' title='bbox 1860 930 2004 979; x_wconf 86' lang='lat' dir='ltr'>Moyses</span> <span class='ocrx_word' id='word_1_450' title='bbox 2031 929 2138 979; x_wconf 78' lang='lat' dir='ltr'>regiis</span> 
     </span>
    </p>

    <p class='ocr_par' dir='ltr' id='par_1_19' title="bbox 1156 988 2141 1100">
     <span class='ocr_line' id='line_1_63' title="bbox 1156 988 2138 1040; baseline 0.002 -15"><span class='ocrx_word' id='word_1_451' title='bbox 1156 989 1293 1027; x_wconf 88' lang='lat' dir='ltr'>aedibus</span> <span class='ocrx_word' id='word_1_452' title='bbox 1316 989 1352 1026; x_wconf 91' lang='lat' dir='ltr'>in</span> <span class='ocrx_word' id='word_1_453' title='bbox 1378 989 1478 1040; x_wconf 86' lang='lat' dir='ltr'>queis</span> <span class='ocrx_word' id='word_1_454' title='bbox 1502 989 1654 1040; x_wconf 79' lang='lat' dir='ltr'>degebat</span> <span class='ocrx_word' id='word_1_455' title='bbox 1672 989 1817 1037; x_wconf 86' lang='lat' dir='ltr'>relictis,</span> <span class='ocrx_word' id='word_1_456' title='bbox 1841 988 1886 1026; x_wconf 87' lang='lat' dir='ltr'>ad</span> <span class='ocrx_word' id='word_1_457' title='bbox 1907 990 2138 1027; x_wconf 76' lang='lat' dir='ltr'>Hebraeorum</span> 
     </span>
     <span class='ocr_line' id='line_1_64' title="bbox 1156 1048 2141 1100; baseline 0.001 -15"><span class='ocrx_word' id='word_1_458' title='bbox 1156 1049 1373 1087; x_wconf 84' lang='lat' dir='ltr'>calamitates</span> <span class='ocrx_word' id='word_1_459' title='bbox 1389 1050 1557 1087; x_wconf 76' lang='lat' dir='ltr'>accurrit.</span> <span class='ocrx_word' id='word_1_460' title='bbox 1582 1048 1710 1087; x_wconf 82' lang='lat' dir='ltr'>Daniel</span> <span class='ocrx_word' id='word_1_461' title='bbox 1728 1063 1813 1087; x_wconf 80' lang='lat' dir='ltr'>vero</span> <span class='ocrx_word' id='word_1_462' title='bbox 1829 1061 1892 1100; x_wconf 88' lang='lat' dir='ltr'>per</span> <span class='ocrx_word' id='word_1_463' title='bbox 1914 1048 1988 1085; x_wconf 88' lang='lat' dir='ltr'>dics</span> <span class='ocrx_word' id='word_1_464' title='bbox 2010 1049 2141 1099; x_wconf 77' lang='lat' dir='ltr'>viginti</span> 
     </span>
    </p>

    <p class='ocr_par' dir='ltr' id='par_1_20' title="bbox 1155 1109 2141 1222">
     <span class='ocr_line' id='line_1_65' title="bbox 1155 1109 2141 1162; baseline -0.001 -15"><span class='ocrx_word' id='word_1_465' title='bbox 1155 1123 1219 1148; x_wconf 84' lang='lat' dir='ltr'>sex</span> <span class='ocrx_word' id='word_1_466' title='bbox 1235 1110 1379 1162; x_wconf 82' lang='lat' dir='ltr'>jejunus</span> <span class='ocrx_word' id='word_1_467' title='bbox 1400 1110 1542 1159; x_wconf 85' lang='lat' dir='ltr'>mansit,</span> <span class='ocrx_word' id='word_1_468' title='bbox 1561 1109 1628 1147; x_wconf 86' lang='lat' dir='ltr'>hac</span> <span class='ocrx_word' id='word_1_469' title='bbox 1646 1123 1682 1147; x_wconf 91' lang='lat' dir='ltr'>se</span> <span class='ocrx_word' id='word_1_470' title='bbox 1701 1109 1909 1161; x_wconf 82' lang='lat' dir='ltr'>gravissima</span> <span class='ocrx_word' id='word_1_471' title='bbox 1931 1109 2141 1147; x_wconf 77' lang='lat' dir='ltr'>abstinentia</span> 
     </span>
     <span class='ocr_line' id='line_1_66' title="bbox 1155 1170 2141 1222; baseline 0 -15"><span class='ocrx_word' id='word_1_472' title='bbox 1155 1184 1349 1218; x_wconf 85' lang='lat' dir='ltr'>macerans,</span> <span class='ocrx_word' id='word_1_473' title='bbox 1366 1180 1405 1209; x_wconf 91' lang='lat' dir='ltr'>ut</span> <span class='ocrx_word' id='word_1_474' title='bbox 1420 1173 1537 1209; x_wconf 91' lang='lat' dir='ltr'>Deum</span> <span class='ocrx_word' id='word_1_475' title='bbox 1557 1170 1629 1208; x_wconf 87' lang='lat' dir='ltr'>illis</span> <span class='ocrx_word' id='word_1_476' title='bbox 1644 1170 1813 1222; x_wconf 85' lang='lat' dir='ltr'>placaret.</span> <span class='ocrx_word' id='word_1_477' title='bbox 1832 1170 1878 1207; x_wconf 91' lang='lat' dir='ltr'>Et</span> <span class='ocrx_word' id='word_1_478' title='bbox 1897 1179 1966 1208; x_wconf 86' lang='lat' dir='ltr'>tres</span> <span class='ocrx_word' id='word_1_479' title='bbox 1983 1171 2086 1222; x_wconf 88' lang='lat' dir='ltr'>pueri</span> <span class='ocrx_word' id='word_1_480' title='bbox 2105 1171 2141 1208; x_wconf 92' lang='lat' dir='ltr'>in</span> 
     </span>
    </p>

    <p class='ocr_par' dir='ltr' id='par_1_21' title="bbox 1154 1231 2143 1344">
     <span class='ocr_line' id='line_1_67' title="bbox 1154 1231 2141 1284; baseline 0 -15"><span class='ocrx_word' id='word_1_481' title='bbox 1154 1232 1297 1271; x_wconf 82' lang='lat' dir='ltr'>fornace</span> <span class='ocrx_word' id='word_1_482' title='bbox 1320 1237 1353 1271; x_wconf 85' lang='lat' dir='ltr'>et</span> <span class='ocrx_word' id='word_1_483' title='bbox 1377 1233 1414 1270; x_wconf 89' lang='lat' dir='ltr'>in</span> <span class='ocrx_word' id='word_1_484' title='bbox 1438 1241 1536 1270; x_wconf 82' lang='lat' dir='ltr'>tanto</span> <span class='ocrx_word' id='word_1_485' title='bbox 1555 1232 1649 1283; x_wconf 77' lang='lat' dir='ltr'>igne,</span> <span class='ocrx_word' id='word_1_486' title='bbox 1672 1231 1963 1283; x_wconf 81' lang='lat' dir='ltr'>supplicationem</span> <span class='ocrx_word' id='word_1_487' title='bbox 1983 1246 2048 1284; x_wconf 87' lang='lat' dir='ltr'>pro</span> <span class='ocrx_word' id='word_1_488' title='bbox 2070 1232 2141 1269; x_wconf 86' lang='lat' dir='ltr'>illis</span> 
     </span>
     <span class='ocr_line' id='line_1_68' title="bbox 1154 1290 2143 1344; baseline -0.002 -13"><span class='ocrx_word' id='word_1_489' title='bbox 1154 1293 1376 1331; x_wconf 83' lang='lat' dir='ltr'>emittebant.</span> <span class='ocrx_word' id='word_1_490' title='bbox 1405 1294 1485 1331; x_wconf 90' lang='lat' dir='ltr'>Non</span> <span class='ocrx_word' id='word_1_491' title='bbox 1513 1306 1578 1344; x_wconf 88' lang='lat' dir='ltr'>pro</span> <span class='ocrx_word' id='word_1_492' title='bbox 1605 1306 1641 1329; x_wconf 92' lang='lat' dir='ltr'>se</span> <span class='ocrx_word' id='word_1_493' title='bbox 1670 1290 1725 1328; x_wconf 87' lang='lat' dir='ltr'>illi</span> <span class='ocrx_word' id='word_1_494' title='bbox 1755 1291 1936 1341; x_wconf 87' lang='lat' dir='ltr'>dolebant,</span> <span class='ocrx_word' id='word_1_495' title='bbox 1963 1292 2025 1342; x_wconf 86' lang='lat' dir='ltr'>qui</span> <span class='ocrx_word' id='word_1_496' title='bbox 2052 1292 2143 1330; x_wconf 80' lang='lat' dir='ltr'>salvi</span> 
     </span>
    </p>

    <p class='ocr_par' dir='ltr' id='par_1_22' title="bbox 1155 1353 2142 1405">
     <span class='ocr_line' id='line_1_69' title="bbox 1155 1353 2142 1405; baseline 0 -14"><span class='ocrx_word' id='word_1_497' title='bbox 1155 1364 1254 1392; x_wconf 87' lang='lat' dir='ltr'>erant</span> <span class='ocrx_word' id='word_1_498' title='bbox 1272 1370 1281 1403; x_wconf 89' lang='lat'>;</span> <span class='ocrx_word' id='word_1_499' title='bbox 1299 1354 1361 1392; x_wconf 89' lang='lat' dir='ltr'>sed</span> <span class='ocrx_word' id='word_1_500' title='bbox 1374 1353 1456 1405; x_wconf 90' lang='lat' dir='ltr'>quia</span> <span class='ocrx_word' id='word_1_501' title='bbox 1469 1363 1546 1392; x_wconf 89' lang='lat' dir='ltr'>tum</span> <span class='ocrx_word' id='word_1_502' title='bbox 1558 1353 1714 1391; x_wconf 83' lang='lat' dir='ltr'>maxime</span> <span class='ocrx_word' id='word_1_503' title='bbox 1726 1353 1899 1405; x_wconf 86' lang='lat' dir='ltr'>putabant</span> <span class='ocrx_word' id='word_1_504' title='bbox 1918 1368 1953 1390; x_wconf 89' lang='lat' dir='ltr'>se</span> <span class='ocrx_word' id='word_1_505' title='bbox 1972 1353 2142 1391; x_wconf 87' lang='lat' dir='ltr'>fiduciam</span> 
     </span>
    </p>

    <p class='ocr_par' dir='ltr' id='par_1_23' title="bbox 1155 1413 2142 1466">
     <span class='ocr_line' id='line_1_70' title="bbox 1155 1413 2142 1466; baseline 0 -15"><span class='ocrx_word' id='word_1_506' title='bbox 1155 1414 1284 1452; x_wconf 83' lang='lat' dir='ltr'>habere</span> <span class='ocrx_word' id='word_1_507' title='bbox 1301 1429 1414 1466; x_wconf 88' lang='lat' dir='ltr'>posse,</span> <span class='ocrx_word' id='word_1_508' title='bbox 1434 1414 1512 1452; x_wconf 88' lang='lat' dir='ltr'>ideo</span> <span class='ocrx_word' id='word_1_509' title='bbox 1530 1428 1594 1466; x_wconf 90' lang='lat' dir='ltr'>pro</span> <span class='ocrx_word' id='word_1_510' title='bbox 1610 1413 1682 1451; x_wconf 87' lang='lat' dir='ltr'>illis</span> <span class='ocrx_word' id='word_1_511' title='bbox 1698 1413 1947 1465; x_wconf 83' lang='lat' dir='ltr'>precabantur.</span> <span class='ocrx_word' id='word_1_512' title='bbox 1979 1414 2142 1466; x_wconf 86' lang='lat' dir='ltr'>Quapro-</span> 
     </span>
    </p>

    <p class='ocr_par' dir='ltr' id='par_1_24' title="bbox 1156 1473 2343 1586">
     <span class='ocr_line' id='line_1_71' title="bbox 1156 1473 2343 1526; baseline 0.002 -15"><span class='ocrx_word' id='word_1_513' title='bbox 1156 1482 1233 1525; x_wconf 84' lang='lat' dir='ltr'>pter</span> <span class='ocrx_word' id='word_1_514' title='bbox 1247 1473 1411 1512; x_wconf 80' lang='lat' dir='ltr'>dicebant</span> <span class='ocrx_word' id='word_1_515' title='bbox 1434 1490 1442 1511; x_wconf 89' lang='lat'>:</span> <span class='ocrx_word' id='word_1_516' title='bbox 1461 1477 1510 1511; x_wconf 85' lang='lat' dir='ltr'>In</span> <span class='ocrx_word' id='word_1_517' title='bbox 1531 1477 1667 1512; x_wconf 82' lang='lat' dir='ltr'>anima</span> <span class='ocrx_word' id='word_1_518' title='bbox 1679 1476 1848 1511; x_wconf 77' lang='lat' dir='ltr'>contrita</span> <span class='ocrx_word' id='word_1_519' title='bbox 1863 1483 1898 1511; x_wconf 77' lang='lat' dir='ltr'>ec</span> <span class='ocrx_word' id='word_1_520' title='bbox 1920 1478 2056 1526; x_wconf 75' lang='lat' dir='ltr'>spiritu</span> <span class='ocrx_word' id='word_1_521' title='bbox 2072 1476 2143 1513; x_wconf 74' lang='lat' dir='ltr'>hu-</span> <span class='ocrx_word' id='word_1_522' title='bbox 2159 1486 2240 1515; x_wconf 81' lang='lat' dir='ltr'>Dan.</span> <span class='ocrx_word' id='word_1_523' title='bbox 2254 1485 2281 1513; x_wconf 87' lang='lat'>3.</span> <span class='ocrx_word' id='word_1_524' title='bbox 2292 1485 2343 1523; x_wconf 84' lang='lat'>39.</span> 
     </span>
     <span class='ocr_line' id='line_1_72' title="bbox 1157 1534 2143 1586; baseline 0.001 -14"><span class='ocrx_word' id='word_1_525' title='bbox 1157 1536 1335 1573; x_wconf 81' lang='lat' dir='ltr'>militatis</span> <span class='ocrx_word' id='word_1_526' title='bbox 1350 1538 1616 1586; x_wconf 74' lang='lat' dir='ltr'>suscipiamur.</span> <span class='ocrx_word' id='word_1_527' title='bbox 1631 1535 1781 1586; x_wconf 81' lang='lat' dir='ltr'>Propter</span> <span class='ocrx_word' id='word_1_528' title='bbox 1794 1534 1859 1572; x_wconf 88' lang='lat' dir='ltr'>hos</span> <span class='ocrx_word' id='word_1_529' title='bbox 1875 1544 1907 1572; x_wconf 91' lang='lat' dir='ltr'>et</span> <span class='ocrx_word' id='word_1_530' title='bbox 1921 1536 1941 1574; x_wconf 86' lang='lat' dir='ltr'>J</span> <span class='ocrx_word' id='word_1_531' title='bbox 1945 1549 2028 1572; x_wconf 86' lang='lat' dir='ltr'>osue</span> <span class='ocrx_word' id='word_1_532' title='bbox 2038 1536 2143 1575; x_wconf 68' lang='lat' dir='ltr'>vesti-</span> 
     </span>
    </p>

    <p class='ocr_par' dir='ltr' id='par_1_25' title="bbox 1156 1594 2144 1646">
     <span class='ocr_line' id='line_1_73' title="bbox 1156 1594 2144 1646; baseline 0.002 -13"><span class='ocrx_word' id='word_1_533' title='bbox 1156 1605 1271 1633; x_wconf 86' lang='lat' dir='ltr'>menta</span> <span class='ocrx_word' id='word_1_534' title='bbox 1292 1609 1355 1633; x_wconf 90' lang='lat' dir='ltr'>sua</span> <span class='ocrx_word' id='word_1_535' title='bbox 1370 1595 1474 1632; x_wconf 81' lang='lat' dir='ltr'>scidit</span> <span class='ocrx_word' id='word_1_536' title='bbox 1494 1610 1501 1631; x_wconf 92' lang='lat'><strong>:</strong></span> <span class='ocrx_word' id='word_1_537' title='bbox 1526 1603 1672 1646; x_wconf 89' lang='lat' dir='ltr'>propter</span> <span class='ocrx_word' id='word_1_538' title='bbox 1686 1594 1752 1632; x_wconf 86' lang='lat' dir='ltr'>hos</span> <span class='ocrx_word' id='word_1_539' title='bbox 1766 1594 1930 1632; x_wconf 83' lang='lat' dir='ltr'>Ezechiel</span> <span class='ocrx_word' id='word_1_540' title='bbox 1947 1595 2092 1646; x_wconf 82' lang='lat' dir='ltr'>lugebat</span> <span class='ocrx_word' id='word_1_541' title='bbox 2110 1606 2144 1635; x_wconf 85' lang='lat' dir='ltr'>et</span> 
     </span>
    </p>

    <p class='ocr_par' dir='ltr' id='par_1_26' title="bbox 1110 1654 2142 1695">
     <span class='ocr_line' id='line_1_74' title="bbox 1110 1654 2142 1695; baseline 0.001 -1"><span class='ocrx_word' id='word_1_542' title='bbox 1110 1660 1134 1690; x_wconf 93' lang='lat' dir='ltr'>C</span> <span class='ocrx_word' id='word_1_543' title='bbox 1155 1656 1415 1695; x_wconf 83' lang='lat' dir='ltr'>lamentabatur</span> <span class='ocrx_word' id='word_1_544' title='bbox 1430 1656 1511 1693; x_wconf 89' lang='lat' dir='ltr'>illos</span> <span class='ocrx_word' id='word_1_545' title='bbox 1528 1654 1726 1692; x_wconf 87' lang='lat' dir='ltr'>trucidatos</span> <span class='ocrx_word' id='word_1_546' title='bbox 1744 1654 1872 1692; x_wconf 80' lang='lat' dir='ltr'>videns</span> <span class='ocrx_word' id='word_1_547' title='bbox 1895 1670 1903 1691; x_wconf 96' lang='lat'><strong>:</strong></span> <span class='ocrx_word' id='word_1_548' title='bbox 1923 1664 1956 1692; x_wconf 93' lang='lat' dir='ltr'>et</span> <span class='ocrx_word' id='word_1_549' title='bbox 1973 1657 2142 1695; x_wconf 88' lang='lat' dir='ltr'>Jeremias</span> 
     </span>
    </p>

    <p class='ocr_par' dir='ltr' id='par_1_27' title="bbox 1155 1715 2343 1831">
     <span class='ocr_line' id='line_1_75' title="bbox 1155 1715 2343 1771; baseline -0.001 -16"><span class='ocrx_word' id='word_1_550' title='bbox 1155 1718 1295 1756; x_wconf 85' lang='lat' dir='ltr'>dicebat</span> <span class='ocrx_word' id='word_1_551' title='bbox 1312 1733 1320 1754; x_wconf 92' lang='lat'><strong>:</strong></span> <span class='ocrx_word' id='word_1_552' title='bbox 1338 1718 1459 1756; x_wconf 81' lang='lat' dir='ltr'>Sinite</span> <span class='ocrx_word' id='word_1_553' title='bbox 1480 1730 1558 1762; x_wconf 80' lang='lat' dir='ltr'>me,</span> <span class='ocrx_word' id='word_1_554' title='bbox 1582 1716 1845 1771; x_wconf 79' lang='lat' dir='ltr'>amareslebo.</span> <span class='ocrx_word' id='word_1_555' title='bbox 1864 1715 2022 1753; x_wconf 84' lang='lat' dir='ltr'>Antehac</span> <span class='ocrx_word' id='word_1_556' title='bbox 2041 1731 2138 1768; x_wconf 84' lang='lat' dir='ltr'>vero,</span> <span class='ocrx_word' id='word_1_557' title='bbox 2156 1726 2232 1756; x_wconf 80' lang='lat' dir='ltr'>lsai.</span> <span class='ocrx_word' id='word_1_558' title='bbox 2248 1735 2295 1755; x_wconf 86' lang='lat'>22.</span> <span class='ocrx_word' id='word_1_559' title='bbox 2311 1727 2343 1763; x_wconf 70' lang='grc'>4.</span> 
     </span>
     <span class='ocr_line' id='line_1_76' title="bbox 1158 1776 2141 1831; baseline 0 -15"><span class='ocrx_word' id='word_1_560' title='bbox 1158 1794 1238 1817; x_wconf 90' lang='lat' dir='ltr'>cum</span> <span class='ocrx_word' id='word_1_561' title='bbox 1257 1793 1322 1831; x_wconf 91' lang='lat' dir='ltr'>pro</span> <span class='ocrx_word' id='word_1_562' title='bbox 1338 1778 1439 1818; x_wconf 88' lang='lat' dir='ltr'>venia</span> <span class='ocrx_word' id='word_1_563' title='bbox 1454 1777 1626 1815; x_wconf 86' lang='lat' dir='ltr'>scelerum</span> <span class='ocrx_word' id='word_1_564' title='bbox 1642 1776 1799 1828; x_wconf 82' lang='lat' dir='ltr'>ipsorum</span> <span class='ocrx_word' id='word_1_565' title='bbox 1818 1776 2039 1828; x_wconf 85' lang='lat' dir='ltr'>impetranda</span> <span class='ocrx_word' id='word_1_566' title='bbox 2058 1792 2141 1830; x_wconf 84' lang='lat' dir='ltr'>pre-</span> 
     </span>
    </p>

    <p class='ocr_par' dir='ltr' id='par_1_28' title="bbox 1157 1837 2341 1955">
     <span class='ocr_line' id='line_1_77' title="bbox 1158 1837 2341 1887; baseline -0.004 -8"><span class='ocrx_word' id='word_1_567' title='bbox 1158 1840 1231 1879; x_wconf 90' lang='lat' dir='ltr'>cari</span> <span class='ocrx_word' id='word_1_568' title='bbox 1246 1854 1314 1878; x_wconf 91' lang='lat' dir='ltr'>non</span> <span class='ocrx_word' id='word_1_569' title='bbox 1335 1839 1490 1887; x_wconf 81' lang='lat' dir='ltr'>auderet,</span> <span class='ocrx_word' id='word_1_570' title='bbox 1510 1837 1703 1876; x_wconf 86' lang='lat' dir='ltr'>terminum</span> <span class='ocrx_word' id='word_1_571' title='bbox 1720 1837 1898 1887; x_wconf 78' lang='lat' dir='ltr'>quaerebat</span> <span class='ocrx_word' id='word_1_572' title='bbox 1915 1837 2047 1887; x_wconf 88' lang='lat' dir='ltr'>dicens,</span> <span class='ocrx_word' id='word_1_573' title='bbox 2072 1840 2141 1876; x_wconf 80' lang='lat' dir='ltr'>Us-</span> <span class='ocrx_word' id='word_1_574' title='bbox 2156 1840 2275 1870; x_wconf 75' lang='lat' dir='ltr'>Ibid.6.</span> <span class='ocrx_word' id='word_1_575' title='bbox 2296 1850 2341 1869; x_wconf 84' lang='lat'>1¹-</span> 
     </span>
     <span class='ocr_line' id='line_1_78' title="bbox 1157 1898 2141 1955; baseline -0.003 -15"><span class='ocrx_word' id='word_1_576' title='bbox 1157 1915 1323 1955; x_wconf 81' lang='lat' dir='ltr'>quequo,</span> <span class='ocrx_word' id='word_1_577' title='bbox 1340 1903 1507 1939; x_wconf 84' lang='lat' dir='ltr'>Domine</span> <span class='ocrx_word' id='word_1_578' title='bbox 1521 1899 1538 1937; x_wconf 76' lang='lat' dir='ltr'>P</span> <span class='ocrx_word' id='word_1_579' title='bbox 1550 1908 1750 1937; x_wconf 87' lang='lat' dir='ltr'>sanctorum</span> <span class='ocrx_word' id='word_1_580' title='bbox 1765 1898 1898 1950; x_wconf 86' lang='lat' dir='ltr'>quippe</span> <span class='ocrx_word' id='word_1_581' title='bbox 1912 1912 2021 1949; x_wconf 78' lang='lat' dir='ltr'>genus</span> <span class='ocrx_word' id='word_1_582' title='bbox 2038 1912 2141 1937; x_wconf 91' lang='lat' dir='ltr'>omne</span> 
     </span>
    </p>

    <p class='ocr_par' dir='ltr' id='par_1_29' title="bbox 1155 1959 2336 2134">
     <span class='ocr_line' id='line_1_79' title="bbox 1156 1959 2138 2015; baseline -0.005 -14"><span class='ocrx_word' id='word_1_583' title='bbox 1156 1977 1274 2001; x_wconf 85' lang='lat' dir='ltr'>amore</span> <span class='ocrx_word' id='word_1_584' title='bbox 1292 1961 1451 2015; x_wconf 70' lang='lat' dir='ltr'>proximi</span> <span class='ocrx_word' id='word_1_585' title='bbox 1465 1969 1616 1998; x_wconf 84' lang='lat' dir='ltr'>tenetur.</span> <span class='ocrx_word' id='word_1_586' title='bbox 1633 1959 1773 1997; x_wconf 85' lang='lat' dir='ltr'>Idcirco</span> <span class='ocrx_word' id='word_1_587' title='bbox 1787 1968 1821 1996; x_wconf 89' lang='lat' dir='ltr'>et</span> <span class='ocrx_word' id='word_1_588' title='bbox 1834 1959 1966 1996; x_wconf 88' lang='lat' dir='ltr'>Paulus</span> <span class='ocrx_word' id='word_1_589' title='bbox 1981 1959 2138 1997; x_wconf 87' lang='lat' dir='ltr'>dicebat:</span> 
     </span>
     <span class='ocr_line' id='line_1_80' title="bbox 1155 2021 2336 2074; baseline -0.008 -12"><span class='ocrx_word' id='word_1_590' title='bbox 1155 2026 1371 2062; x_wconf 77' lang='lat' dir='ltr'>Inditimini</span> <span class='ocrx_word' id='word_1_591' title='bbox 1397 2035 1500 2074; x_wconf 80' lang='lat' dir='ltr'>ergo,</span> <span class='ocrx_word' id='word_1_592' title='bbox 1527 2030 1567 2059; x_wconf 80' lang='lat' dir='ltr'>ut</span> <span class='ocrx_word' id='word_1_593' title='bbox 1582 2021 1694 2057; x_wconf 82' lang='lat' dir='ltr'>electi</span> <span class='ocrx_word' id='word_1_594' title='bbox 1713 2021 1790 2057; x_wconf 88' lang='lat' dir='ltr'>Dei</span> <span class='ocrx_word' id='word_1_595' title='bbox 1817 2022 1956 2066; x_wconf 77' lang='lat' dir='ltr'>sancti,</span> <span class='ocrx_word' id='word_1_596' title='bbox 1986 2023 2139 2059; x_wconf 76' lang='lat' dir='ltr'>viscera</span> <span class='ocrx_word' id='word_1_597' title='bbox 2159 2023 2225 2052; x_wconf 79' lang='lat' dir='ltr'>Col.</span> <span class='ocrx_word' id='word_1_598' title='bbox 2240 2025 2269 2054; x_wconf 84' lang='lat'>3.</span> <span class='ocrx_word' id='word_1_599' title='bbox 2292 2033 2336 2052; x_wconf 84' lang='lat'>12.</span> 
     </span>
     <span class='ocr_line' id='line_1_81' title="bbox 1155 2081 1999 2134; baseline -0.005 -10"><span class='ocrx_word' id='word_1_600' title='bbox 1155 2085 1439 2131; x_wconf 78' lang='lat' dir='ltr'>misericordioe,</span> <span class='ocrx_word' id='word_1_601' title='bbox 1457 2083 1702 2134; x_wconf 78' lang='lat' dir='ltr'>probitatem,</span> <span class='ocrx_word' id='word_1_602' title='bbox 1726 2081 1999 2120; x_wconf 71' lang='lat' dir='ltr'>humilitatem.</span> 
     </span>
    </p>
   </div>
   <div class='ocr_carea' id='block_1_8' title="bbox 1113 361 1139 391">
    <p class='ocr_par' dir='ltr' id='par_1_30' title="bbox 1113 361 1139 391">
     <span class='ocr_line' id='line_1_82' title="bbox 1113 361 1139 391; baseline 0 0"><span class='ocrx_word' id='word_1_603' title='bbox 1113 361 1139 391; x_wconf 87' lang='lat' dir='ltr'>A</span> 
     </span>
    </p>
   </div>
   <div class='ocr_carea' id='block_1_9' title="bbox 1108 2147 2337 3053">
    <p class='ocr_par' dir='ltr' id='par_1_31' title="bbox 1108 2147 2337 3053">
     <span class='ocr_line' id='line_1_83' title="bbox 1207 2147 2139 2198; baseline -0.004 -7"><span class='ocrx_word' id='word_1_604' title='bbox 1207 2154 1244 2191; x_wconf 86' lang='lat'>9.</span> <span class='ocrx_word' id='word_1_605' title='bbox 1260 2150 1393 2191; x_wconf 84' lang='lat' dir='ltr'>Viden&#39;</span> <span class='ocrx_word' id='word_1_606' title='bbox 1413 2149 1515 2189; x_wconf 86' lang='lat' dir='ltr'>verbi</span> <span class='ocrx_word' id='word_1_607' title='bbox 1533 2147 1808 2195; x_wconf 83' lang='lat' dir='ltr'>accurationem,</span> <span class='ocrx_word' id='word_1_608' title='bbox 1830 2156 1862 2184; x_wconf 90' lang='lat' dir='ltr'>et</span> <span class='ocrx_word' id='word_1_609' title='bbox 1882 2149 2059 2198; x_wconf 88' lang='lat' dir='ltr'>quomodo</span> <span class='ocrx_word' id='word_1_610' title='bbox 2076 2162 2139 2187; x_wconf 89' lang='lat' dir='ltr'>nos</span> 
     </span>
     <span class='ocr_line' id='line_1_84' title="bbox 1155 2208 2140 2267; baseline -0.005 -14"><span class='ocrx_word' id='word_1_611' title='bbox 1155 2223 1325 2267; x_wconf 90' lang='lat' dir='ltr'>perpetuo</span> <span class='ocrx_word' id='word_1_612' title='bbox 1353 2209 1595 2250; x_wconf 88' lang='lat' dir='ltr'>misericordes</span> <span class='ocrx_word' id='word_1_613' title='bbox 1613 2223 1686 2246; x_wconf 87' lang='lat' dir='ltr'>esse</span> <span class='ocrx_word' id='word_1_614' title='bbox 1707 2208 1809 2247; x_wconf 78' lang='lat' dir='ltr'>vult?</span> <span class='ocrx_word' id='word_1_615' title='bbox 1830 2210 1909 2246; x_wconf 89' lang='lat' dir='ltr'>Non</span> <span class='ocrx_word' id='word_1_616' title='bbox 1928 2209 2022 2247; x_wconf 72' lang='lat' dir='ltr'>dixit</span> <span class='ocrx_word' id='word_1_617' title='bbox 2043 2210 2140 2248; x_wconf 89' lang='lat' dir='ltr'>enim</span> 
     </span>
     <span class='ocr_line' id='line_1_85' title="bbox 1153 2267 2141 2321; baseline -0.005 -9"><span class='ocrx_word' id='word_1_618' title='bbox 1153 2283 1307 2321; x_wconf 87' lang='lat' dir='ltr'>tantum,</span> <span class='ocrx_word' id='word_1_619' title='bbox 1322 2269 1558 2320; x_wconf 75' lang='lat' dir='ltr'>Miseremini,</span> <span class='ocrx_word' id='word_1_620' title='bbox 1574 2267 1652 2318; x_wconf 88' lang='lat' dir='ltr'>sed,</span> <span class='ocrx_word' id='word_1_621' title='bbox 1666 2269 1881 2306; x_wconf 80' lang='lat' dir='ltr'>Induimini</span> <span class='ocrx_word' id='word_1_622' title='bbox 1890 2298 1902 2318; x_wconf 92' lang='lat'>,</span> <span class='ocrx_word' id='word_1_623' title='bbox 1918 2278 1957 2306; x_wconf 92' lang='lat' dir='ltr'>ut</span> <span class='ocrx_word' id='word_1_624' title='bbox 1975 2269 2067 2306; x_wconf 89' lang='lat' dir='ltr'>sicut</span> <span class='ocrx_word' id='word_1_625' title='bbox 2085 2270 2141 2307; x_wconf 76' lang='lat' dir='ltr'>in-</span> 
     </span>
     <span class='ocr_line' id='line_1_86' title="bbox 1154 2329 2139 2381; baseline -0.005 -8"><span class='ocrx_word' id='word_1_626' title='bbox 1154 2334 1366 2373; x_wconf 87' lang='lat' dir='ltr'>dumentum</span> <span class='ocrx_word' id='word_1_627' title='bbox 1387 2331 1572 2370; x_wconf 82' lang='lat' dir='ltr'>nobiscum</span> <span class='ocrx_word' id='word_1_628' title='bbox 1592 2343 1728 2381; x_wconf 88' lang='lat' dir='ltr'>semper</span> <span class='ocrx_word' id='word_1_629' title='bbox 1746 2338 1810 2377; x_wconf 86' lang='lat' dir='ltr'>est,</span> <span class='ocrx_word' id='word_1_630' title='bbox 1825 2329 1872 2366; x_wconf 89' lang='lat' dir='ltr'>ita</span> <span class='ocrx_word' id='word_1_631' title='bbox 1889 2338 1923 2367; x_wconf 91' lang='lat' dir='ltr'>et</span> <span class='ocrx_word' id='word_1_632' title='bbox 1941 2330 2139 2368; x_wconf 87' lang='lat' dir='ltr'>misericor-</span> 
     </span>
     <span class='ocr_line' id='line_1_87' title="bbox 1108 2388 2139 2446; baseline -0.007 -11"><span class='ocrx_word' id='word_1_633' title='bbox 1108 2415 1133 2446; x_wconf 84' lang='lat' dir='ltr'>D</span> <span class='ocrx_word' id='word_1_634' title='bbox 1155 2396 1214 2435; x_wconf 88' lang='lat' dir='ltr'>dia</span> <span class='ocrx_word' id='word_1_635' title='bbox 1231 2396 1288 2434; x_wconf 88' lang='lat' dir='ltr'>sit.</span> <span class='ocrx_word' id='word_1_636' title='bbox 1310 2395 1385 2432; x_wconf 88' lang='lat' dir='ltr'>Nec</span> <span class='ocrx_word' id='word_1_637' title='bbox 1408 2391 1615 2444; x_wconf 87' lang='lat' dir='ltr'>simpliciter</span> <span class='ocrx_word' id='word_1_638' title='bbox 1629 2389 1745 2437; x_wconf 82' lang='lat' dir='ltr'>dixit,</span> <span class='ocrx_word' id='word_1_639' title='bbox 1764 2388 2061 2439; x_wconf 85' lang='lat' dir='ltr'>Misericordiam,</span> <span class='ocrx_word' id='word_1_640' title='bbox 2077 2390 2139 2428; x_wconf 85' lang='lat' dir='ltr'>sed</span> 
     </span>
     <span class='ocr_line' id='line_1_88' title="bbox 1157 2450 2138 2498; baseline -0.009 -2"><span class='ocrx_word' id='word_1_641' title='bbox 1157 2459 1314 2496; x_wconf 81' lang='lat' dir='ltr'>Viscera</span> <span class='ocrx_word' id='word_1_642' title='bbox 1333 2453 1615 2498; x_wconf 82' lang='lat' dir='ltr'>misericordioe,</span> <span class='ocrx_word' id='word_1_643' title='bbox 1626 2459 1665 2489; x_wconf 90' lang='lat' dir='ltr'>ut</span> <span class='ocrx_word' id='word_1_644' title='bbox 1683 2451 1878 2488; x_wconf 86' lang='lat' dir='ltr'>naturalem</span> <span class='ocrx_word' id='word_1_645' title='bbox 1895 2450 2075 2488; x_wconf 89' lang='lat' dir='ltr'>imitemur</span> <span class='ocrx_word' id='word_1_646' title='bbox 2087 2451 2138 2488; x_wconf 85' lang='lat' dir='ltr'>di-</span> 
     </span>
     <span class='ocr_line' id='line_1_89' title="bbox 1154 2511 2137 2562; baseline -0.008 -6"><span class='ocrx_word' id='word_1_647' title='bbox 1154 2518 1351 2556; x_wconf 86' lang='lat' dir='ltr'>lectionem.</span> <span class='ocrx_word' id='word_1_648' title='bbox 1371 2517 1510 2555; x_wconf 81' lang='lat' dir='ltr'>Verum</span> <span class='ocrx_word' id='word_1_649' title='bbox 1537 2527 1601 2551; x_wconf 90' lang='lat' dir='ltr'>nos</span> <span class='ocrx_word' id='word_1_650' title='bbox 1631 2511 1806 2550; x_wconf 85' lang='lat' dir='ltr'>contraria</span> <span class='ocrx_word' id='word_1_651' title='bbox 1825 2511 1973 2549; x_wconf 82' lang='lat' dir='ltr'>facimus</span> <span class='ocrx_word' id='word_1_652' title='bbox 1988 2512 2036 2549; x_wconf 87' lang='lat' dir='ltr'>:si</span> <span class='ocrx_word' id='word_1_653' title='bbox 2058 2512 2137 2562; x_wconf 88' lang='lat' dir='ltr'>quis</span> 
     </span>
     <span class='ocr_line' id='line_1_90' title="bbox 1154 2572 2136 2629; baseline -0.007 -12"><span class='ocrx_word' id='word_1_654' title='bbox 1154 2579 1300 2617; x_wconf 84' lang='lat' dir='ltr'>obolum</span> <span class='ocrx_word' id='word_1_655' title='bbox 1316 2577 1493 2629; x_wconf 82' lang='lat' dir='ltr'>petiturus</span> <span class='ocrx_word' id='word_1_656' title='bbox 1509 2573 1665 2623; x_wconf 83' lang='lat' dir='ltr'>accedat,</span> <span class='ocrx_word' id='word_1_657' title='bbox 1681 2572 1904 2609; x_wconf 82' lang='lat' dir='ltr'>contumeliis</span> <span class='ocrx_word' id='word_1_658' title='bbox 1920 2582 1953 2610; x_wconf 90' lang='lat' dir='ltr'>et</span> <span class='ocrx_word' id='word_1_659' title='bbox 1967 2573 2136 2611; x_wconf 82' lang='lat' dir='ltr'>conviciis</span> 
     </span>
     <span class='ocr_line' id='line_1_91' title="bbox 1152 2633 2337 2688; baseline -0.009 -10"><span class='ocrx_word' id='word_1_660' title='bbox 1152 2652 1356 2687; x_wconf 83' lang='lat' dir='ltr'>oneramus,</span> <span class='ocrx_word' id='word_1_661' title='bbox 1373 2647 1614 2688; x_wconf 80' lang='lat' dir='ltr'>aggressorem</span> <span class='ocrx_word' id='word_1_662' title='bbox 1640 2645 1820 2671; x_wconf 74' lang='lat' dir='ltr'>vocamus.</span> <span class='ocrx_word' id='word_1_663' title='bbox 1836 2633 1916 2669; x_wconf 91' lang='lat' dir='ltr'>Non</span> <span class='ocrx_word' id='word_1_664' title='bbox 1943 2633 2130 2678; x_wconf 86' lang='lat' dir='ltr'>horrescis,</span> <span class='ocrx_word' id='word_1_665' title='bbox 2168 2635 2337 2674; x_wconf 76' lang='lat' dir='ltr'>Eleemosy-</span> 
     </span>
     <span class='ocr_line' id='line_1_92' title="bbox 1151 2686 2336 2749; baseline -0.008 -11"><span class='ocrx_word' id='word_1_666' title='bbox 1151 2714 1172 2738; x_wconf 93' lang='grc' dir='ltr'>ο</span> <span class='ocrx_word' id='word_1_667' title='bbox 1197 2699 1321 2749; x_wconf 86' lang='lat' dir='ltr'>homo,</span> <span class='ocrx_word' id='word_1_668' title='bbox 1353 2710 1423 2735; x_wconf 93' lang='lat' dir='ltr'>non</span> <span class='ocrx_word' id='word_1_669' title='bbox 1453 2695 1629 2732; x_wconf 86' lang='lat' dir='ltr'>erubescis</span> <span class='ocrx_word' id='word_1_670' title='bbox 1640 2721 1650 2741; x_wconf 86' lang='lat'>,</span> <span class='ocrx_word' id='word_1_671' title='bbox 1680 2692 1769 2729; x_wconf 90' lang='lat' dir='ltr'>dum</span> <span class='ocrx_word' id='word_1_672' title='bbox 1794 2705 2034 2743; x_wconf 81' lang='lat' dir='ltr'>aggressorem</span> <span class='ocrx_word' id='word_1_673' title='bbox 2066 2706 2132 2744; x_wconf 90' lang='lat' dir='ltr'>pro</span> <span class='ocrx_word' id='word_1_674' title='bbox 2147 2686 2336 2745; x_wconf 46' lang='lat' dir='ltr'>xendaffissf&#39;</span> 
     </span>
     <span class='ocr_line' id='line_1_93' title="bbox 1150 2751 2132 2808; baseline -0.008 -9"><span class='ocrx_word' id='word_1_675' title='bbox 1150 2756 1404 2799; x_wconf 83' lang='lat' dir='ltr'>emendicando</span> <span class='ocrx_word' id='word_1_676' title='bbox 1417 2768 1507 2808; x_wconf 86' lang='lat' dir='ltr'>pane</span> <span class='ocrx_word' id='word_1_677' title='bbox 1523 2752 1653 2793; x_wconf 74' lang='lat' dir='ltr'>vocas?</span> <span class='ocrx_word' id='word_1_678' title='bbox 1673 2751 1779 2798; x_wconf 86' lang='lat' dir='ltr'>Quod</span> <span class='ocrx_word' id='word_1_679' title='bbox 1801 2752 1831 2789; x_wconf 89' lang='lat' dir='ltr'>si</span> <span class='ocrx_word' id='word_1_680' title='bbox 1858 2752 1916 2788; x_wconf 90' lang='lat' dir='ltr'>hic</span> <span class='ocrx_word' id='word_1_681' title='bbox 1934 2754 2132 2804; x_wconf 83' lang='lat' dir='ltr'>aggressio-</span> 
     </span>
     <span class='ocr_line' id='line_1_94' title="bbox 1150 2811 2133 2866; baseline -0.01 -7"><span class='ocrx_word' id='word_1_682' title='bbox 1150 2834 1232 2859; x_wconf 91' lang='lat' dir='ltr'>nem</span> <span class='ocrx_word' id='word_1_683' title='bbox 1248 2819 1365 2866; x_wconf 82' lang='lat' dir='ltr'>saciat,</span> <span class='ocrx_word' id='word_1_684' title='bbox 1379 2817 1446 2854; x_wconf 88' lang='lat' dir='ltr'>hac</span> <span class='ocrx_word' id='word_1_685' title='bbox 1464 2823 1556 2852; x_wconf 90' lang='lat' dir='ltr'>certe</span> <span class='ocrx_word' id='word_1_686' title='bbox 1574 2812 1619 2851; x_wconf 87' lang='lat' dir='ltr'>de</span> <span class='ocrx_word' id='word_1_687' title='bbox 1631 2825 1735 2850; x_wconf 86' lang='lat' dir='ltr'>causa</span> <span class='ocrx_word' id='word_1_688' title='bbox 1749 2811 1992 2849; x_wconf 87' lang='lat' dir='ltr'>misericordia</span> <span class='ocrx_word' id='word_1_689' title='bbox 2002 2812 2133 2865; x_wconf 80' lang='lat' dir='ltr'>dignus</span> 
     </span>
     <span class='ocr_line' id='line_1_95' title="bbox 1151 2872 2133 2933; baseline -0.006 -15"><span class='ocrx_word' id='word_1_690' title='bbox 1151 2890 1216 2930; x_wconf 87' lang='lat' dir='ltr'>est,</span> <span class='ocrx_word' id='word_1_691' title='bbox 1234 2879 1318 2931; x_wconf 90' lang='lat' dir='ltr'>quia</span> <span class='ocrx_word' id='word_1_692' title='bbox 1334 2878 1382 2916; x_wconf 88' lang='lat' dir='ltr'>sic</span> <span class='ocrx_word' id='word_1_693' title='bbox 1396 2890 1417 2913; x_wconf 88' lang='lat' dir='ltr'>a</span> <span class='ocrx_word' id='word_1_694' title='bbox 1431 2876 1524 2913; x_wconf 84' lang='lat' dir='ltr'>fame</span> <span class='ocrx_word' id='word_1_695' title='bbox 1541 2872 1730 2926; x_wconf 86' lang='lat' dir='ltr'>premitur,</span> <span class='ocrx_word' id='word_1_696' title='bbox 1755 2880 1795 2909; x_wconf 90' lang='lat' dir='ltr'>ut</span> <span class='ocrx_word' id='word_1_697' title='bbox 1813 2872 1927 2933; x_wconf 19' lang='lat' dir='ltr'>talem*</span> <span class='ocrx_word' id='word_1_698' title='bbox 1944 2887 2133 2924; x_wconf 88' lang='lat' dir='ltr'>personam</span> 
     </span>
     <span class='ocr_line' id='line_1_96' title="bbox 1150 2933 2130 2981; baseline -0.009 0"><span class='ocrx_word' id='word_1_699' title='bbox 1150 2948 1317 2981; x_wconf 83' lang='lat' dir='ltr'>assumat.</span> <span class='ocrx_word' id='word_1_700' title='bbox 1337 2938 1401 2976; x_wconf 82' lang='lat' dir='ltr'>Est</span> <span class='ocrx_word' id='word_1_701' title='bbox 1417 2946 1451 2975; x_wconf 88' lang='lat' dir='ltr'>et</span> <span class='ocrx_word' id='word_1_702' title='bbox 1467 2936 1536 2973; x_wconf 82' lang='lat' dir='ltr'>hoe</span> <span class='ocrx_word' id='word_1_703' title='bbox 1556 2933 1827 2972; x_wconf 86' lang='lat' dir='ltr'>inhumanitatis</span> <span class='ocrx_word' id='word_1_704' title='bbox 1842 2942 1969 2971; x_wconf 80' lang='lat' dir='ltr'>nostrae</span> <span class='ocrx_word' id='word_1_705' title='bbox 1986 2934 2130 2972; x_wconf 90' lang='lat' dir='ltr'>crimen.</span> 
     </span>
     <span class='ocr_line' id='line_1_97' title="bbox 1152 2993 2132 3053; baseline -0.009 -11"><span class='ocrx_word' id='word_1_706' title='bbox 1152 3003 1247 3053; x_wconf 87' lang='lat' dir='ltr'>Quia</span> <span class='ocrx_word' id='word_1_707' title='bbox 1274 3000 1369 3040; x_wconf 89' lang='lat' dir='ltr'>enim</span> <span class='ocrx_word' id='word_1_708' title='bbox 1395 3011 1464 3037; x_wconf 89' lang='lat' dir='ltr'>non</span> <span class='ocrx_word' id='word_1_709' title='bbox 1484 2995 1586 3036; x_wconf 87' lang='lat' dir='ltr'>facile</span> <span class='ocrx_word' id='word_1_710' title='bbox 1604 3008 1801 3047; x_wconf 76' lang='lat' dir='ltr'>erogamUS,</span> <span class='ocrx_word' id='word_1_711' title='bbox 1822 2993 1919 3032; x_wconf 85' lang='lat' dir='ltr'>mille</span> <span class='ocrx_word' id='word_1_712' title='bbox 1933 2995 2132 3046; x_wconf 76' lang='lat' dir='ltr'>excogitare</span> 
     </span>
    </p>
   </div>
   <div class='ocr_carea' id='block_1_10' title="bbox 1128 3118 2133 3271">
    <p class='ocr_par' dir='ltr' id='par_1_32' title="bbox 1128 3118 2133 3271">
     <span class='ocr_line' id='line_1_98' title="bbox 1128 3118 2132 3175; baseline -0.011 -13"><span class='ocrx_word' id='word_1_713' title='bbox 1128 3139 1286 3175; x_wconf 85' lang='lat' dir='ltr'>pauperes</span> <span class='ocrx_word' id='word_1_714' title='bbox 1301 3131 1432 3162; x_wconf 78' lang='grc' dir='ltr'>ἐπιθέται</span> <span class='ocrx_word' id='word_1_715' title='bbox 1446 3129 1560 3165; x_wconf 86' lang='lat' dir='ltr'>erant,</span> <span class='ocrx_word' id='word_1_716' title='bbox 1578 3121 1632 3164; x_wconf 83' lang='lat' dir='ltr'>qui</span> <span class='ocrx_word' id='word_1_717' title='bbox 1644 3120 1705 3152; x_wconf 81' lang='lat' dir='ltr'>suh</span> <span class='ocrx_word' id='word_1_718' title='bbox 1719 3119 1875 3152; x_wconf 86' lang='lat' dir='ltr'>ementita</span> <span class='ocrx_word' id='word_1_719' title='bbox 1893 3118 1999 3160; x_wconf 87' lang='lat' dir='ltr'>specie</span> <span class='ocrx_word' id='word_1_720' title='bbox 2012 3130 2132 3161; x_wconf 85' lang='lat' dir='ltr'>panem</span> 
     </span>
     <span class='ocr_line' id='line_1_99' title="bbox 1129 3170 2133 3224; baseline -0.013 -8"><span class='ocrx_word' id='word_1_721' title='bbox 1129 3182 1181 3216; x_wconf 74' lang='lat' dir='ltr'>vel</span> <span class='ocrx_word' id='word_1_722' title='bbox 1197 3180 1370 3224; x_wconf 77' lang='lat' dir='ltr'>pecuniam</span> <span class='ocrx_word' id='word_1_723' title='bbox 1385 3173 1652 3214; x_wconf 86' lang='lat' dir='ltr'>emendicabant‚</span> <span class='ocrx_word' id='word_1_724' title='bbox 1665 3182 1747 3215; x_wconf 87' lang='lat' dir='ltr'>quos</span> <span class='ocrx_word' id='word_1_725' title='bbox 1763 3182 1830 3203; x_wconf 88' lang='lat' dir='ltr'>non</span> <span class='ocrx_word' id='word_1_726' title='bbox 1844 3170 2049 3213; x_wconf 87' lang='lat' dir='ltr'>repellendos</span> <span class='ocrx_word' id='word_1_727' title='bbox 2065 3182 2133 3203; x_wconf 84' lang='lat' dir='ltr'>esse</span> 
     </span>
     <span class='ocr_line' id='line_1_100' title="bbox 1131 3222 2131 3271; baseline -0.015 -4"><span class='ocrx_word' id='word_1_728' title='bbox 1131 3235 1177 3266; x_wconf 85' lang='lat' dir='ltr'>ait</span> <span class='ocrx_word' id='word_1_729' title='bbox 1197 3233 1233 3266; x_wconf 83' lang='lat' dir='ltr'>S.</span> <span class='ocrx_word' id='word_1_730' title='bbox 1250 3231 1382 3270; x_wconf 86' lang='lat' dir='ltr'>doctor,</span> <span class='ocrx_word' id='word_1_731' title='bbox 1397 3229 1453 3271; x_wconf 79' lang='lat' dir='ltr'>qui</span> <span class='ocrx_word' id='word_1_732' title='bbox 1469 3226 1583 3259; x_wconf 84' lang='lat' dir='ltr'>eadem</span> <span class='ocrx_word' id='word_1_733' title='bbox 1608 3224 1712 3257; x_wconf 84' lang='lat' dir='ltr'>utitur</span> <span class='ocrx_word' id='word_1_734' title='bbox 1729 3234 1809 3258; x_wconf 85' lang='lat' dir='ltr'>voce</span> <span class='ocrx_word' id='word_1_735' title='bbox 1832 3222 1986 3256; x_wconf 87' lang='lat' dir='ltr'>Homiliis</span> <span class='ocrx_word' id='word_1_736' title='bbox 2003 3223 2036 3256; x_wconf 85' lang='lat' dir='ltr'>in</span> <span class='ocrx_word' id='word_1_737' title='bbox 2050 3224 2131 3266; x_wconf 86' lang='lat' dir='ltr'>Epi-</span> 
     </span>
    </p>
   </div>
   <div class='ocr_carea' id='block_1_11' title="bbox 1132 3280 1958 3358">
    <p class='ocr_par' dir='ltr' id='par_1_33' title="bbox 1132 3280 1958 3358">
     <span class='ocr_line' id='line_1_101' title="bbox 1132 3280 1958 3358; baseline -0.019 -40"><span class='ocrx_word' id='word_1_738' title='bbox 1132 3285 1252 3318; x_wconf 84' lang='lat' dir='ltr'>stolam</span> <span class='ocrx_word' id='word_1_739' title='bbox 1269 3282 1312 3315; x_wconf 87' lang='lat' dir='ltr'>ad</span> <span class='ocrx_word' id='word_1_740' title='bbox 1329 3280 1496 3315; x_wconf 78' lang='lat' dir='ltr'>Hebraeos.</span> <span class='ocrx_word' id='word_1_741' title='bbox 1912 3320 1958 3358; x_wconf 64' lang='lat'>45</span> 
     </span>
    </p>
   </div>
  </div>
 </body>
</html>
