2502 3810
754 294 797 323 IN
836 294 976 324 EPlS'r.

113 377 280 430 Καθάπερ
305 372 361 416 οἶν
383 380 400 416 ὁ
426 379 459 416 ἐν
482 381 532 432 τῷ
551 378 634 431 οἴκῳ
652 381 711 416 τοῦ
731 379 822 417 Θεοῦ
843 375 1105 426 διακονούμενος
1122 405 1131 423 ,

113 439 173 478 καὶ
189 439 389 490 ἱερωμένος,
419 434 486 482 οἶος
506 438 546 476 ’ἂν
565 433 606 490 ἦ,
629 438 854 476 συστέλλεται
880 437 958 475 τότε
987 436 1046 474 καὶ
1071 452 1132 473 σε-

114 500 274 552 μνότερος
294 499 438 551 γίνεται·
457 499 545 537 οὕτω
561 500 620 538 καὶ
633 504 727 550 ἡμᾶς
741 499 798 537 τὸν
815 499 953 536 ἅπαντα
968 497 1038 548 βίον
1058 498 1131 533 δια-

112 564 247 599 κεῖσθαι
266 561 334 613 χρὴ
349 590 358 607 ,
378 564 424 605 ὡς
440 561 668 612 λατρεύοντας
690 560 748 598 καὶ
767 558 985 612 ἷερωμένους.
1002 557 1131 594 ’Ἔσται

114 621 149 661 δὲ
171 625 292 667 τοῦτο,
314 622 370 660 ἐὰν
391 623 467 660 καθ’
493 622 641 667 ἑκάστην
662 619 796 672 ἡμέραν
819 619 1017 673 προσφέρῃς
1037 619 1130 668 αὐτῷ

113 682 251 733 θύματα
265 714 275 729 ,
291 683 351 721 καὶ
363 682 472 735 ἱερεὺς
486 687 545 720 τοῦ
564 682 690 721 οἰκείου
706 681 868 732 σώματος
881 680 977 732 γίνῃ,
996 679 1055 717 καὶ
1069 680 1132 723 τῆς

114 744 205 782 κατὰ
233 743 348 796 ψυχὴν
377 746 525 795 ἄρετ’-ἧς·
554 737 639 791 οἷον,
674 742 755 780 ὅταν
782 740 1003 793 σωφροσύνην
1025 754 1131 790 προσ-

113 803 273 855 ενέγκῃς,
300 804 379 842 ὅταν
400 803 646 855 ἐλεημοσύνην,
669 803 750 841 ὅταν
772 801 958 840 ἐπιείκειαν
977 799 1036 839 καὶ
1053 802 1131 837 ἀνε-

116 864 287 908 ξικακίαν.
306 867 430 911 Ταῦτα
449 865 516 916 γὰρ
546 868 669 911 ποιῶν,
692 863 870 916 ἀναφέρεις
903 860 1045 911 λογικὴν
1065 862 1133 898 λα-

117 925 253 978 τρείαν·
282 926 471 974 τουτέστιν,
500 925 595 963 οὐδὲν
620 924 765 976 ἔχουσαν
799 922 1014 973 σωματικὸν,
1038 920 1133 959 οὐθὲν

117 985 212 1038 παχὺ
229 1016 238 1031 ,
261 986 354 1024 οὐδὲν
385 986 558 1032 αἰσθητόν.
581 985 739 1036 Ἔπάρας
755 984 867 1022 τοίνυν
887 983 943 1021 διὰ
972 985 1040 1020 τῶν
1060 985 1137 1020 ὄνο-

119 1063 238 1096 ματων
254 1048 310 1085 τὸν
329 1047 516 1099 ἀκροατὴν,
540 1047 599 1084 καὶ
619 1046 764 1083 ε’καστον
784 1044 878 1095 ἵερέα
899 1043 955 1081 δια
974 1047 1036 1089 τῆς
1057 1045 1136 1080 ἔαυ-

117 1112 177 1144 τοῦ
194 1106 338 1158 σαρκὸς,
359 1107 416 1145 διὰ
446 1110 508 1152 της
526 1106 660 1145 πολιτὲ
631 1122 702 1149 ειας
723 1103 925 1156 ἀποφήνας,
954 1104 993 1142 λε’
979 1119 1048 1154 γει
1078 1118 1136 1140 και

117 1166 175 1204 τὸν
204 1167 344 1218 τρόπον,
370 1168 415 1204 δι’
439 1171 476 1204 οὗ
509 1168 650 1205 δυνατὸν
679 1166 800 1204 *πάντ
804 1169 1049 1217 ακατορθοῦν.
1072 1164 1137 1209 Τίς

115 1231 173 1265 οὐν
194 1227 374 1279 ὃτρόπος,
402 1227 464 1275 Μη
495 1227 816 1280 συσχηματίζεσθε,
836 1226 941 1279 φησὶ,
962 1229 1011 1264 τῶ
1040 1228 1138 1264 αἰωνι

115 1286 226 1340 τούτῳ
240 1316 249 1333 ,
287 1287 376 1325 ἀλλὰ
414 1292 700 1340 μεταμορφοῦσθε
733 1290 777 1338 τῇ
813 1286 1045 1325 ἀνακαινώσει
1079 1289 1138 1324 τοῦ

115 1348 189 1391 νοὸς
203 1350 311 1398 ὑμῶν,
327 1349 398 1387 Καὶ
416 1348 483 1400 γὰρ
502 1349 720 1401 χαμαίζηλον
736 1348 774 1386 τὸ
795 1350 919 1400 σχῆμα
939 1351 998 1385 τοῦ
1017 1348 1138 1390 αἰῶνος

115 1408 238 1447 τούτου
258 1409 316 1447 καὶ
342 1409 474 1453 εὐτελὲς
506 1410 565 1447 καὶ
586 1409 810 1460 πρόσκαιρον,
842 1409 902 1447 καὶ
934 1408 1029 1446 οὐδὲν
1060 1408 1138 1459 ἔχον

118 1470 262 1521 ὖψηλὸν,
282 1469 377 1508 οὐδὲν
395 1471 569 1518 διηνεκὲς,
589 1470 684 1508 οὐδὲν
705 1469 819 1517 εὖθὲς,
836 1469 925 1507 ἀλλὰ
939 1468 1055 1507 πάντα
1075 1470 1140 1506 διε-

120 1530 338 1582 στραμμένα.
368 1533 414 1569 Εἰ
430 1531 542 1569 τοίνυν
562 1531 646 1583 ὀρθὰ
677 1530 792 1582 βούλει
815 1530 978 1581 βαδίζειν,
999 1530 1047 1581 μὴ
1074 1545 1140 1567 τυ-

101 1604 105 1607 ·
119 1590 241 1642 πώσῃς
260 1591 379 1628 ἑαυτὸν
393 1590 483 1628 κατὰ
498 1591 536 1629 τὸ
546 1593 615 1643 σχῆ
621 1607 670 1641 μα
685 1594 744 1629 τοῦ
759 1590 927 1642 παρόντος
940 1590 1013 1642 βίου
1025 1605 1032 1613 ·
1045 1589 1138 1629 οὐδὲν

119 1652 185 1703 γὰρ
213 1655 282 1689 τῶν
316 1653 350 1689 ἐν
372 1654 465 1704 αὐτῷ
486 1651 586 1702 μένον
617 1652 676 1690 καὶ
704 1651 850 1703 βεῧηκός
876 1655 962 1690 ἐστι.
993 1652 1056 1690 Διὸ
1081 1651 1141 1690 καὶ

124 1715 247 1764 σχῆμα
271 1712 432 1750 ἐκάλεσεν
453 1711 552 1750 αὐτό·
581 1712 639 1750 καὶ
658 1714 811 1764 ἀλλαχοῦ
837 1713 955 1760 πάλιν,
982 1712 1143 1764 Παράγει

122 1773 190 1824 γὰρ
205 1789 244 1811 το
262 1789 384 1845 σγημα
398 1777 457 1811 τοῦ
475 1772 606 1824 κόσυιου
623 1773 754 1812 τούτου.
770 1773 881 1812 Οὐδὲν
898 1773 965 1825 γὰρ
984 1773 1143 1827 ἑδιαρκες

122 1834 199 1872 0u6=
217 1850 371 1885 πεπηγος
393 1833 485 1887 ἔχει,
513 1811 602 1872 ἀλλὰ
621 1834 735 1873 πάντα
752 1834 961 1886 πρόσκαιρα.
982 1834 1045 1873 Διὸ
1065 1834 1141 1881 καὶ,

124 1897 188 1934 To
209 1897 308 1933 αἰωνι
326 1895 454 1947 τούτω,
476 1899 550 1933 ειπε
566 1911 574 1919 ·
599 1894 656 1933 δια
674 1895 795 1934 τούτου
827 1895 888 1946 μὲν
917 1896 955 1934 τὸ
979 1895 1142 1947 ἐπίκηρον

124 1956 251 2003 δηλῶν,
282 1955 338 1994 διὰ
373 1956 409 1994 δὲ
441 1959 499 1993 τοῦ
530 1954 712 2008 σχηματος
740 1973 779 1994 το
800 1953 1048 1994 ἀνυπόστατον.
1069 1956 1142 1994 Καν

124 2016 193 2068 γαρ
216 2018 362 2054 πλοῦτον
396 2014 513 2068 εἴπης,
532 2018 596 2055 κᾶν
622 2016 676 2054 8όῖ
663 2032 734 2063 ςαν,
765 2032 829 2054 καν
850 2015 1010 2067 σώματος
1033 2016 1142 2069 ὥραν,

123 2093 189 2114 καν
214 2076 358 2129 τρυφὴν,
381 2093 445 2114 καν
473 2080 651 2116 ἀλλοτιοῦν
670 2093 738 2114 των
761 2075 949 2115 δοκούντων
970 2070 1056 2115 εἶναι
1087 2093 1146 2128 με-

126 2137 256 2189 γάλων,
274 2154 395 2190 σχημα
424 2137 525 2188 μόνον
554 2137 660 2186 ἐστὶν,
691 2139 728 2176 οὔ
755 2138 960 2211 πράγματος
978 2140 1022 2176 ἀλ
1023 2139 1085 2185 ηθε
1090 2154 1144 2186 ια,

126 2198 286 2242 επίδειξις
305 2199 364 2236 καὶ
383 2204 614 2252 προσωπεῖον,
639 2201 702 2250 οὐχ
728 2199 916 2242 ὑπόστασίς
939 2216 991 2243 τις
1025 2199 1144 2249 μένου-

126 2274 182 2297 σα.
203 2258 307 2297 Ἀλλὰ
330 2259 371 2296 σὺ
406 2260 453 2310 μὴ
476 2260 735 2312 συσχηματίζου
763 2258 894 2311 τούτῳ,
929 2260 1018 2297 ἀλλὰ
1039 2276 1144 2310 μετα-

126 2323 273 2371 μορφοῦ,
303 2319 419 2371 φησὶν,
447 2319 508 2358 ᾶέν
541 2337 583 2372 τῃ
609 2319 841 2358 ἀνακαινωσει
860 2322 919 2358 τοῦ
949 2320 1035 2363 νοός.
1068 2323 1145 2359 Οὐκ

123 2384 218 2428 εἷπε,
250 2396 388 2432 μετασχ
389 2381 580 2432 ηματίζου,
604 2381 716 2428 ἀλλὰ,
733 2383 990 2432 Μεταμορφοῦ,
1012 2379 1144 2426 δεικνύς

123 2457 177 2479 οτι
195 2440 234 2478 τὸ
255 2457 297 2492 με
299 2457 316 2478 ν
336 2446 395 2480 τοῦ
416 2441 547 2493 κόσμου
561 2456 731 2494 ,σχημα·
749 2441 788 2479 τὸ
808 2442 843 2480 δε
858 2458 919 2489 της
935 2458 1082 2494 αρετης,
1106 2445 1144 2482 οὐ

125 2505 269 2553 σχῆμα,
291 2502 380 2540 ἀλλὰ
401 2503 515 2555 μορφή
531 2520 582 2547 τις
603 2503 736 2550 ἀληθὴς
752 2502 894 2555 φυσικὸν
909 2503 1037 2555 ἔχουσα
1057 2503 1143 2543 κά)-

125 2564 205 2610 λος,
239 2565 276 2601 οὐ
303 2563 462 2614 δεόμενον
482 2567 550 2602 τῶν
577 2563 699 2608 ἔξωθεν
731 2563 998 2617 ἐπιτριμμοίτων
1018 2580 1054 2602 τε
1084 2565 1143 2603 καὶ

125 2623 331 2675 σχημάτων,
345 2627 414 2666 τῶν
425 2627 510 2675 ὁμοῦ
523 2641 558 2662 τε
574 2625 787 2676 φαινομένων
803 2625 862 2662 καὶ
877 2625 1124 2675 ἀπολλυμένων
1136 2641 1144 2649 ·

127 2682 187 2718 καὶ
203 2681 270 2734 γὰρ
285 2681 422 2719 ἅπαντα
441 2686 572 2729 ταῦτα,
591 2682 671 2734 πρὶν
688 2681 709 2727 ἢ
727 2684 899 2734 φανῆναι,
918 2683 1072 2721 εὶλύεται.
1085 2683 1146 2722 Ἂν

126 2740 240 2779 τοίνυν
254 2741 293 2779 τὸ
309 2744 432 2793 σχῆμα
450 2741 568 2794 ῥίψῃς,
587 2742 720 2794 ταχέως
739 2741 796 2780 ἐπὶ
811 2741 873 2789 τὴν
891 2743 1025 2794 μορφὴν
1042 2743 1145 2789 ἥξεις.

127 2801 238 2840 Οὐδὲν
255 2801 322 2854 γὰρ
347 2805 408 2848 τ’ῆς
430 2802 555 2847 κακίας
571 2803 826 2855 ἀσθενέστερον,
852 2803 947 2842 οὐδὲν
967 2803 1056 2842 οὕτω
1076 2821 1147 2843 πα-

127 2863 285 2901 λαιοῦται
303 2863 439 2916 ῥαδίως.
459 2858 549 2902 Εἶτα
575 2863 693 2910 ἐπειδὴ
711 2864 911 2917 ἀνθρώπους
930 2864 1029 2908 ὄντας
1058 2866 1146 2909 εἰκὸς

124 2927 204 2962 καθ’
229 2925 377 2972 ἑκάστην
400 2925 612 2977 ἁμαρτάνειν
631 2925 694 2972 τὴν
715 2925 864 2978 ἡμέραν,
889 2931 1146 2978 παραμυθεῖται

128 2985 186 3022 τὸν
199 2985 370 3038 ἀκροατὴν
391 2986 514 3036 λέγων,
529 2985 581 3024 ὅτι
600 2988 676 3024 καθ’
692 2986 842 3033 ἑκάστην
863 2986 1048 3026 ἀνακαίνου
1066 3005 1147 3026 σαυ-

129 3045 199 3083 τόν.
217 3043 334 3098 “One-:p
356 3047 413 3085 ἐπὶ
436 3050 504 3085 τῶν
535 3050 652 3086 οἰκιῶν
682 3051 864 3098 ποιοῦμεν,
887 3049 1148 3100 παλαιουμένας

130 3105 234 3148 αὐτὰς
262 3106 315 3144 ἀεὶ
343 3108 573 3159 διορθοῦντες,
596 3114 696 3148 τοῦτο
717 3108 776 3147 καὶ
797 3110 854 3148 ἐπὶ
885 3115 1011 3148 σαυτοῦ
1043 3110 1146 3149 ποίει.

130 3164 312 3216 Ἧμαρτες
330 3166 501 3218 σήμερον,
520 3169 742 3213 ε’παλαίωσάς
762 3185 821 3208 σου
842 3169 904 3217 τὴν
924 3170 1038 3222 ψυχήν
1055 3187 1064 3218 ;
1084 3171 1145 3218 Μὴ

133 3226 292 3276 ἀπογνῷς
306 3226 393 3276 μηδὲ
413 3229 590 3281 ἀναπέσῃς
600 3260 612 3276 ,
633 3232 708 3269 ἀλλ’
729 3231 951 3270 ἀνακαίνισον
973 3231 1082 3279 αὐτὴν
1097 3248 1158 3283 με·

133 3291 252 3344 τανοία
269 3291 328 3330 καὶ
347 3292 491 3344 δάκρυσι
509 3294 568 3332 καὶ
584 3295 831 3348 ἐξομολογήσει
849 3297 906 3335 καὶ
926 3301 968 3348 τῇ
988 3300 1056 3336 τῶν
1073 3300 1158 3348 ἀγα-

183 3407 198 3423 ’
223 3406 343 3448 [ταῦτα
362 3407 398 3441 Α.
412 3413 445 3439 et
461 3417 565 3449 marg.
580 3407 696 3452 SaviL]

180 3469 192 3483 c
217 3457 329 3491 Morcl.
345 3462 459 3503 διαρκὲς
479 3465 524 3495 καὶ
546 3468 687 3504 πεπηγὸς.

1016 293 1073 321 ΑΒ
1111 291 1218 321 ΗΘΜ.

1259 291 1413 321 nomn..
1453 291 1530 320 xx.
2095 287 2185 331 7952}

1205 374 1272 412 Dei
1299 374 1476 412 ministrat
1495 382 1529 411 et
1554 372 1741 421 sacrificat,
1765 370 1925 423 quisquis
1953 369 2095 408 tandem
2124 371 2184 419 sit,

1203 441 1287 471 tunc
1303 434 1510 486 reprimitur
1520 442 1554 471 et
1565 432 1809 470 honorabilior
1819 430 1974 469 efficitur
1988 446 1995 466 :
2013 430 2062 467 sic
2076 439 2108 467 et
2125 444 2186 467 nos

1202 509 1267 545 per
1281 503 1388 531 totam
1409 494 1521 533 vitam
1535 494 1678 531 affectos
1699 507 1772 531 esse
1793 500 1942 544 oportet,
1964 500 2002 528 ut
2020 493 2096 529 Deo
2116 492 2186 527 lni-

1155 562 1178 591 C
1203 555 1389 592 nistrantes
1413 564 1445 591 ct
1463 555 1633 592 sacrificia
1657 554 1850 591 offerentes.
1871 553 1945 591 Hoc
1964 561 2080 590 autem
2107 552 2186 595 crit,

1203 615 1232 652 si
1251 629 1315 666 per
1343 615 1502 665 singulos
1530 614 1604 651 dxcs
1627 615 1753 651 offeras
1776 614 1829 650 illi
1862 613 2034 650 sacrificia
2070 622 2103 649 et
2134 612 2186 649 tui

1203 675 1358 727 corporis
1377 675 1539 712 sacerdos
1555 676 1613 723 sis,
1626 676 1770 726 ejusque
1784 689 1862 724 quae
1877 674 2067 712 secundum
2093 688 2189 711 men-

1204 745 1275 774 tem
1300 746 1350 774 est
1373 736 1541 774 virtutis:
1562 736 1715 787 exempli
1745 749 1849 773 causa
1881 749 1961 772 cum
1991 735 2190 772 castitatem

1205 797 1391 844 obtuleris,
1426 811 1507 834 cum
1537 798 1808 848 eleemosynam,
1837 811 1917 833 cum
1948 796 2189 834 mansuetudi-

1205 871 1284 895 nem
1308 868 1340 896 et
1370 858 1584 910 injuriarum
1611 857 1841 895 oblivionem.
1864 856 1946 894 Haec
1977 871 2057 894 cum
2088 857 2188 907 facis,

1204 920 1451 957 rationabilem
1475 920 1611 957 cultum
1637 919 1762 968 offers,
1781 918 1822 955 id
1840 927 1902 966 cst,
1923 918 1985 969 qui
2006 919 2097 955 nihil
2124 919 2191 956 ha-

1204 979 1285 1017 beat
1317 993 1542 1032 corporeum,
1563 979 1655 1016 nihil
1689 993 1863 1028 crassum,
1889 979 1980 1015 nihil
2013 979 2190 1017 sensibile.

1207 1039 1299 1077 Cum
1321 1040 1432 1091 igitur
1460 1039 1635 1078 auditoris
1671 1048 1826 1076 mentem
1858 1053 1922 1090 per
1955 1037 2031 1075 brec
2050 1041 2192 1076 nomina

1207 1101 1391 1150 erexisset}
1405 1111 1439 1139 et
1458 1113 1748 1151 unumquemque
1773 1114 1836 1152 per
1859 1113 1963 1137 suam
1993 1113 2133 1136 carnem
2152 1114 2194 1137 ac

1206 1176 1270 1213 per
1293 1162 1497 1200 institutum
1514 1161 1599 1200 vitae
1628 1160 1846 1199 sacerdotem
1874 1174 1948 1198 esse
1966 1160 2193 1209 declarasset,

1209 1222 1358 1261 modum
1382 1223 1489 1261 etiam
1509 1223 1597 1261 dicit
1623 1222 1820 1260 seeundum
1839 1235 1945 1272 quem
1972 1221 2091 1259 omnia
2110 1235 2193 1273 pos-

1209 1290 1291 1322 sunt
1323 1293 1416 1322 recte
1442 1284 1513 1336 agi.
1537 1283 1628 1330 Quis
1649 1283 1709 1320 ille
1742 1282 1870 1320 modus
1903 1282 1979 1320 est?
1997 1285 2034 1320 9.
2063 1283 2196 1319 Nolite

1210 1346 1463 1398 conformari,
1484 1345 1611 1396 inquit,
1630 1346 1719 1382 huic
1741 1344 1895 1390 saeculo,
1914 1344 1983 1381 sed
1998 1345 2132 1395 transf
2128 1357 2194 1380 or-

1211 1408 1373 1443 mamini
1384 1421 1454 1458 per
1467 1407 1758 1444 renovationem
1779 1405 1916 1442 mentis
1936 1413 2088 1442 vestrae.
2109 1403 2196 1441 Ete-

1211 1466 1285 1504 nim
1303 1467 1413 1519 hujus
1428 1467 1548 1505 saeculi
1566 1467 1683 1518 figura
1699 1465 1801 1502 humi
1827 1479 1951 1517 repens
1975 1474 2040 1511 cst,
2063 1465 2144 1503 vilis
2163 1475 2197 1503 et

1210 1532 1449 1580 temporanea,
1464 1528 1555 1565 nihil
1567 1527 1674 1564 habet
1688 1525 1854 1575 sublime,
1869 1526 1958 1563 nihil
1972 1534 2196 1577 perpetuum,

1211 1588 1303 1626 nihil
1321 1597 1472 1636 rectum,
1493 1588 1555 1625 sed
1577 1587 1691 1625 omnia
1708 1600 1886 1638 perversa.
1907 1586 1945 1624 Si
1965 1586 2083 1635 itaque
2105 1595 2198 1624 recte

1212 1649 1268 1688 vis
1286 1649 1461 1698 incedere,
1483 1663 1526 1686 ne
1554 1649 1684 1686 formes
1706 1647 1859 1699 teipsum
1888 1646 2083 1685 secundum
2103 1647 2198 1698 figu-

1212 1724 1290 1747 ram
1303 1710 1411 1762 hujus
1430 1710 1513 1748 vitae
1531 1725 1538 1745 :
1557 1709 1649 1746 nihil
1662 1709 1757 1745 enim
1773 1708 1810 1744 in
1829 1708 1907 1759 ipso
1925 1717 2054 1756 manet,
2066 1717 2100 1745 et
2118 1722 2199 1759 per-

1215 1780 1363 1809 severat.
1384 1770 1470 1809 Ideo
1490 1771 1644 1821 figuram
1664 1769 1849 1821 appellat:
1872 1778 1906 1806 et
1924 1769 2012 1806 alibi
2031 1783 2195 1806 ruisum:

1168 1837 1192 1868 E
1215 1834 1395 1870 Proeterit
1418 1832 1665 1885 enimsigura
1690 1833 1806 1883 hujus
1825 1832 1971 1868 mundi.
1987 1830 2089 1868 Nihil
2106 1830 2199 1868 enim
2218 1841 2246 1860 1·
2262 1831 2332 1860 00⁷·
2349 1841 2379 1869 7

1214 1892 1320 1931 habet
1336 1893 1461 1931 stabile
1487 1902 1548 1931 aut
1573 1893 1700 1940 fixum,
1721 1891 1783 1929 sed
1807 1892 1925 1929 omnia
1952 1901 2198 1943 temporanea:
2214 1873 2265 1901 3¹

1215 1953 1323 2003 unde,
1345 1956 1447 1991 Huic
1466 1954 1621 2002 soeculo,
1637 1952 1752 1990 dixit:
1769 1952 1824 1990 his
1843 1952 1963 1991 verbis
1985 1953 2125 1990 fluxum
2146 1967 2200 1991 es-

1215 2026 1250 2052 se
1265 2013 1462 2064 declarans,
1481 2028 1542 2066 per
1568 2014 1721 2064 figuram
1747 2022 1865 2050 autem
1889 2013 2049 2051 indicans
2078 2014 2202 2052 subsi-

1217 2075 1341 2112 stentia
1361 2086 1490 2112 carere.
1504 2076 1597 2112 Nam
1613 2074 1642 2111 si
1656 2073 1801 2111 divitias
1820 2073 1966 2122 dixeris,
1987 2073 2017 2111 si
2036 2074 2201 2125 gloriam,

1217 2134 1247 2172 si
1284 2135 1442 2187 corporis
1473 2134 1639 2185 formam,
1671 2134 1701 2171 si
1733 2134 1967 2185 voluptatem,
1991 2134 2021 2171 si
2059 2134 2205 2185 quidvis

1215 2195 1316 2233 aliud
1339 2196 1435 2246 quod
1448 2195 1616 2234 videatur
1631 2208 1803 2246 magnum
1823 2208 1906 2243 esse,
1929 2195 2043 2246 figura
2063 2204 2205 2233 tantum

1214 2264 1280 2306 est,
1302 2271 1372 2294 non
1403 2257 1455 2294 rei
1483 2256 1629 2306 veritas,
1660 2255 1912 2293 demonstratio
1935 2265 1968 2293 et
1996 2257 2113 2306 larva,
2137 2271 2205 2294 non

1214 2332 1359 2356 manens
1388 2317 1601 2356 substantia.
1624 2316 1696 2355 Sed
1716 2326 1756 2354 tu
1787 2330 1829 2354 ne
1850 2317 2079 2354 conformeris
2105 2318 2204 2363 huic,

1159 2380 1276 2442 659sed
1306 2380 1424 2432 potius
1452 2389 1485 2417 te
1513 2379 1739 2427 tiansforma,
1762 2378 1892 2429 inquit,
1917 2393 1980 2430 per
2007 2393 2115 2417 lenos
2118 2380 2207 2417 atio-

1168 2454 1194 2482 Α
1214 2456 1294 2480 nem
1317 2441 1454 2480 mentis.
1476 2442 1556 2478 Non
1587 2440 1696 2489 dixit,
1721 2441 1774 2478 Te
1791 2441 2020 2491 tiansfigura,
2056 2440 2129 2491 sed,
2155 2442 2207 2479 Te

1214 2502 1436 2552 transforma;
1453 2501 1650 2552 ostendens,
1668 2470 1706 2539 id
1721 2503 1818 2552 quod
1831 2501 1957 2538 mundi
1971 2511 2033 2547 est,
2053 2471 2207 2552 figiiram

1225 2577 1312 2613 esse;
1328 2564 1366 2601 id
1378 2573 1495 2601 autem
1511 2562 1606 2613 quod
1620 2562 1764 2601 virtutis
1783 2571 1845 2611 est,
1862 2576 1931 2599 non
1962 2562 2127 2612 figuram,
2145 2562 2207 2600 sed

1214 2623 1363 2664 formam
1378 2623 1568 2674 quamdam
1582 2637 1655 2660 esse
1672 2635 1809 2669 veram,
1830 2636 1908 2672 quae
1928 2622 2126 2660 naturalem
2142 2623 2207 2660 ha-

1214 2686 1295 2725 beat
1326 2684 1646 2738 pulchritudinem,
1668 2696 1745 2732 quae
1773 2695 1843 2719 non
1876 2696 1965 2733 opus
1985 2682 2114 2719 habeat
2135 2696 2203 2720 ez-

1218 2754 1313 2785 terno
1334 2746 1394 2783 illo
1419 2745 1500 2782 fuco
1519 2753 1553 2781 et
1582 2742 1700 2794 figura
1714 2772 1723 2790 ,
1742 2755 1820 2792 quae
1857 2741 1963 2779 simul
1984 2750 2089 2792 atque
2109 2755 2204 2780 com-

1215 2816 1338 2861 parent
1370 2805 1600 2857 dispereunt:
1629 2817 1712 2840 nam
1742 2802 1820 2840 haec
1848 2802 1966 2840 omnia
1996 2803 2204 2854 priusquam

1214 2875 1405 2922 appareant
1433 2865 1690 2904 dissolvuntur.
1712 2864 1751 2903 Si
1778 2877 1860 2914 ergo
1889 2864 2043 2915 figuram
2065 2864 2203 2916 abjece-

1215 2931 1278 2977 ris,
1298 2928 1367 2966 cito
1395 2926 1442 2964 ad
1461 2926 1611 2963 formam
1638 2924 1769 2962 venies.
1800 2924 1903 2961 Nihil
1921 2924 2016 2962 enim
2046 2924 2203 2975 nequitia

1216 2991 1394 3029 infirmius
1408 3020 1418 3039 ,
1436 2989 1529 3027 nihil
1555 2988 1602 3025 ita
1626 2987 1728 3025 facile
1756 2987 1950 3025 veterascit.
1967 2987 2105 3024 Deinde
2120 2988 2202 3037 quia

1173 3059 1196 3089 B
1215 3053 1377 3091 homines
1397 3065 1480 3089 cum
1507 3058 1641 3097 essent,
1660 3043 1871 3098 consequens
1899 3055 1974 3085 erat
2005 3048 2084 3085 illos
2110 3063 2203 3098 quo-

1216 3113 1304 3151 tidie
1317 3125 1462 3165 peccare
1473 3140 1484 3161 ,
1505 3108 1704 3147 auditorem
1727 3108 1929 3145 consolatur
1948 3108 2080 3154 dicens,
2102 3110 2203 3156 Quo-

1217 3173 1304 3211 tidie
1343 3172 1497 3223 teipsum
1523 3183 1665 3207 renova.
1697 3167 1739 3205 Id
1761 3167 1857 3218 quod
1887 3168 1922 3205 in
1954 3167 2124 3206 domibus
2151 3170 2202 3206 fa-

1217 3235 1346 3283 cimus,
1365 3239 1541 3271 vetustate
1556 3230 1754 3267 laborantes
1776 3229 1869 3281 ipsas
1888 3228 2046 3279 quotidie
2065 3239 2202 3268 restau-

1218 3304 1332 3334 rantes
1351 3310 1358 3331 :
1381 3294 1449 3331 hoc
1462 3292 1569 3330 etiam
1585 3291 1621 3329 in
1640 3291 1752 3343 teipso
1768 3290 1886 3330 facito.
1904 3292 2060 3330 Peccasti
2073 3292 2202 3330 hodie?

2266 2942 2402 2980 Nequitia

2218 2984 2291 3010 nihil
2322 2986 2403 3011 iufir-

2218 3026 2305 3052 mins.

1245 3410 1261 3434 d
1285 3409 1336 3451 [ἐν
1352 3406 1446 3440 abest
1462 3405 1504 3438 ab
1521 3406 1557 3438 A.
1575 3412 1608 3437 et
1624 3403 1766 3446 Bibliis]

1247 3471 1258 3485 n
1283 3460 1375 3492 Unus
1391 3456 1503 3496 Codex
1520 3457 1567 3499 [et
1583 3457 1636 3499 A.]
1650 3458 1810 3490 διαλύεται..
