2466 3805
71 1912 130 1938 Διί
158 1911 186 1939 3.
207 1912 235 1940 6,

304 239 390 295 104
749 255 787 283 5.

825 253 1004 284 JOANNIS
1040 251 1282 280 CHRYSOST.
1322 252 1533 283 ARCfflEP.
1572 255 1935 287 CONSTANTINOP.

298 342 340 371 ut
339 335 523 385 facerent
537 348 781 386 quaecumque
793 346 929 370 mamis
943 340 1012 368 tua
1021 340 1057 368 et
1069 330 1273 367 consilium
1298 334 1320 362 E
1343 332 1518 384 προώρισε
1533 334 1702 386 γενέσθαι.
1723 337 1793 374 Καὶ
1808 335 1853 374 τὰ
1868 340 1939 385 νῦν,
1956 338 2062 389 Κύριε
2072 367 2081 385 ,
2104 338 2200 375 ἔπιδε
2220 337 2277 374 ἐπὶ
2301 335 2363 378 τὰς

298 394 508 444 tuum-fieri
523 394 741 445 praefinivit.
760 393 822 430 99.
843 393 897 427 Et
925 403 1045 436 nune,
1077 391 1270 439 Domine,

295 457 437 504 respice
455 457 497 490 in
515 456 640 490 minas
659 465 798 489 eorum.
820 449 951 487 Viden’
981 449 1248 501 philosophiam
1261 480 1270 496 7

295 522 327 551 et
350 512 526 562 quomodo
559 513 616 550 his
643 525 711 549 non
739 512 975 562 imprecemur
997 510 1121 547 mala?
1152 510 1269 548 Minas

293 575 474 625 speciatim
493 587 561 610 non
587 580 826 624 exposuerunt
833 601 844 621 7
883 571 944 610 sed
974 572 1100 610 dicunt
1131 581 1270 610 tantum

292 635 369 671 illos
388 634 537 671 minatos
551 647 623 671 esse
641 648 647 668 ε
670 647 752 670 nam
771 632 981 685 compendio
1000 633 1160 683 loquitur
1177 634 1265 671 scri-

290 703 380 745 ptor.
418 694 465 730 Et
495 693 579 732 vide
588 723 600 743 7
625 707 695 731 non
726 693 896 731 dixerunt
914 724 925 743 7
960 694 1136 747 Dirumpe
1156 694 1237 733 illos
1254 725 1264 745 7

289 754 399 806 dejice
419 756 519 802 illos;
540 754 602 792 sed
632 755 749 805 quid?
778 757 833 793 Et
865 757 917 794 da
936 759 1055 795 servis
1076 759 1151 794 tuis
1180 770 1267 795 cum

289 820 393 854 omni
409 818 557 869 fiducia
579 818 685 869 loqui
703 820 863 855 verbum
882 826 1000 856 tuum.
1019 818 1078 856 Sic
1095 833 1158 856 nos
1177 833 1266 870 quo-

287 892 355 928 que
372 878 549 916 discamus
565 892 676 915 orare.
697 878 776 915 Etsi
795 893 864 929 quo
883 893 953 916 non
971 879 1088 916 furore
1112 879 1264 931 implea-

286 947 346 975 tur
363 938 424 988 qui
444 938 480 976 in
505 937 601 976 viros
621 938 748 975 incidit
762 938 922 976 occidere
940 938 1059 991 ipsum
1075 949 1239 978 conantes
1251 970 1260 987 7

286 1007 319 1035 et
336 998 421 1036 talia
439 999 640 1036 minitantes
652 999 670 1036 Ξ)
703 1007 737 1036 et
758 1013 829 1049 quo
852 1013 921 1037 non
940 999 1022 1038 odio
1044 1000 1233 1052 impleatur
1248 1002 1266 1038 ἶ»)

285 1060 330 1094 Α1
348 1072 417 1095 11011
435 1058 485 1096 510
511 1057 549 1095 111
580 1058 705 1096 sancti.
733 1059 797 1096 50.
832 1061 881 1096 In
904 1073 946 1096 eo
970 1061 1075 1112 quod
1107 1075 1266 1098 manum

284 1127 392 1156 tuam
411 1120 596 1156 extendas
623 1120 677 1156 ad
695 1121 884 1157 sanitates
895 1148 906 1168 7
931 1128 969 1157 et
987 1122 1099 1171 signa
1119 1129 1155 1157 et
1171 1135 1265 1172 pro—

283 1181 388 1232 digia
395 1181 490 1233 fieri
502 1196 571 1233 per
583 1195 722 1218 nomen
742 1184 869 1219 sancti
883 1183 1003 1219 Pueri
1021 1185 1079 1220 tui
1097 1183 1205 1220 Jesu.
1225 1184 1264 1222 Si

282 1242 319 1279 in
347 1243 486 1280 nomine
504 1243 567 1281 illo
597 1243 689 1281 fiunt
716 1243 951 1295 operationes,
978 1244 1117 1295 inquit,
1136 1259 1263 1297 magna

281 1303 348 1340 erit
366 1303 530 1354 loquendi
550 1303 692 1341 fiducia.
704 1305 766 1342 51.
779 1306 925 1342 Etcum
938 1314 1122 1351 orassent,
1140 1315 1263 1344 motus

282 1371 336 1400 est
348 1363 464 1411 locus,
476 1366 517 1401 in
533 1378 608 1415 quo
619 1373 728 1402 erant
740 1368 974 1416 congregati.
990 1365 1190 1404 Exauditos
1205 1381 1263 1405 eos

280 1438 354 1461 esse
368 1433 400 1461 et
411 1424 543 1463 divinae
556 1425 768 1463 visitationis
781 1426 849 1463 11οο
861 1426 929 1463 fuit
942 1426 1128 1466 indicium.
1141 1430 1194 1466 Et
1204 1443 1261 1466 re-

276 1485 372 1534 pleti
381 1493 471 1523 sunt
480 1499 610 1523 omnes
619 1486 762 1537 Spiritu
774 1494 922 1524 sancto.
933 1486 1032 1533 Quid
1042 1496 1103 1533 est,
1115 1489 1263 1540 Repleti

278 1550 386 1583 sunt?
396 1546 441 1583 Id
455 1555 522 1594 est,
533 1546 670 1598 Spiritu
679 1546 834 1584 succensi
847 1556 940 1595 sunt,
948 1557 981 1585 et
989 1547 1179 1595 ardebat-in
1188 1549 1260 1587 illis

277 1605 465 1644 charisma.
488 1609 542 1644 Et
557 1608 814 1658 loquebantur
832 1610 995 1645 verbum
1016 1609 1093 1645 Dei
1109 1611 1258 1662 cumfi-

278 1667 405 1704 dacia.
421 1668 483 1705 52.
500 1668 767 1705 .Multitudinis
781 1676 908 1705 autem
921 1670 1159 1707 credentium
1175 1680 1259 1709 erat

276 1740 343 1764 cor
360 1741 480 1764 unum
495 1736 532 1765 et
547 1730 682 1766 anima
701 1742 792 1766 una.
813 1728 942 1777 Vides,
964 1728 1059 1779 quod
1078 1743 1157 1767 cum
1177 1744 1256 1781 gra-

275 1787 324 1824 tia
344 1787 412 1825 Dei
431 1788 537 1826 etiam
573 1802 636 1826 sua
663 1788 868 1826 afferebant.
908 1789 1050 1840 Ubique
1076 1791 1171 1828 enim
1189 1791 1256 1829 1100

274 1847 535 1885 observandum
564 1856 615 1885 est
628 1877 640 1897 7
674 1847 770 1898 quod
798 1862 880 1886 cum
916 1850 1032 1899 gratia
1065 1851 1132 1887 Dei
1144 1880 1154 1899 7
1192 1866 1255 1889 sua

273 1907 378 1944 etiam
405 1907 596 1945 exhibeant
610 1937 621 1956 7
640 1916 679 1945 ut
697 1909 821 1945 Petrus
838 1908 980 1946 dicebat
999 1924 1006 1945 :
1035 1910 1255 1962 Argentum

272 1977 309 2005 et
336 1982 472 2005 aurum
505 1982 583 2005 non
602 1977 657 2006 est
681 1970 788 2006 mihi.
820 1969 943 2020 Itaque
970 1969 1068 2020 quod
1092 1972 1253 2023 superius

271 2028 412 2066 dicebat
424 2059 436 2079 7
453 2043 572 2067 omnes
588 2029 694 2067 fuisse
711 2031 761 2067 In
776 2030 959 2081 idipsum,
978 2045 1100 2069 rursus
1119 2032 1177 2070 hic
1193 2033 1253 2071 de-

272 2089 380 2127 clarat
395 2105 402 2125 :
419 2091 684 2127 Multitudinis
700 2091 933 2127 credentium
952 2099 1034 2128 erat
1051 2104 1117 2131 cor
1134 2106 1254 2132 unum

272 2159 308 2187 et
328 2153 463 2188 anima
482 2164 572 2188 una.
592 2150 684 2187 Cum
702 2150 851 2188 dixisset
867 2159 985 2188 autem
1004 2151 1084 2189 illos
1104 2153 1252 2191 exaudi-

271 2222 325 2250 tos
340 2212 463 2260 fuisse,
483 2225 606 2249 eorum
630 2220 749 2262 postea
770 2211 939 2248 virtutem
956 2221 1085 2249 narrat.
1115 2214 1252 2265 Ingres-

272 2287 373 2310 surus
402 2286 554 2322 namque
582 2280 633 2309 est
661 2271 699 2309 in
735 2271 973 2309 narrationem
1003 2272 1189 2324 Sapphirae
1221 2284 1253 2312 et

272 2333 432 2370 Ananiae.
452 2333 535 2370 Ideo
553 2333 698 2370 illorum
723 2331 837 2369 scelus
853 2341 1055 2370 ostensurus
1064 2362 1076 2383 7
1094 2334 1193 2385 prius
1209 2335 1252 2373 de

269 2394 421 2431 aliorum
436 2393 567 2432 virtute
583 2393 753 2444 loquitur.
773 2393 840 2430 Dic
870 2407 932 2430 oro
944 2423 956 2442 7
978 2393 1148 2432 caritasne
1165 2409 1252 2446 pau-

269 2463 440 2506 pertatem
456 2454 550 2506 parit
562 2484 573 2503 7
600 2467 644 2491 an
669 2461 855 2505 paupertas
871 2453 1083 2491 caritatem?
1099 2455 1252 2494 Videtur

268 2515 357 2552 mihi
378 2515 475 2565 quod
491 2514 617 2556 caritas
637 2521 878 2565 paupertatem
890 2543 900 2562 7
925 2528 1001 2563 quae
1019 2514 1132 2565 magis
1151 2514 1250 2553 illam

268 2575 467 2626 adstringit.
490 2574 583 2612 Audi
596 2588 701 2621 vero,
725 2573 813 2624 quid
826 2573 943 2610 dicat:
966 2575 1146 2612 Omnium
1165 2585 1247 2614 erat

267 2651 333 2674 eor
361 2651 500 2683 ιιηιιιη,
532 2644 569 2674 et
590 2638 723 2673 anima
749 2649 842 2672 una.
869 2634 960 2672 Ecce
982 2649 1041 2673 cor
1074 2644 1107 2673 et
1132 2636 1248 2674 anima

266 2697 424 2749 idipsum
437 2706 528 2735 sunt.
546 2698 626 2735 Nec
643 2698 846 2747 quisquam
862 2709 1010 2741 eorum,
1030 2709 1116 2747 quoe
1127 2700 1247 2747 possi—

267 2761 400 2805 debat,
431 2759 585 2811 aliquid
608 2771 720 2796 suum
744 2770 824 2794 esse
846 2757 1019 2806 dicebat7
1046 2758 1114 2795 sed
1137 2766 1247 2795 erant

266 2820 346 2856 illis
367 2822 498 2856 omnia
515 2820 746 2856 communia.
770 2817 834 2854 55.
860 2818 913 2853 Et
938 2819 1085 2854 virtute
1105 2831 1248 2868 magna

265 2881 476 2917 reddebant
495 2880 659 2930 apostoli
676 2879 938 2915 testimonium
959 2880 1247 2915 resurrectionis

265 2942 425 2977 Domini
439 2940 533 2977 Jesu
552 2940 709 2977 Christi.
729 2937 839 2983 Quasi
859 2936 910 2974 eis
934 2937 1165 2974 commissum
1181 2937 1226 2975 sit
1234 2968 1244 2987 7

264 3002 329 3039 hoc
340 3001 509 3049 declarat,
522 3010 555 3038 et
567 2999 665 3050 quasi
684 2997 728 3036 de
747 2997 864 3036 officio
884 2997 1046 3048 ipsorum
1064 2998 1243 3048 loquitur:

264 3061 301 3099 id
331 3071 400 3109 est,
423 3061 663 3099 testimonium
693 3058 793 3109 regni
816 3072 898 3095 eum
917 3058 1048 3096 fiducia
1081 3059 1245 3097 omnibus

263 3122 466 3161 reddebant.
502 3123 642 3160 Gratia
665 3132 816 3171 quoque
835 3133 979 3171 magna
1001 3122 1041 3156 in
1071 3123 1244 3158 omnibus

262 3191 344 3219 erat
358 3199 367 3217 .·
390 3184 450 3220 54.
470 3197 590 3233 neque
606 3184 706 3218 enim
729 3183 930 3231 quisquam
949 3195 1059 3231 egens
1079 3190 1159 3219 erat
1186 3184 1242 3218 in-

306 3299 425 3331 ῃ1311115
454 3299 565 3330 Codex
598 3303 652 3342 δρα
681 3302 858 3342 φιλοσοφίαν.
887 3298 955 3338 [Sic
985 3299 1021 3329 Β.
1055 3299 1107 3339 C.3
1125 3304 1180 3342 ἔρα
1210 3306 1261 3337 τὴν

260 3354 400 3444 VhAKgm
415 3400 521 3433 Codd.
542 3411 599 3433 no
606 3408 644 3431 ’.τι
663 3407 689 3430 et
710 3399 809 3432 Saxil.
828 3399 946 3434 Montf.
964 3402 1087 3444 32:102]

1270 2947 1294 2975 Ι)

1345 393 1489 436 ἀπειλὰς
1509 395 1634 433 αὐτῶν.
1653 395 1784 449 θλ(Ορξίς
1797 395 1860 443 τὴν
1879 398 2095 450 φιλοσοφίαν,
2113 398 2172 436 καὶ
2193 400 2268 440 πῶς
2284 396 2362 447 οὐχὶ

1343 455 1600 505 καταρωμένων
1618 455 1692 494 ἐστὶ
1707 460 1835 504 ταῦτα,
1854 459 1930 495 Οὔκ
1945 457 2072 505 ἔθηκαν
2088 459 2123 497 δὲ
2139 458 2200 501 τὰς
2216 457 2361 498 ἀπειλὰς

1343 515 1481 561 ἷδικῶς,
1504 516 1582 553 ἀλλ’
1602 515 1654 553 ὅτι
1678 516 1871 562 ἠπείλησαν
1896 517 1996 568 μόνον
2034 519 2208 570 λέγουσιν·
2243 516 2361 555 ἐπιτέ-

1344 591 1465 625 μνεται
1484 575 1550 628 γὰρ
1568 579 1585 614 ὃ
1602 576 1814 653 συγγραφεὺς
1847 577 1905 616 τὸν
1940 578 2054 629 λόγον.
2087 579 2158 617 Καὶ
2190 578 2275 630 ὅρα·
2298 578 2360 615 οὐκ

1344 631 1458 684 εἶπον,
1485 636 1613 688 ὴράξον
1644 637 1783 686 αὐτους,
1807 639 1986 677 κατάὸαλε
2014 639 2152 682 αὐτούς·
2185 638 2274 677 ἀλλὰ
2301 637 2358 683 τί,

1342 695 1411 733 Καὶ
1434 696 1488 740 δὸς
1512 703 1582 740 τοῖς
1607 697 1737 742 δούλοις
1760 714 1819 737 σου
1841 697 1930 748 μετὰ
1949 698 2147 750 παρρησίας
2164 698 2279 745 πάσης
2296 700 2358 735 λα-

1340 758 1410 794 λεῖν
1430 757 1487 794 τὸν
1506 757 1604 809 λόγον
1627 774 1700 796 σου.
1724 758 1829 797 Oia-to)
1862 758 2089 810 μανθάνωμεν
2110 759 2271 810 εὔχεσθαι
2299 758 2358 795 καὶ

1339 820 1454 866 ἡμεῖς.
1474 817 1598 856 Καίτοι
1615 834 1654 870 γε
1667 818 1775 857 πόσου
1790 821 1852 858 οὐκ
1871 819 1912 857 ἄν
1932 835 1984 862 τις
1998 819 2214 870 ἐμπλησθείη
2233 822 2357 869 θυμοῦ,

1339 879 1386 919 εἷς
1402 877 1527 928 ἄνδρας
1545 878 1708 929 ἐμπεσὼν
1726 881 1856 918 ἀνελεῖν
1878 880 1978 918 αὐτὸν
1995 882 2274 933 ἐπιχειροῦντας,
2298 878 2358 916 καὶ

1338 938 1565 981 ἀπειλοῦντας
1575 943 1718 976 τοιαῦτα
1730 955 1740 986 ;
1757 939 1866 986 πόσης
1881 941 1943 977 οὒκ
1959 939 1998 977 ἂν
2016 938 2202 991 ἀπεχθείας
2216 941 2286 985 πλη
2293 953 2356 989 ρω-

1340 995 1433 1044 θείη;
1453 997 1544 1037 Ἀλλ’
1570 1001 1634 1051 οὐχ
1655 1003 1686 1038 οἱ
1711 1000 1803 1051 ἅγιοι
1822 994 1927 1038 οὗτοι.
1945 1000 2006 1038 Ἔν
2031 1002 2077 1052 τῷ
2093 999 2154 1046 τὴν
2172 998 2275 1052 χεῖρά
2295 1013 2356 1036 σου

1339 1058 1499 1096 ἐκτείνειν
1528 1062 1574 1103 εἷς
1598 1061 1704 1108 ἴασιν,
1726 1061 1786 1099 καὶ
1806 1067 1937 1111 σημεῖα
1965 1061 2024 1099 καὶ
2053 1060 2182 1112 τέρατα
2201 1059 2355 1108 γίνεσθαι

1338 1117 1395 1156 διὰ
1412 1122 1472 1156 τοῦ
1492 1120 1659 1171 ὀνόματος
1676 1125 1735 1159 τοῦ
1750 1122 1847 1173 ἁγίου
1869 1122 2000 1165 Παιδός
2018 1137 2076 1159 σου
2092 1121 2223 1168 Ἰησοῦ.
2239 1118 2300 1157 Ἂν
2321 1122 2355 1158 ἐν

1335 1181 1384 1229 τῷ
1417 1178 1559 1229 ὀνόματι
1590 1181 1710 1234 ἐκείνῳ
1742 1182 1905 1233 γίνωνται
1937 1184 1972 1219 αἱ
2000 1181 2188 1232 ἐνέργειαι,
2217 1181 2353 1255 μεγάλη

1335 1239 1433 1276 ἔσται
1449 1243 1470 1286 ἡ
1490 1242 1687 1293 παρρησία,
1695 1243 1804 1318 ῒιρησί.
1826 1242 2024 1289 Δεηθέντων
2052 1243 2088 1280 δὲ
2109 1244 2234 1287 αὐτων,
2266 1243 2352 1278 ἐσα-

1335 1299 1477 1346 λεύθηὸ

1333 1376 1388 1399 ναι
1406 1361 1547 1410 αὐτους,
1576 1378 1635 1400 και
1657 1379 1719 1410 της
1743 1363 1957 1416 ἐπισκέψεως
1976 1380 2035 1402 του
2062 1365 2154 1401 Θεοῦ
2173 1379 2274 1402 τουτο
2292 1379 2349 1401 τε-

1332 1422 1479 1474 κμήριον
1494 1422 1624 1474 γε’γονε.
1642 1425 1711 1462 Καὶ
1731 1424 1953 1472 ἐπλήσθησαν
1974 1424 2123 1467 ἅπαντες
2147 1423 2352 1474 Πνεύματος

1332 1482 1442 1533 ἁγίου.
1462 1482 1509 1520 Τί
1525 1486 1631 1531 ἔστιν,
1647 1484 1920 1533 Ἐπλήσθησαν;
1945 1485 2035 1523 Ἀντὶ
2051 1489 2110 1523 τοῦ
2128 1484 2351 1536 ἀνεπυρώθη-

1331 1558 1393 1580 σαν
1415 1546 1465 1595 τῷ
1485 1545 1677 1595 Πνεύματι.
1702 1545 1770 1583 Καὶ
1797 1546 1865 1599 γὰρ
1896 1546 2075 1584 ἀνεκαίετο
2105 1548 2139 1583 ἓν
2167 1549 2282 1589 αὐτοῖς
2312 1547 2351 1584 τὸ

1329 1603 1504 1655 χάρισμα.
1525 1606 1595 1643 Καὶ
1611 1606 1754 1644 ἐλάλουν
1775 1606 1830 1644 τὸν
1849 1606 1950 1657 λόγον
1970 1610 2029 1644 τοῦ
2047 1608 2138 1645 Θεοῦ
2155 1605 2244 1656 μετὰ
2260 1609 2350 1658 παῤ-

1330 1664 1463 1715 ῥησίας.
1486 1667 1558 1703 To&
1576 1666 1611 1703 δὲ
1627 1666 1777 1713 πλήθους
1792 1670 1860 1705 τῶν
1881 1667 2140 1706 πιστευσάντων
2159 1662 2201 1714 ἦν
2216 1671 2237 1714 ἥ
2255 1683 2348 1719 καρ-

1328 1726 1384 1763 δία
1398 1726 1456 1763 καὶ
1478 1729 1500 1772 ἡ
1520 1727 1615 1779 ψυχὴ
1634 1727 1708 1778 μία.
1729 1727 1857 1782 Ὁρᾷς,
1874 1728 1926 1766 ὅτι
1944 1728 2033 1778 μετὰ
2051 1731 2112 1774 τῆς
2131 1727 2274 1780 χάριτος
2290 1733 2350 1767 τοῦ

1327 1788 1419 1824 Θεοῦ
1444 1786 1504 1825 καὶ
1529 1787 1573 1825 τὰ
1600 1788 1686 1840 παρ’
1704 1791 1835 1827 ἑαυτῶν
1857 1788 2048 1841 εἰσέφερον,
2074 1790 2265 1840 Πανταχοῧ
2282 1789 2349 1841 γὰρ

1327 1851 1426 1885 τοῦτο
1458 1847 1527 1900 χρὴ
1560 1857 1790 1902 παρατηρεῖν,
1822 1850 1875 1889 ὅτι
1899 1850 1988 1900 μετὰ
2022 1853 2084 1896 τῆς
2115 1850 2259 1902 χάριτος
2288 1854 2349 1888 τοῦ

1326 1909 1417 1946 Θεου
1432 1923 1492 1946 και
1507 1908 1551 1947 τὰ
1563 1912 1645 1961 παρ’
1663 1913 1793 1949 ἑαυτων
1813 1910 2082 1949 επιδεικνύουσι·
2098 1910 2256 1964 καθάπερ
2275 1911 2347 1948 Π,-

1325 1983 1402 2018 τρος
1427 1969 1555 2043 ἔλεγεν,
1571 1969 1748 2045 Ἀργυριον
1773 1971 1832 2008 καὶ
1849 1971 1992 2023 χρυσίον
2018 1973 2082 2022 οὐχ
2100 1970 2250 2023 υπάρχει
2273 1987 2345 2022 μοι.

1326 2029 1375 2068 οΟ
1395 2030 1556 2083 ἀνωτέρω
1589 2034 1645 2069 οὐν
1671 2035 1777 2080 εἶπεν,
1806 2031 1858 2069 ὅτι
1883 2030 2009 2075 πάντες
2030 2035 2118 2078 ἠσαν
2138 2032 2345 2080 ἐπιτοαυτο,

1324 2091 1397 2129 πα]
1402 2107 1458 2128 ιν
1446 2093 1588 2130 ἶνταυθα
1607 2093 1718 2140 δηλων
1746 2109 1785 2131 το
1812 2092 1892 2130 αὐτὸ
1908 2092 2020 2142 λέγει,
2036 2093 2075 2130 ὅτ
2079 2093 2178 2133 ιΤοῧ
2194 2093 2347 2140 πλήθους

1325 2154 1393 2189 τῶν
1412 2153 1673 2191 πιστευσάντων
1690 2148 1731 2200 ἦν
1751 2157 1772 2200 ἡ
1791 2153 1916 2205 καρδία
1943 2154 2002 2192 καὶ
2032 2156 2052 2199 ἡ
2071 2153 2166 2205 ψυχὴ
2189 2153 2263 2204 μία.
2283 2156 2346 2192 Εἰ·

1324 2212 1397 2249 πὼν
1416 2212 1451 2249 δὲ
1462 2243 1471 2260 ,
1490 2213 1542 2250 ὅτι
1561 2213 1793 2260 ἠκούσθησαν,
1814 2214 1908 2264 λέγει
1931 2214 2051 2252 λοιπὸν
2073 2215 2186 2251 αὐτῶν
2203 2214 2262 2252 καὶ
2281 2215 2344 2262 τὴν

1326 2272 1462 2321 ἀρετήν.
1478 2273 1546 2310 Καὶ
1562 2274 1628 2325 γὰρ
1646 2273 1764 2323 με’λλει
1779 2274 1954 2324 ε’μὲαίνειν
1983 2276 2030 2317 εἷς
2048 2275 2086 2313 τὸ
2103 2275 2260 2325 διήγημα
2283 2278 2345 2322 τῆς

1324 2332 1528 2384 Σαπφείρας
1555 2333 1690 2371 καὶτοῦ
1719 2333 1885 2371 Ἀνανίου.
1915 2334 1979 2371 Διὸ
2008 2334 2114 2371 θέλων
2143 2334 2250 2378 δεῖξαι
2280 2335 2342 2382 τὴν

1325 2392 1465 2444 μιαρίαν
1483 2393 1634 2440 ἐκείνων,
1650 2393 1816 2446 πρότερον
1831 2394 1910 2446 περὶ
1924 2396 1986 2439 τῆς
2004 2395 2070 2431 τῶν
2088 2394 2201 2432 ἄλλων
2218 2398 2343 2448 ἀρετῆς

1322 2458 1336 2475 ¹¹
1349 2453 1555 2504 διαλέγεται.
1573 2454 1663 2492 Εἰπὲ
1684 2454 1724 2500 δή
1742 2469 1820 2504 μοι,
1840 2457 1861 2500 ἡ
1882 2453 1999 2505 ἀγάπη
2020 2453 2081 2501 τὴν
2097 2455 2343 2505 ἄκτημοσύνην

1322 2514 1448 2562 ἔτεκεν,
1468 2514 1490 2560 ἢ
1508 2518 1530 2561 ἡ
1552 2514 1776 2564 ἀκτημοσύνη
1802 2531 1864 2561 την
1894 2514 2033 2565 ἀγάπην
2046 2532 2055 2561 ;
2084 2515 2189 2565 Ἐμοὶ
2208 2517 2286 2554 δοκε
2288 2520 2339 2563 ῖή

1460 1301 1617 1349 οτόπος,
1637 1305 1669 1340 ἐν
1691 1319 1719 1354 ῳ
1738 1306 1826 1349 ἦσαν
1847 1302 2064 1354 συνηγμένοι.
2090 1305 2162 1341 Του
2183 1305 2353 1348 ἀκουσθῆ-

1322 2575 1439 2625 ἀγάπη
1473 2574 1534 2621 τὴν
1567 2577 1632 2612 ἀκτ
1633 2590 1825 2649 ημοσυνην,
1852 2576 1874 2622 ἠ
1905 2591 1963 2613 και
1997 2575 2201 2628 επέσςριγγεν
2233 2577 2340 2625 αὐτὴν

1321 2637 1464 2686 μαλλον
1478 2634 1631 2673 Amos>
1614 2652 1648 2673 οε
1670 2651 1729 2673 και
1748 2636 1781 2673 τί
1796 2651 1920 2687 φησιν·
1940 2635 2086 2673 Πάντων
2104 2640 2146 2683 ἠν
2161 2640 2181 2682 ἡ
2201 2637 2339 2689 καρδία,

1320 2713 1377 2735 και
1401 2698 1420 2742 ἡ
1445 2695 1539 2748 ψυχὴ
1575 2696 1652 2746 μία.
1685 2696 1775 2735 Ιδου
1808 2697 1932 2748 καρδία
1961 2696 2019 2734 καὶ
2049 2696 2144 2748 ψυχὴ
2178 2696 2216 2734 τὸ
2244 2697 2338 2736 αὐτό.

1320 2757 1390 2795 Και
1409 2757 1485 2795 ουδὲ
1509 2760 1555 2799 εἱς
1587 2773 1621 2794 τι
1649 2773 1716 2795 των
1737 2758 1962 2809 ὑπαργοντιιψ
1994 2758 2086 2795 αὖτιι)
2105 2757 2221 2807 ἔλεγεν
2251 2756 2337 2795 ἴδιον

1319 2822 1425 2865 εἶναι,
1448 2818 1524 2855 ἀλλ’
1541 2821 1582 2864 ἠν
1599 2819 1710 2860 αυτοῖς
1731 2819 1869 2856 ἅπαντα
1888 2818 1997 2856 κοινά.
2019 2818 2127 2855 Και
2109 2817 2252 2866 δυνάμει
2272 2834 2336 2868 με-

1318 2879 1385 2929 κάλ
1378 2894 1408 2929 ῃ
1430 2878 1611 2916 ἀπεδίδουν
1624 2880 1664 2916 τὸ
1681 2879 1867 2930 μαρτύριον
1886 2881 1947 2922 τ’ἧς
1966 2877 2185 2921 ἀναστάσεως
2200 2895 2230 2916 οι
2251 2879 2337 2917 ἀπό-

1319 2940 1433 2977 στολοι
1450 2954 1509 2976 του
1530 2938 1658 2990 Κυρίου
1679 2939 1791 2985 Ιησου
1812 2941 1974 2990 Χριστου.
1996 2939 2162 2990 Καθάπερ
2189 2941 2337 2991 ἐγχειρι-

1318 2999 1458 3041 σθέντας
1479 2997 1599 3041 αὐτοὺς
1621 3004 1720 3037 τοῦτο
1738 2999 1925 3037 δείκνυσιν·
1947 2998 1968 3044 ἢ
1990 2999 2048 3035 καὶ
2066 3001 2111 3042 ὡς
2128 3000 2207 3051 περὶ
2229 3000 2335 3051 ὀφλή-

1319 3076 1425 3110 ματος
1452 3059 1568 3110 λέγει·
1587 3059 1767 3106 τουτέστι,
1791 3060 1830 3097 τὸ
1849 3058 2036 3110 μαρτύριον
2066 3063 2126 3106 τῆς
2156 3061 2335 3110 βασιλείας

1318 3120 1405 3170 μετὰ
1420 3119 1616 3171 παρρησίας
1633 3117 1764 3157 1)πᾶσιν
1789 3119 1983 3157 ἀπεδίδουν.
2005 3121 2115 3172 Χάρις
2138 3137 2174 3158 τε
2197 3121 2332 3172 μεγάλη

1317 3177 1356 3227 ἦν
1374 3180 1428 3219 ἐπὶ
1443 3180 1574 3222 πάντας
1594 3179 1729 3223 αὐτούς·
1750 3179 1824 3218 οὐδὲ
1840 3179 1908 3231 γὰρ
1925 3180 2039 3225 ἐνδεής
2059 3197 2107 3224 τις
2124 3184 2278 3233 ὑπῆρχεν
2299 3184 2332 3219 ἐν

1370 3309 1383 3323 a
1398 3299 1490 3330 Unus
1508 3299 1518 3340 [
1538 3298 1603 3329 imo
1620 3299 1656 3330 A.
1675 3298 1709 3328 Β.
1728 3297 1764 3329 C.
1789 3298 1835 3338 ]?

1827 3301 1991 3337 ,2225'75521
2010 3304 2079 3344 ἄρα,
2101 3304 2162 3332 zizi
2176 3314 2240 3340 μσς.

1373 3351 1388 3375 ¹¹
1406 3359 1490 3383 πασς-κ
1506 3353 1612 3383 ἐδίδου-ι
1626 3375 1633 3389 ,
1652 3350 1697 3380 sic
1715 3360 1796 3380 uuus
1812 3347 1932 3380 Codex.
