2502 3810
853 311 959 340 JOAN
970 311 1037 339 §is
1073 309 1312 339 CHRYSOST.

337 317 425 361 792
783 312 820 339 S.

329 396 387 433 tiae
409 403 476 431 tuce
497 400 611 430 sumat
641 392 827 440 iufirmus;
849 390 1093 428 fortitudinem
1122 391 1182 428 ille
1213 400 1312 427 tuam
1334 405 1359 434 ι)

329 455 484 501 ediscat3
505 453 561 490 illi
590 453 739 504 placeas,
758 455 830 491 Nec
863 452 1070 504 simpliciter
1099 452 1204 500 dixit,
1221 453 1314 489 Pla-

330 528 430 559 ceas,
457 513 533 563 sed,
552 515 602 550 In
624 514 787 557 honum;
808 526 921 563 neque
949 521 1088 550 tantum
1107 513 1143 550 in
1162 512 1311 559 bonum,

330 590 372 613 ne
391 574 487 612 dicat
512 574 814 627 perfectuszEcce
842 574 936 612 enim
969 574 1073 611 illum
1103 574 1151 611 ad
1179 573 1314 610 bonum

329 635 451 685 traho,
485 634 547 672 sed
575 634 718 687 adjecit,
747 635 818 672 Ad
847 635 1156 687 oedificationem.
1194 634 1315 684 Itaque

329 695 465 732 etiamsi
485 695 587 732 dives
618 695 679 741 sis,
705 694 842 732 etiamsi
860 695 897 732 111
916 695 1073 746 potentia
1092 695 1161 743 sis;
1184 708 1226 732 ne
1248 694 1315 731 tibi

329 756 412 807 ipsi,
426 756 486 793 sed
504 756 651 808 pauperi
669 765 702 793 et
720 770 828 807 egeno
845 756 983 807 placeas
997 755 1064 793 :sic
1081 756 1218 793 enimet
1230 769 1314 793 vera

331 817 442 866 gloria
469 818 598 854 frueris
610 847 620 865 ,
641 827 674 855 et
695 817 885 855 utilitatem
903 818 1053 854 multam
1066 817 1199 854 afferes.
1222 818 1314 870 Nam

329 878 508 916 saecularis
532 878 645 929 gloria
665 877 848 916 confestim
870 878 991 915 avolat
1007 893 1017 925 ;
1033 877 1096 914 illa
1118 891 1217 925 vero,
1234 890 1313 927 quae

329 952 374 975 ex
395 938 642 990 spiritualibus
654 939 820 986 nascitur,
841 947 976 985 manet,
991 937 1020 974 si
1038 937 1084 975 ad
1105 937 1313 976 aedificatio-

329 1011 410 1035 nem
427 998 493 1036 hoc
511 998 630 1036 facias.
648 998 799 1049 Ideoque
812 998 857 1035 ab
873 997 1038 1035 omnibus
1060 997 1155 1035 illud
1174 998 1286 1049 exigit
1303 1014 1310 1034 :
1335 1005 1359 1035 E

329 1072 441 1108 neque
467 1059 561 1096 enim
587 1059 649 1096 ille
675 1059 733 1097 vel
761 1059 834 1105 ille,
854 1058 915 1096 sed
949 1060 1218 1110 Unusquisque
1244 1074 1314 1096 ve-

329 1130 462 1158 strum.
478 1119 614 1158 Deinde
633 1120 715 1170 quia
737 1133 905 1170 magnum
927 1119 1110 1171 quidpiam
1130 1120 1310 1172 praecepit,

330 1191 362 1219 et
382 1182 561 1234 propriam
583 1181 766 1219 demittere
784 1181 1034 1233 perfectionem
1048 1181 1166 1233 jussit,
1183 1191 1222 1218 ut
1238 1195 1314 1218 cor-

328 1245 467 1295 rigatur
496 1245 642 1283 alterius
670 1244 876 1291 infirmitas,
901 1259 1025 1282 rursus
1059 1244 1243 1281 Christum
1279 1245 1314 1282 in

329 1306 485 1343 medium
505 1305 674 1344 adducit:
694 1308 730 1343 5.
753 1308 909 1343 Etenim
939 1307 1114 1343 Christus
1145 1320 1221 1342 non
1242 1308 1316 1343 sibi

326 1366 601 1417 placuit.Quod
617 1367 677 1404 ille
693 1366 839 1416 quidem
858 1379 996 1417 semper
1015 1366 1110 1403 facit.
1125 1367 1216 1402 Nam
1233 1380 1314 1403 cum

329 1427 373 1464 de
392 1428 611 1478 eleemosyna
638 1428 856 1477 loqueretur,
883 1426 1001 1477 ipsum
1021 1425 1231 1471 adducebat,
1251 1425 1313 1463 di-

131 1510 158 1528 2.
175 1501 246 1529 cor.
262 1501 291 1528 3.
327 1503 430 1526 cens:
451 1490 674 1540 Cognoscite
701 1490 870 1539 gratiam
900 1488 1075 1532 Domini,
1101 1489 1194 1538 quia
1226 1501 1313 1524 cum

125 1552 156 1579 9.

125 1686 234 1720 Ephes.
260 1685 289 1713 5.

126 1736 176 1754 2).

126 1863 217 1891 Helm.
242 1872 285 1890 12.

124 1913 153 1931 2.

326 1550 431 1586 dives
460 1557 569 1595 esset,
592 1557 745 1600 propter
774 1561 842 1585 nos
864 1548 995 1596 factus
1015 1555 1070 1584 est
1085 1560 1244 1597 pauper.
1267 1547 1313 1583 Et

326 1624 404 1648 eum
421 1610 466 1647 ad
481 1609 706 1647 dilectionem
738 1609 1001 1654 adhortaretur,
1021 1607 1103 1645 inde
1122 1608 1226 1644 etiam
1245 1607 1313 1645 ad-

326 1671 547 1721 hortabatur,
568 1670 711 1709 dicens:
732 1670 1063 1721 Quemadmodum
1079 1677 1115 1706 et
1135 1670 1311 1707 Christus
1321 1696 1365 1721 721

324 1734 462 1770 dilexit
478 1747 558 1773 nos.
583 1732 630 1770 Et
649 1747 731 1771 cum
751 1733 798 1771 de
815 1731 957 1769 ferendo
978 1731 1112 1783 pudore
1127 1740 1231 1782 atque
1244 1746 1309 1783 pe-
1332 1737 1355 1763 A

322 1794 444 1831 riculis
459 1793 646 1832 consilium
664 1793 776 1841 daret,
791 1793 838 1830 ad
855 1793 973 1844 ipsum
990 1792 1149 1843 confugit
1168 1791 1310 1829 dicens:

328 1856 402 1904 Qui
429 1857 624 1906 proposito
652 1857 726 1892 sihi
749 1854 907 1905 gaudio,
932 1856 1116 1891 sustinuit
1144 1866 1307 1900 crucem,

324 1917 553 1968 confusione
574 1924 780 1953 contemta.
805 1916 858 1955 Ita
878 1923 911 1952 et
932 1915 990 1952 hic
1008 1914 1190 1952 Christum
1216 1913 1311 1952 idem

322 1977 443 2014 fecisse
459 1976 623 2025 ostendit,
635 1985 667 2014 et
679 1975 891 2027 prophetam
904 1974 1041 2012 inducit
1054 1974 1212 2027 idipsum
1225 1975 1311 2012 olim

322 2037 819 2090 praedicentem:quapropter
849 2037 1034 2089 subjungit
1052 2053 1058 2072 :
1074 2037 1180 2075 Sicut
1212 2039 1309 2074 scri-

320 2106 428 2148 ptum
440 2100 567 2136 est:Et
584 2100 788 2150 opprobria
803 2099 1120 2147 exprobrantium
1135 2099 1204 2134 tibi
1217 2100 1310 2135 ceci-

322 2160 461 2196 derunt
480 2173 592 2210 super
611 2173 681 2196 me..
701 2157 796 2206 Quid
814 2172 897 2196 vero
912 2157 980 2195 sihi
998 2158 1076 2195 vult
1091 2157 1198 2206 illud,
1220 2160 1311 2196 ZVon

320 2221 394 2256 sibi
409 2220 583 2269 placuit?
600 2220 741 2257 Poterat
755 2218 816 2256 ille
831 2232 898 2256 non
915 2218 1106 2270 opprobria
1119 2219 1209 2256 ferre
1218 2233 1228 2268 5
1247 2234 1309 2270 po-

321 2288 410 2316 terat
430 2294 498 2316 non
519 2281 593 2331 pati
613 2294 690 2329 quae
710 2293 831 2331 passus
850 2287 914 2324 est,
936 2280 965 2316 si
987 2293 1052 2316 sua
1073 2288 1229 2330 spectare
1245 2294 1307 2317 vo-

320 2339 508 2377 luisset.At
523 2340 583 2377 ille
603 2340 737 2387 noluit3
750 2339 812 2377 sed
824 2339 921 2389 quod
940 2348 1099 2376 nostrum
1110 2349 1183 2376 erat
1197 2341 1308 2391 respi-

321 2402 431 2451 ciens,
456 2401 553 2452 quod
568 2401 613 2440 ad
633 2416 668 2439 se
686 2401 885 2453 pertinebat
904 2400 1074 2452 neglexit.
1092 2401 1140 2438 Et
1158 2416 1222 2438 cur
1238 2416 1307 2439 nou
1332 2402 1354 2430 B

320 2462 429 2513 dixit,
454 2463 620 2514 Seipsum
655 2462 864 2500 evacuavit?
887 2462 981 2508 Quia
1013 2475 1082 2499 non
1104 2462 1171 2499 hoc
1192 2463 1307 2500 solum

321 2524 502 2561 ostendere
529 2524 703 2571 Solebat,
741 2522 840 2573 quod
869 2522 975 2560 homo
1008 2524 1121 2560 factus
1152 2523 1212 2572 sit,
1245 2524 1308 2561 sed

323 2584 419 2635 quod
451 2594 484 2623 et
521 2584 772 2622 contumeliam
814 2598 952 2635 passus,
981 2593 1014 2621 et
1045 2585 1176 2622 malam
1210 2585 1308 2637 apud

321 2645 494 2696 plurimos
530 2645 703 2697 acceperit
742 2645 887 2692 famam,
914 2659 995 2682 cum
1034 2645 1199 2682 inliimus
1236 2660 1308 2684 esse

123 2719 236 2747 Mam
258 2728 307 2758 2-.
323 2716 521 2759 putaretur.
550 2708 641 2744 Nam
673 2705 838 2743 dicebant
859 2705 911 2742 ei:
927 2706 967 2743 Si
991 2707 1119 2743 F1lius
1148 2708 1225 2744 Dei
1251 2722 1303 2752 es,

123 2757 162 2797 40
179 2768 206 2789 et
222 2762 273 2798 4²·

323 2770 510 2808 descende
529 2771 576 2806 de
604 2783 740 2821 cruce,=
756 2778 804 2817 et,
823 2768 941 2805 Alios
970 2769 1225 2819 salvossecit,
1251 2783 1306 2806 se-

323 2834 445 2881 ipsum
487 2844 565 2867 non
595 2838 720 2881 potest
761 2830 914 2866 salvum
942 2819 1094 2880 facere.
1120 2828 1204 2866 Ideo
1232 2843 1307 2867 rem

321 2899 572 2928 commemorat
586 2889 631 2926 ad
649 2903 801 2941 praesens
821 2898 1071 2939 argumentum
1086 2889 1155 2940 ipsi
1173 2890 1306 2938 utilem,

322 2951 536 3001 exhibetque
556 2950 667 2987 multo
689 2950 782 3001 plus,
796 2964 901 3000 quam
923 2949 1098 3001 promisit.
1116 2952 1193 2987 Nou
1212 2951 1307 2989 enim

324 3012 505 3049 Christum
530 3011 753 3049 solummodo
787 3011 989 3063 opprobriis
1009 3011 1176 3048 affectum
1192 3021 1308 3050 osten-

323 3071 396 3121 dit,
416 3071 475 3109 sed
494 3071 599 3109 etiam
628 3072 789 3108 Patrem:
807 3085 884 3108 nam
914 3071 977 3119 ait,
1004 3073 1215 3122 Opprobria
1244 3088 1308 3109 ex-

321 3136 588 3184 probrantium
609 3136 678 3170 tihi
699 3134 917 3170 ceciderunt
946 3147 1059 3184 super
1085 3148 1165 3178 me;
1183 3134 1222 3171 id
1240 3144 1304 3184 est,

324 3195 415 3231 nihil
435 3195 516 3232 novi
536 3195 676 3243 accidit,
698 3195 788 3232 nihil
811 3195 1049 3246 peregrinum.
1070 3195 1141 3240 Qui
1162 3195 1256 3233 enim
1272 3196 1307 3233 in

324 3255 435 3292 veteri
466 3256 541 3305 lege
573 3255 787 3306 exprobrare
820 3255 875 3291 illi
911 3255 1165 3306 cogitaverant,
1198 3256 1307 3294 iidem

326 3324 447 3352 contra
476 3315 610 3352 Filium
634 3315 752 3352 furore
785 3314 938 3367 correpti
960 3326 1051 3354 suut.
1084 3317 1167 3354 Haec
1199 3331 1306 3368 porro

370 3453 386 3476 b
403 3452 489 3484 Alius
506 3452 847 3497 [6ιΑ,]συ-1εέοὐ).ευεε·1.

1352 308 1558 339 ARCIHEP.

1599 309 1935 340 CONS'r.xNT1NOP
1945 331 1954 339 .

1384 390 1520 440 νάμεως
1539 393 1557 428 ὁ
1580 391 1742 437 ἀσθενής·
1762 394 1889 434 ἐκεῖνος
1910 389 2113 441 μανθανέτω
2133 406 2191 428 σου
2211 391 2272 438 τὴν
2291 389 2402 443 iusim,

1384 450 1503 502 ἐκείνῳ
1529 451 1665 502 ἅρεσον.
1699 451 1769 489 Καὶ
1801 454 1864 503 οὐχ
1885 453 2004 493 ἁπλῶς
2036 444 2140 498 εἶπεν,
2161 451 2294 501 ἅρεσον,
2313 453 2405 498 ἀλλ’,

1385 511 1447 552 Εἰς
1462 510 1501 547 τὸ
1520 510 1645 562 ἀγαθόν
1656 526 1663 534 ·
1679 510 1739 548 καὶ
1765 511 1840 548 οὐδὲ
1861 512 1980 553 ἁπλῶς
1996 512 2042 553 εἷς
2057 510 2095 548 τὸ
2110 511 2250 561 ἀγαθὸν,
2269 509 2325 546 ἵνα
2356 511 2404 559 μὴ

1384 570 1503 620 λέγῃ
1490 587 1507 608 ο
1528 571 1675 617 τελειος,
1706 571 1777 609 ἷδου
1798 571 1866 623 γὰρ
1885 574 1932 614 εἰς
1960 587 2000 608 το
2019 571 2165 622 ἀγαθὸν,
2186 569 2294 616 ἕλκω,
2316 571 2405 606 ἀλλὰ

1386 632 1598 707 προσέθηκε,
1620 633 1714 683 Πρὸς
1737 633 1932 682 οἷκοδομην.
1935 631 2045 670 Ωστε
2065 632 2126 669 κᾶν
2146 633 2318 682 πλουτῃς,
2340 631 2404 668 κᾶν

1386 709 1418 730 εν
1439 693 1622 731 δυναστεία
1640 697 1700 744 ᾖς,
1728 710 1775 743 μη
1800 696 1932 746 σαυτῷ,
1952 693 2041 731 ἀλλὰ
2063 692 2251 744 τωπένητι
2271 707 2328 729 και
2354 694 2404 729 τω

1386 753 1537 806 δεομένω
1570 754 1709 806 ἄρεσκε·
1732 755 1820 792 οὕτω
1839 754 1906 806 γὰρ
1925 755 1984 792 καὶ
2004 754 2100 801 δόξης
2131 752 2312 803 ἀπολαυσῃ
2343 769 2405 798 της

1385 816 1553 862 ἀληθοῦς,
1573 816 1631 853 καὶ
1651 815 1819 868 ὠφέλειαν
1844 816 1973 867 ἐργάσῃ
2003 815 2149 861 πολλήν.
2173 814 2218 852 ‘H
2250 814 2310 865 μὲν
2337 814 2405 865 γὰρ

1386 878 1454 912 τῶν
1473 877 1644 925 βιωτικῶν
1665 877 1745 920 δόξα
1762 876 1885 918 εὐθέως
1903 876 2112 926 ἀφίπταται·
2129 879 2150 922 ἦ
2167 875 2202 912 δὲ
2219 878 2286 912 τῶν
2304 890 2405 912 πνευ-

1388 940 1543 986 ματικῶν
1558 936 1669 986 μένει,
1690 937 1729 974 ἂν
1754 937 1838 990 πρὸς
1868 937 2051 987 οἰκοδομὴν
2079 940 2180 974 τοῦτο
2208 939 2319 986 ποιῇς.
2343 935 2406 972 Διὸ
2428 950 2431 953 ·

1385 996 1481 1048 παρὰ
1498 998 1636 1035 πάντων
1656 1003 1757 1036 τοῦτο
1773 1001 1930 1036 ἀπαιτεῖ·
1949 997 2062 1049 οὐγὰρ
2080 1001 2097 1035 ὃ
2116 998 2210 1034 δεῖνα
2230 996 2289 1034 καὶ
2306 998 2322 1033 ὁ
2340 997 2406 1033 δεῖ-

1384 1073 1442 1102 να,
1460 1059 1536 1094 ἀλλ’
1556 1056 1732 1101 (Ἕκαστος
1747 1062 1856 1109 ὑμῶν.
1876 1054 1963 1097 Εἶτα
1983 1057 2099 1105 ἐπειδὴ
2121 1058 2211 1108 μέγα
2243 1056 2384 1100 ἐπέταξε
2397 1087 2406 1103 ,

1384 1118 1443 1155 καὶ
1459 1121 1520 1163 τῆς
1548 1119 1675 1161 οἰκείας
1692 1120 1850 1158 ἐκέλευσε
1876 1123 2077 1172 καθυφεῖναι
2106 1118 2322 1164 τελειότητος
2359 1120 2414 1160 εἰς.

1383 1179 1422 1217 τὸ
1451 1180 1635 1231 διορθῶσαι
1669 1180 1731 1226 τὴν
1750 1180 1866 1232 ἑτέρου
1897 1181 2087 1227 ἀσθένειαν,
2113 1180 2218 1217 πάλιν
2238 1179 2295 1216 τὸν
2314 1180 2403 1230 Χρι-

1385 1240 1463 1277 στὸν
1498 1241 1628 1292 εἰσάγει
1663 1241 1766 1291 μέσον
1807 1241 1917 1292 λέγων
1935 1258 1942 1265 ·
1961 1241 2032 1279 Καὶ
2066 1241 2132 1293 γὰρ
2161 1241 2310 1292 Χριστὸς
2340 1242 2404 1291 οὐχ

1385 1303 1496 1352 ἑαυτῷ
1513 1301 1634 1352 ἤρεσεν
1650 1318 1655 1324 ·
1686 1302 1771 1353 ὅπερ
1788 1303 1846 1339 καὶ
1865 1303 1917 1340 ἀεὶ
1936 1307 2042 1340 ποιεῖ.
2064 1302 2134 1339 Καὶ
2159 1301 2226 1352 γὰρ
2245 1301 2301 1339 ὅτε
2325 1301 2404 1351 περὶ

1383 1362 1617 1411 ἐλεημοσύνης
1655 1362 1788 1412 ἔλεγεν,
1817 1363 1918 1400 αὐτὸν
1948 1361 2154 1413 παρήγαγε,
2185 1362 2313 1411 λέγων·
2346 1363 2406 1398 Γι-

1383 1421 1533 1460 νώσκετε
1553 1422 1614 1468 τὴν
1630 1423 1734 1475 χάριν
1764 1427 1822 1460 τοῦ
1841 1422 1988 1473 Κυρίου,
2010 1423 2062 1459 ὅτι
2092 1424 2135 1459 δι’
2166 1424 2258 1469 ἡμᾶς
2288 1421 2405 1459 ἐπτώ-

1381 1496 1486 1532 χευσε
1512 1481 1673 1525 πλούσιος
1694 1482 1740 1519 ὤν
1755 1499 1762 1506 ·
1782 1483 1841 1521 καὶ
1860 1485 1915 1521 ὅτε
1936 1485 1984 1525 εἷς
2017 1482 2156 1534 ἀγάπην
2176 1481 2403 1533 προύτρεπεν,

1381 1543 1508 1579 ἐκεῖθεν
1533 1542 1767 1594 προύτρεψεν,
1803 1543 1929 1581 εἰπών·
1959 1543 2083 1586 Καθὼς
2115 1543 2174 1581 καὶ
2206 1545 2223 1580 ὃ
2255 1542 2404 1593 Χριστὸς

1381 1601 1562 1652 ἠγάπησεν
1581 1606 1697 1653 ἡμᾶς·
1720 1604 1778 1642 καὶ
1807 1605 1863 1642 ὅτε
1893 1604 1973 1655 περὶ
2001 1608 2060 1641 τοῦ
2093 1603 2205 1655 φέρειν
2238 1603 2402 1655 αἴσιόν-ην

1381 1662 1439 1699 καὶ
1459 1661 1633 1707 κινδύνους
1648 1663 1928 1712 ἰ’συνείὶοιῖιλευεν,
1949 1667 2002 1703 ἐπ’
2025 1665 2123 1702 αὐτὸν
2139 1664 2330 1717 κατέφυγε,
2348 1663 2405 1702 λε’-

1380 1739 1449 1774 γων
1465 1738 1470 1745 ’
1487 1722 1555 1767 ιῸς
1575 1724 1652 1762 ἀντὶ
1668 1728 1729 1771 τῆς
1746 1726 1977 1778 προκειμένης
1998 1728 2090 1775 αὐτῷ
2109 1733 2220 1778 χαρᾶς
2241 1724 2405 1774 ὑπέμεινε

1381 1785 1542 1836 σταυρὸν,
1559 1785 1726 1837 αἰσχύνης
1740 1786 2018 1839 καταφρονήσας.
2037 1785 2140 1825 Οὕτω
2169 1785 2229 1824 καὶ
2259 1787 2405 1822 ἐνταῦθα

1379 1844 1531 1883 δείκνυσι
1553 1846 1610 1883 καὶ
1634 1847 1733 1885 αὐτὸν
1752 1851 1853 1885 τοῦτο
1877 1847 2094 1894 ποιήσαντα,
2116 1846 2174 1884 καὶ
2195 1846 2251 1884 τὸν
2266 1845 2402 1898 προφή-

1378 1922 1441 1953 την
1474 1907 1602 1945 ἄνωθεν
1641 1909 2008 1961 προαναφωνήσαντα·
2048 1909 2100 1946 διὸ
2133 1907 2191 1945 καὶ
2216 1907 2379 1989 γέπήγαγε
2393 1936 2402 1953 ,

1380 1967 1504 2010 Καθως
1519 1968 1735 2045 γέγραπται,
1757 1973 1787 2007 οἱ
1808 1971 1861 2007 ὀνε
1867 1969 1994 2020 ιδισυ.οὶ
2019 1972 2087 2006 τῶν
2111 1968 2340 2012 ὂνειοιζόντων
2365 1983 2402 2005 σε

1380 2028 1547 2081 ἐπέπεσον
1563 2033 1616 2068 ἐπ’
1632 2033 1693 2080 ἐμε
1686 2030 1762 2068 .Τι’
1774 2030 1810 2068 δέ
1826 2032 2043 2082 ἐστιν,οὐχ
2030 2046 2141 2082 εαυτῳ
2153 2030 2288 2081 ἤρεσεν,
2300 2028 2402 2075 Ἐξῆν

1381 2092 1473 2127 αὖτω
1494 2091 1541 2141 μὴ
1568 2093 1815 2139 ὂνειδισθῆναι,
1833 2091 1910 2138 ἐξην
1940 2108 2018 2141 μη
2008 2095 2128 2129 παθεῖν
2158 2091 2245 2142 ἁπερ
2265 2091 2402 2135 ἔπαθεν,

1381 2151 1412 2188 εἴ
1435 2167 1474 2202 γε
1492 2152 1551 2198 ἧΟτ
1547 2154 1593 2190 ,λε
1614 2153 1653 2191 τὸ
1669 2156 1790 2191 ἑαυτοῦ
1809 2159 1967 2191 σκοπεῖν·
1990 2153 2065 2190 ἀλλ’
2086 2152 2181 2202 ομως
2200 2155 2260 2190 οὐκ
2277 2152 2402 2199 ἠθέλη-

1380 2227 1449 2259 σεν,
1468 2212 1557 2250 ἀλλὰ
1576 2214 1615 2250 τὸ
1641 2213 1809 2266 ἡμέτερον
1827 2214 2023 2260 σκοπήσας,
2042 2213 2081 2250 τὸ
2101 2215 2223 2251 εαυτοῦ
2242 2214 2399 2265 παρεῖδε.

1381 2273 1450 2310 Και
1470 2273 1561 2316 τίνος
1577 2273 1689 2311 ε’νεκεν
1706 2277 1768 2312 οὐκ
1793 2279 1899 2320 εἶπεν,
1921 2274 2044 2312 ἑαυτὸν
2059 2273 2242 2321 ἐκένωσεν,
2262 2274 2344 2312 ςὈτι
2364 2276 2401 2311 οὐ

1380 2337 1480 2371 τοῦτο
1506 2335 1622 2372 εὸὀύλε
1610 2351 1666 2372 ετο
1689 2337 1738 2372 δεῖ
1743 2335 1795 2378 ξαι
1818 2352 1861 2373 uo
1865 2351 1935 2382 101,
1962 2335 2015 2373 ὅτι
2047 2334 2225 2386 ἅνθρωπος
2250 2350 2289 2384 γε
2280 2334 2367 2385 ἐγον
2371 2350 2400 2379 ν,

1381 2394 1456 2431 ἀλλ’
1472 2393 1523 2431 ὅτι
1540 2411 1598 2432 και
1621 2394 1782 2445 ὃορίσθη,
1798 2395 1856 2432 καὶ
1872 2395 2026 2446 πονηρὰν
2048 2395 2144 2446 παρα
2162 2397 2302 2437 πολλοῖς
2319 2395 2400 2432 ἔλα<

1381 2454 1419 2491 δε
1433 2453 1544 2502 δόξαν,
1549 2456 1629 2492 ασΟ-
1616 2471 1692 2501 -νης
1710 2471 1796 2492 ειναι
1811 2455 1996 2506 νομισθεις.
2009 2457 2052 2493 Εἰ
2067 2455 2133 2507 γὰρ
2150 2455 2232 2497 libe
2251 2448 2399 2506 εἰ,φησὶ,

1379 2524 1438 2557 του
1458 2521 1560 2567 Θεου,
1581 2520 1756 2567 κατάέηθι
1787 2521 1856 2558 ἀπὸ
1884 2537 1943 2559 του
1965 2536 2135 2572 σταυρου·
2156 2537 2234 2567 και,
2258 2520 2402 2564 Ἄλλους

1380 2580 1531 2627 ἔσωσεν,
1552 2582 1670 2619 ἑαυτὸν
1704 2584 1742 2619 οὗ
1777 2582 1920 2619 δύναται
1950 2585 2076 2620 σῶσαι.
2105 2582 2168 2620 Διὸ
2196 2581 2400 2633 πράγματος

1383 2647 1616 2697 ἐμνημόνευσε
1643 2648 1915 2699 χρησιμεύοντος
1939 2650 2031 2700 αὐτῷ
2065 2650 2112 2692 εἷς
2133 2647 2195 2693 τὴν
2221 2651 2398 2700 παροῦσαν

1379 2714 1553 2762 ὑπόθεσιν,
1571 2715 1630 2752 καὶ
1652 2715 1802 2752 δείκνυσι
1827 2716 1946 2767 πολλῷ
1964 2714 2068 2751 πλέον
2091 2708 2128 2751 οὗ
2152 2713 2396 2765 ἐπηγγείλατο.

1380 2783 1432 2819 Οὐ
1452 2781 1519 2835 γὰρ
1535 2782 1591 2819 τὸν
1607 2782 1756 2834 Χριστὸν
1777 2781 1946 2819 δείκνυσιν
1963 2779 2192 2818 ὅνειδισθέντα
2207 2781 2321 2831 μόνον,
2336 2782 2401 2818 ἀλ·-

1379 2847 1424 2885 M
1441 2848 1499 2885 καὶ
1522 2847 1578 2886 τὸν
1598 2848 1817 2900 Πατέρα-Οἵ
1836 2847 2023 2897 ὄνειδισμοὶ
2045 2846 2111 2898 γὰρ
2133 2850 2202 2884 τῶν
2222 2847 2402 2891 ὀνειδιζόνὲ

1379 2931 1448 2952 των
1465 2930 1502 2952 σε
1515 2914 1694 2961 ἐπέπεσον,
1712 2914 1827 2965 φησὶν,
1842 2916 1896 2952 ἐπ’
1918 2914 1990 2964 ἐμέ.
2008 2913 2057 2952 ‘³0
2071 2913 2106 2951 δὲ
2121 2913 2232 2965 λέγει,
2247 2914 2398 2952 τοιοῦτόν

1381 2985 1488 3021 ἐστιν·
1501 2982 1594 3020 οὐδὲν
1606 2981 1731 3028 συνέὸη
1750 2980 1878 3027 καινὸν,
1891 2979 1986 3018 οὐδὲν
2002 2979 2107 3023 ξένον.
2122 2982 2168 3018 Οἱ
2180 2979 2248 3031 -γὰρ
2265 2981 2322 3018 ἐπὶ
2338 2985 2400 3028 τῆς

1380 3051 1539 3092 Παλαιᾶς
1559 3048 1730 3091 ὀνειδίζειν
1746 3049 1838 3098 αὐτῷ
1853 3046 2104 3097 μελετήσαντες
2115 3040 2224 3094 ,οὗτοι
2237 3046 2294 3083 καὶ
2308 3046 2399 3084 κατὰ

1379 3121 1438 3154 τοῦ
1459 3115 1590 3157 Παιδὸς
1604 3115 1795 3164 ἐμάνησαν.
1813 3115 1938 3150 Ταῦτα
1968 3112 2003 3150 δὲ
2024 3112 2155 3165 ἐγράφη
2173 3143 2182 3161 ,
2202 3112 2258 3151 ἵνα
2279 3113 2399 3164 μιμώ-

1381 3186 1479 3233 μεθα.
1508 3181 1680 3219 Ἐνταῦθα
1709 3178 1829 3223 αὐτοὺς
1859 3179 1918 3217 καὶ
1934 3181 1980 3222 εἷς
1997 3182 2201 3232 πειρασμῶν
2221 3180 2398 3230 ὑπομονὴν

1380 3250 1512 3302 ἀλείφει
1528 3247 1665 3286 λοιπόν·
1682 3247 1779 3285 εὈσα
1804 3247 1869 3298 γὰρ
1901 3247 2121 3300 προεγράφη,
2140 3247 2258 3298 φησὶν,
2277 3248 2324 3290 εἷς
2345 3248 2398 3284 δι-

1379 3316 1568 3356 δασκαλίαν
1593 3316 1693 3364 ἡμῶν
1713 3314 1935 3365 προεγράφη·
1959 3313 2014 3352 ἵνα
2040 3313 2096 3351 διὰ
2129 3316 2190 3360 τῆς
2222 3316 2398 3363 ὑπομονῆς
