2502 3810
628 259 672 289 ΙΝ
711 259 826 290 ACTA

101 342 170 380 Καὶ
188 341 312 379 σκόπει
337 340 400 386 τὴν
419 340 616 390 οἰκονομίαν
634 355 641 363 ·
671 343 808 392 πρῶτον
837 340 898 392 μὲν
917 335 1005 391 ῆραν
1024 340 1064 377 τὸ

50 402 178 453 σκάφος
197 400 256 438 καὶ
282 400 485 452 ἐξήρχοντο,
512 401 632 438 ἔπειτα
659 404 704 443 ὣς
736 401 892 439 ἐνέπεσεν
921 401 1063 450 ἄνεμος,

47 461 177 499 ἐδίδουν
192 463 242 512 τῷ
257 461 411 514 φέροντι,
429 460 488 498 καὶ
505 460 602 510 μόλις
622 460 799 505 ἐσώζοντο.
816 460 1009 499 Ἀνευθέτου
1028 460 1064 497 δὲ

45 527 105 560 τοῦ
117 521 254 572 λιμένος
268 521 484 573 ὑπάρχοντος
500 521 584 573 πρὸς
602 521 903 573 παραχειμασίαν,
919 524 950 559 οἱ
966 520 1063 558 πλεί-

46 598 102 625 ους
118 582 231 620 ἔθεντο
253 583 379 633 βουλὴν
400 585 594 634 ἀναχθῆναι
608 583 749 629 ἐκεῖθεν,
770 582 801 620 εἴ
817 598 889 625 πως
907 581 1063 619 δύναιντο

45 642 322 688 καταντήσαντες
357 644 403 685 εἷς
437 642 588 680 Φοίνικα
623 642 910 695 παραχειμάσαι,
938 641 1063 691 λιμένα

45 707 106 750 τῆς
128 703 269 754 Κρήτης
299 703 470 754 βλέποντα
495 702 586 741 κατὰ
605 703 687 741 λίὲα
716 703 775 741 καὶ
803 702 894 740 κατὰ
926 703 1061 753 Χῶρον.

46 763 344 807 εΥποπνεύσαντος
385 765 419 802 δὲ
456 764 572 811 νότου,
598 764 753 807 δόξαντες
779 767 841 809 τῆς
869 763 1062 816 προθέσεως

45 824 316 876 κεκρατηκέναι,
331 825 473 876 ἄραντες
492 824 629 873 Ἄσσον,
638 823 870 873 παρελέγοντο
887 823 950 868 τὴν
966 822 1062 872 Κρή-

44 900 117 930 την.
147 887 233 922 Μετ’
272 888 309 923 οὐ
338 884 424 923 πολὺ
461 886 495 922 δὲ
533 884 636 922 ἔὸαλε
656 885 759 920 ῃκατ’
794 882 898 928 αὐτὴν
937 882 1061 931 ἄνεμος

42 946 250 996 τυφωνικὸς,
269 947 286 982 ὁ
305 945 516 995 καλούμενος
538 943 764 996 Εὖροκλύδων
780 958 787 965 ·
806 941 1059 993 συναρπασθέν·
1079 950 1104 979 D

41 1021 97 1047 τος
117 1005 150 1043 δὲ
165 1009 224 1043 τοῦ
240 1005 360 1043 πλοίου
378 1005 436 1042 καὶ
458 1004 505 1054 μὴ
526 1003 713 1053 δυναμένου
735 1003 988 1053 ἀντοφθαλμεῖν
1009 1004 1058 1052 τῷ

40 1065 178 1116 ἀνέμῳ,
199 1065 372 1107 ἐπιδόντες
395 1064 596 1116 ἐφερόμεθα.
627 1062 760 1108 Νησίον
782 1061 818 1099 δέ
845 1078 879 1099 τι
905 1062 1058 1113 ὑποδρα*

7 1139 13 1147 “
39 1125 159 1174 μόντες
178 1125 387 1174 καλούμενον
416 1123 591 1169 Κλαύδην,
624 1121 722 1172 μόλις
744 1121 934 1173 ἰσχύσαμεν
945 1137 1057 1173 ,περι-

37 1191 176 1236 κρατεῖς
201 1184 360 1235 γενέσθαι
378 1187 439 1230 τῆς
460 1183 596 1234 σκάφης
612 1197 619 1205 ·
638 1183 679 1228 ἣν
701 1182 866 1233 ἄραντες,
885 1182 1058 1233 βοηθείαις

35 1245 188 1295 ἐχρῶντο
215 1241 468 1286 ὑποζωννύντες
487 1243 526 1280 τὸ
544 1244 663 1280 πλοῖον
677 1258 684 1265 ·
706 1241 912 1294 φοὸούμενοί
938 1258 975 1279 τε
1009 1242 1057 1292 μὴ

35 1306 81 1346 εἷς
97 1303 158 1350 τὴν
176 1302 302 1354 Σύρτιν
326 1303 498 1342 ἕκπέσωσι
512 1333 521 1350 ,
540 1303 757 1355 χαλάσαντες
773 1302 817 1340 τὰ
837 1302 932 1341 ἱστία
951 1301 1058 1345 οὕτως

34 1363 205 1416 ἐφέροντο.
225 1365 390 1415 Σφοδρῶς
419 1363 454 1401 δὲ
487 1363 752 1414 χειμαζομένων
775 1366 887 1413 ἡμῶν,
915 1366 958 1414 τῇ
981 1362 1058 1409 ἑξῆς

34 1424 181 1470 ἐκὸολὴν
227 1427 424 1462 ἐποιοῦντο·
460 1425 519 1461 καὶ
552 1427 596 1475 τῇ
628 1423 728 1477 τρίτῃ
761 1423 958 1476 αὐτόχειρες
993 1422 1056 1469 τὴν

35 1484 160 1530 σκευὴν
193 1488 252 1521 τοῦ
281 1483 400 1522 πλοίου
424 1484 626 1537 ε’ῤῥίψαμεν.
657 1484 759 1530 Μήτε
791 1484 824 1521 δὲ
844 1483 942 1530 ἡλίου
966 1484 1054 1533 μήτε

33 1544 168 1596 ἄστρων
191 1544 465 1596 ἐπιφαινομένων
488 1545 546 1583 ἐπὶ
574 1544 733 1588 πλείονας
752 1544 907 1596 ἡμέρας,
924 1547 1055 1596 χειμῶ-

862 256 1143 289 APOSTOLORU
1151 259 1183 287 M
1192 277 1200 287 .

1240 259 1396 288 nomn..
1435 260 1507 289 Lm
1517 279 1527 289 .

2028 250 2120 309 440

1186 342 1222 377 9.
1248 340 1356 388 Vide,
1390 355 1521 391 quaeso,
1547 340 1873 394 dispensationem:
1895 342 2013 394 primo
2041 344 2121 394 qui-

1132 396 1214 435 dem
1244 399 1366 437 navim
1393 400 1585 448 solverunt,
1618 400 1881 452 abieruntque3
1916 400 2043 439 deinde
2082 411 2122 439 ut

1133 459 1259 497 incidit
1280 469 1417 508 ventus,
1441 460 1614 499 dederunt
1639 476 1674 500 se
1692 463 1830 512 ferenti,
1855 472 1888 500 et
1908 463 1970 502 vix
2001 477 2119 502 serva-

1132 520 1273 558 bantur.
1295 522 1359 558 42.
1377 523 1431 559 Et
1456 536 1542 559 cum
1559 531 1669 574 aptus
1689 532 1823 574 portus
1844 538 1921 560 non
1945 533 2041 562 esset
2066 526 2120 561 acl

1132 582 1443 631 lzybernandum,
1469 584 1630 634 plurimi
1663 592 1881 622 statuerunt
1912 586 2119 622 consilium

1133 645 1318 694 navigare
1343 644 1445 689 inde,
1474 647 1507 681 si
1539 646 1727 695 quomodo
1754 655 1922 697 possent,
1952 649 2120 698 pervecti

1131 704 1354 749 Phoenicen,
1399 704 1481 740 illic
1524 705 1758 752 hybernum,
1795 715 1950 756 portum
1993 707 2116 743 Cretae

1129 766 1392 813 respicientem
1407 765 1460 800 ad
1474 765 1641 816 africum
1655 774 1692 801 et
1711 766 1891 804 chorum.
1911 768 1972 804 15.
1991 767 2116 818 Aspi-

1129 831 1240 859 rante
1271 832 1397 860 autem
1434 832 1580 868 ausim,
1606 833 1787 873 putantes
1817 829 2053 876 propositum
2079 841 2119 864 se

1130 890 1279 931 tenere,
1307 896 1394 919 cum
1414 883 1617 919 solvissent
1637 883 1741 920 Asso
1754 913 1765 931 ‚
1797 886 2120 936 proeterlegebunt

1130 943 1296 979 Cretam.
1319 945 1379 980 14.
1415 944 1554 979 Verum
1579 944 1688 980 haud
1711 945 1832 981 multo
1852 954 1938 995 post
1966 957 2119 986 coortus

1129 1010 1183 1038 est
1196 1011 1333 1039 contra
1349 1005 1472 1052 ipsam
1490 1011 1631 1040 ventus
1648 1005 1894 1054 typhonicus,
1916 1008 1982 1055 qui
1998 1020 2119 1044 voca-

1129 1073 1192 1101 tur
1204 1066 1447 1116 Euroaquilo
1464 1080 1472 1107 3
1492 1065 1555 1103 15.
1569 1079 1731 1117 cumque
1744 1076 1920 1118 correpta
1937 1077 2035 1105 esset
2050 1083 2118 1106 na-

1132 1128 1201 1174 vis,
1218 1139 1285 1163 nec
1306 1134 1433 1177 posset
1460 1135 1578 1164 vento
1605 1129 1798 1172 resistere,
1816 1128 1912 1165 data
1937 1131 2028 1165 navi
2042 1129 2119 1181 fla-

1130 1188 1230 1223 tibus
1247 1188 1621 1238 fmebamurstssln
1641 1188 1811 1225 insulam
1833 1197 1963 1226 autem
1979 1203 2117 1241 quam-

1127 1247 1217 1283 dam
1241 1248 1388 1285 devecti
1415 1250 1570 1285 nomine
1592 1249 1810 1297 Claudum,
1840 1252 1902 1287 vix
1925 1254 2118 1301 potuimus

1128 1308 1298 1344 obtinere
1317 1310 1513 1359 scapham.
1529 1310 1590 1345 17.
1619 1309 1704 1358 Qua
1719 1309 1893 1357 sublata,
1911 1311 2118 1362 adjutoriis

1127 1370 1333 1406 utebantur
1348 1371 1616 1420 subcingentes
1643 1383 1797 1416 navem,
1813 1372 1990 1409 timentes
2012 1387 2058 1410 ne
2074 1377 2118 1411 in

1124 1429 1269 1479 Syrtim
1286 1430 1498 1466 inciderent
1517 1459 1526 1477 ,
1548 1429 1722 1467 demissis
1744 1431 1837 1468 velis
1857 1433 1913 1468 ita
1922 1433 2117 1484 fereban-

1126 1498 1198 1527 tur.
1214 1489 1275 1527 18.
1295 1491 1391 1527 Cum
1410 1498 1540 1527 autem
1564 1491 1787 1527 vehementi
1808 1499 2033 1542 tempestate
2047 1497 2116 1546 ja-

1127 1559 1342 1597 ctaremur,
1364 1553 1539 1602 sequenti
1561 1551 1623 1587 die
1641 1553 1796 1602 jactum
1814 1553 2022 1603 fecerunt:
2050 1555 2110 1592 19.

32 1604 87 1648 νός
114 1621 151 1642 τε
181 1607 243 1643 οὐκ
278 1604 393 1655 ὀλίγου
422 1604 642 1655 ἐπικειμένου
655 1633 664 1651 ,
702 1605 822 1642 λοιπὸν
856 1610 1055 1656 περιῃρεῖτο
1074 1610 1099 1639 Ε
1124 1624 1171 1647 ac
1192 1614 1302 1648 tertio
1322 1612 1385 1648 die
1399 1614 1538 1648 nostris
1554 1613 1731 1649 manibus
1745 1622 1989 1651 armamenta
2004 1618 2116 1653 navis

31 1672 128 1703 πᾶσα
155 1667 251 1709 ἐλπὶς
279 1670 339 1703 τοῦ
373 1666 542 1710 σώζεσθαι
561 1670 669 1716 ἡμᾶς.
694 1668 834 1712 Πολλῆς
862 1665 897 1703 δὲ
918 1666 1055 1709 ἀσιτίας

30 1725 270 1778 ὑπαρχούσης,
290 1726 368 1765 τότε
389 1725 525 1769 σταθεὶς
546 1729 563 1764 ὃ
591 1728 731 1769 Παῦλος
751 1729 784 1764 ἐν
808 1725 904 1777 μέσῳ
925 1728 1052 1773 αὐτῶν,

31 1780 138 1823 εἶπεν.
169 1786 282 1839 ςὈρα·
303 1786 391 1836 μετὰ
409 1787 465 1825 τὸν
488 1790 649 1825 τοσοῦτον
680 1790 839 1838 χειμῶνα
859 1788 920 1824 οὐκ
939 1788 1051 1836 ἐπεμ-

31 1845 159 1884 ὅαίνων
176 1848 289 1891 αὐτοῖς
304 1847 520 1898 διαλέγεται,
540 1847 629 1886 ἀλλὰ
650 1847 856 1898 βουλόμενος
871 1847 935 1885 κᾶν
951 1849 999 1889 εἷς
1013 1847 1052 1885 τὸ

30 1906 155 1956 μέλλον
176 1911 414 1954 πιστευθῆναι.
433 1907 540 1946 εΌθεν
558 1908 616 1945 καὶ
634 1908 679 1946 τὰ
699 1907 914 1959 γεγενημένα
934 1924 1052 1959 παρα-

29 1968 203 2017 λαμὸάνει
232 1970 278 2010 εἷς
307 1968 501 2021 μαρτυρίαν
524 1972 585 2014 τῆς
605 1971 672 2006 τῶν
694 1967 941 2020 ῥηθησομένων
963 1969 1050 2015 ἀλη-

28 2027 131 2071 θείας.
165 2028 234 2066 Καὶ
265 2028 323 2066 δύο
354 2029 534 2081 προλέγει,
559 2028 613 2066 ὅτι
641 2045 679 2066 τε
703 2031 747 2072 εἰς
768 2032 871 2075 νῆσον
894 2030 1052 2066 ἐκπεσεῖν

30 2089 98 2136 δεῖ,
117 2089 175 2126 καὶ
205 2089 260 2127 ὅτι
280 2089 317 2126 τὸ
346 2090 408 2138 μὲν
433 2091 552 2127 πλοῖον
585 2092 790 2137 ἀπολεῖται,
813 2092 843 2128 οἱ
864 2089 899 2127 δὲ
920 2089 1052 2132 ἐνόντες

29 2149 244 2194 σωθήσονται
263 2149 372 2201 (ὅπερ
399 2152 459 2187 οὐκ
485 2145 526 2196 ῆν
557 2155 779 2202 στοχασμοῦ,
800 2149 889 2188 ἀλλὰ
916 2165 1052 2201 προφη-

26 2209 168 2259 τείας),
190 2209 249 2247 καὶ
281 2210 333 2247 ὅτι
363 2211 463 2248 αὐτὸν
484 2210 638 2263 Καίσαρι
667 2212 716 2248 δεῖ
749 2214 984 2263 παραστῆναι.
998 2211 1051 2248 Τὸ

1120 1675 1363 1724 projecimus.
1384 1674 1449 1711 20.
1475 1674 1610 1724 Neque
1631 1681 1761 1711 autem
1780 1675 1861 1711 sole
1881 1689 2002 1727 neque
2017 1679 2109 1715 side—

1122 1735 1229 1770 ribus
1258 1736 1529 1784 apparentibus
1553 1735 1768 1784 perplures
1795 1736 1888 1783 dies,
1912 1744 1949 1772 et
1975 1745 2114 1789 tem-pe-

1123 1802 1223 1831 state
1247 1807 1325 1831 non
1351 1796 1492 1845 exigua
1511 1796 1735 1830 imminente
1749 1823 1759 1841 ‚
1771 1796 1855 1843 jam
1874 1797 2011 1834 ablata
2029 1807 2114 1836 erat

1124 1857 1248 1892 omnis
1282 1868 1365 1906 spes
1396 1854 1535 1892 salutis
1573 1863 1725 1891 nostroe.
1760 1857 1824 1893 21.
1863 1857 1969 1894 Tune
2002 1867 2112 1896 stans

1122 1916 1274 1953 Paulus
1292 1918 1334 1952 in
1353 1916 1477 1952 medio
1495 1916 1652 1952 illorum
1667 1916 1781 1954 dixit.
1798 1915 1918 1966 Vide3
1934 1927 2014 1969 post
2035 1928 2112 1957 tan-

1123 1982 1196 2011 tam
1216 1982 1458 2025 tempestatem
1476 1988 1545 2012 non
1572 1973 1645 2011 illis
1661 1974 1833 2012 insultans
1849 1975 1925 2014 haec
1938 1977 2111 2027 loquitur,

1123 2034 1185 2072 sed
1204 2044 1242 2072 ut
1259 2034 1316 2073 vel
1338 2035 1372 2072 in
1393 2044 1574 2087 posterum
1590 2035 1659 2072 sibi
1678 2036 1833 2075 credant.
1857 2038 1963 2075 Unde
1985 2048 2019 2076 et
2033 2053 2112 2090 quae

1123 2107 1310 2135 evenerant
1328 2097 1365 2135 in
1377 2097 1618 2135 testimonium
1638 2099 1785 2136 assumit
1801 2100 1960 2138 veritatis
1973 2115 2111 2148 eorum,

1123 2173 1202 2208 qnae
1229 2158 1391 2196 dicturus
1412 2169 1499 2198 erat.
1524 2160 1571 2197 Et
1594 2159 1666 2198 duo
1686 2162 1849 2212 praedicit
1871 2179 1878 2199 :
1902 2173 1935 2202 et
1956 2165 2051 2215 quod
2076 2166 2111 2203 in

1123 2221 1276 2259 insulam
1289 2222 1490 2260 exscensuri
1509 2232 1620 2260 essent
1633 2253 1644 2270 ,
1660 2233 1693 2260 et
1713 2225 1809 2274 quod
1823 2226 1923 2264 navis
1939 2227 2110 2278 peritura,

27 2269 62 2306 δὲ
77 2298 86 2314 5
110 2270 326 2322 Κὶχάρῑσταί
345 2287 399 2308 <⁷0²
415 2273 432 2307 ὅ
452 2271 541 2314 Θεὸς
558 2271 735 2319 ἅπαντας,
755 2271 840 2323 ὅπερ
860 2276 967 2319 Εἶπεν,
987 2273 1049 2309 0¹3⁷-
1061 2295 1108 2320 399
1122 2289 1280 2318 vectores
1307 2290 1425 2318 autem
1461 2281 1625 2320 servandi
1645 2291 1759 2319 essent
1778 2286 1790 2330 (
1809 2283 1906 2333 quod
1936 2299 2004 2322 non
2024 2300 2110 2323 con-

27 2330 224 2374 ἀλαζονείας
253 2331 361 2378 ἐστὶν,
399 2331 488 2369 ἀλλὰ
526 2332 734 2381 βουλομένου
766 2332 1048 2384 προσαγαγέσθαι
1072 2331 1098 2360 Α

26 2390 104 2434 τοὺς
136 2391 367 2440 ἐμπλέοντας·
389 2394 451 2443 οὐχ
484 2391 539 2429 ἵνα
559 2392 626 2445 γὰρ
661 2394 753 2444 αὐτῷ
773 2393 875 2445 χάριν
907 2393 1048 2444 ἔχωσιν,

28 2453 102 2490 ἀλλ’
122 2451 176 2489 ἵνα
204 2452 391 2489 πείθωνται
412 2458 482 2495 τοῖς
499 2455 555 2490 ὑπ’
580 2454 683 2490 αὐτοῦ
704 2453 921 2504 λεγομένοις,
940 2453 1048 2496 οὕτως

27 2506 112 2551 εἷπε.
133 2512 185 2550 Τὸ
207 2511 262 2558 δὲ,
282 2512 502 2564 Κεχάρισταί
522 2530 575 2552 σοι
594 2517 611 2551 ὁ
630 2514 739 2561 Θεὸς,
771 2517 820 2566 τῷ
850 2513 982 2565 Παύλῳ
1002 2513 1048 2551 εἴ-

28 2589 140 2626 ρηται.
158 2575 271 2611 Τοῦτο
287 2573 467 2624 μονονουχὶ
483 2575 500 2594 *
516 2573 626 2624 λέγων
647 2577 739 2626 αὐτῷ
753 2590 760 2597 ·
778 2574 867 2618 ἄξιοι
883 2575 945 2625 μέν
962 2576 1046 2612 εἰσιν

25 2636 222 2681 ἀποθανεῖν,
243 2633 361 2680 ἐπειδὴ
382 2633 609 2686 παρήκουσαν
627 2651 634 2658 ·
667 2635 758 2681 πλὴν
776 2638 822 2679 εἷς
851 2636 912 2683 τὴν
940 2636 1045 2687 χάριν

25 2692 87 2740 τὴν
119 2693 181 2740 σὴν
212 2697 314 2731 τοῦτο
334 2693 480 2744 γίνεται.
516 2696 658 2739 Πολλῆς
691 2693 749 2739 δὲ,
779 2695 897 2746 φησὶν,
919 2696 1052 2739 ἀσιτίας

29 2753 274 2806 ὑπαρχούσης,
312 2754 389 2792 τότε
410 2754 545 2798 σταθεὶς
565 2758 582 2792 ὃ
600 2756 740 2798 Παῦλος
760 2758 794 2793 ἐν
828 2756 922 2808 μέσῳ
941 2759 1054 2794 αὐτῶν

28 2808 138 2853 εἶπεν·
159 2815 226 2852 ἔδει
245 2814 322 2866 μὲν,
345 2807 373 2851 (ἶ)
391 2814 534 2866 ἄνδρες,
564 2815 872 2866 πειθαρχήσαντάς
893 2833 973 2866 μοι,
1002 2819 1050 2868 μὴ

28 2875 214 2925 ἀνοίγεσθαι
241 2875 308 2912 ἀπὸ
342 2878 404 2920 τῆς
424 2875 584 2928 Κρήτης,
613 2876 782 2928 κερδῆσαί
800 2892 838 2914 τε
867 2877 931 2923 τὴν
952 2877 1048 2929 ῧὸριν

26 2934 154 2982 ταύτην
172 2935 228 2973 καὶ
255 2935 317 2982 τὴν
337 2935 477 2986 ζημίαν.
496 2936 566 2974 Καὶ
581 2941 685 2973 τανῦν
711 2940 871 2988 παραινῶ
891 2941 980 2989 ὑμᾶς
999 2941 1052 2976 εὐ-

28 2998 145 3045 θυμεῖν
159 3011 166 3018 ·
190 2996 344 3043 ἀποὸολὴ
365 2996 433 3048 γὰρ
455 2999 569 3048 ψυχῆς
598 2996 743 3046 οὐδεμία
762 2997 860 3035 ἔσται
876 2999 911 3042 ἐξ
938 3001 1049 3048 ὑμῶν,
1075 3002 1098 3031 Β

25 3054 116 3102 πλὴν
146 3060 205 3093 τοῦ
233 3056 368 3094 πλοίου.
394 3057 561 3108 Παρέστη
589 3058 656 3110 γάρ
677 3073 735 3108 μοι
755 3058 865 3110 ταύτῃ
888 3063 930 3111 τῇ
952 3060 1050 3098 νυκτὶ

28 3115 173 3167 ἅγγελος
191 3122 250 3155 τοῦ
278 3120 387 3164 Θεοῦ,
405 3112 443 3154 οῧ
465 3120 554 3168 εἰμι,
583 3113 611 3171 ᾧ
632 3119 691 3157 καὶ
719 3119 874 3171 λατρεύω
887 3150 896 3167 ,
915 3120 1024 3172 λέγων
1041 3137 1048 3145 ·

29 3176 78 3227 μὴ
107 3178 232 3228 φοέοῦ,
249 3179 369 3216 Παῦλε
385 3194 392 3202 ·
414 3179 574 3231 Καίσαρί
593 3196 631 3218 σε
652 3181 701 3218 δεῖ
721 3184 967 3232 παραστῆναι·
989 3182 1050 3220 καὶ

7 3236 101 3281 ...ἰδοὺ
117 3236 320 3289 κεχάρισταί
336 3254 390 3276 σοι
405 3242 423 3277 ὃ
437 3240 527 3283 Θεὸς
539 3241 672 3284 πάντας
687 3241 763 3284 τοὺς
780 3241 946 3285 πλέοντας
960 3242 1048 3293 μετὰ

72 3363 86 3378 ⁴
104 3355 191 3396 [κατ’
209 3359 298 3393 αὐτῆς
321 3357 460 3389 Savilius
472 3385 479 3398 ‚
496 3359 608 3390 invitis
623 3358 731 3391 Codd.
751 3361 901 3402 nostris.]

74 3406 90 3422 ’⁴
108 3405 185 3447 [Sic
202 3405 336 3439 Editiet
348 3409 387 3441 D.
407 3409 446 3439 In
464 3410 499 3440 A.
513 3410 551 3441 C.
565 3409 657 3441 deest
672 3410 774 3451 locus,
795 3411 828 3443 iu
845 3413 880 3443 B.
898 3419 946 3443 est
962 3409 1036 3443 bre-

1118 2339 1256 2390 jeetura
1278 2348 1387 2387 erant,
1409 2338 1471 2376 sed
1487 2340 1674 2391 prophetia
1695 2341 1733 2392 );
1754 2341 1918 2392 quodque
1938 2342 2013 2394 ipse
2033 2344 2110 2381 Cae-

1121 2397 1193 2434 sari
1213 2397 1389 2435 sistendus
1404 2398 1506 2436 esset.
1528 2398 1624 2436 Illud
1644 2409 1761 2438 autem
1781 2400 1877 2450 quod
1897 2400 2005 2449 dixit,
2027 2403 2110 2439 Do-

1124 2460 1233 2494 navit
1264 2460 1332 2495 tibi
1362 2459 1468 2495 Deus
1506 2472 1649 2505 omnes,
1683 2473 1751 2497 non
1781 2461 1990 2513 arrogantia:
2019 2471 2108 2509 erat,

1122 2515 1184 2552 sed
1201 2515 1348 2554 volentis
1367 2526 1524 2554 vectores
1539 2517 1584 2554 ad
1603 2517 1711 2555 fidem
1729 2518 1906 2557 adducere
1920 2536 1928 2555 :
1943 2535 2023 2557 nam
2040 2535 2109 2558 non

1121 2582 1161 2610 ut
1177 2574 1244 2611 sibi
1263 2574 1412 2624 gratiam
1433 2575 1614 2621 haberent,
1635 2575 1696 2612 sed
1714 2585 1754 2612 ut
1771 2576 1876 2614 dictis
1898 2578 1969 2615 suis
1986 2579 2109 2616 crede-

1124 2643 1200 2671 rent
1217 2663 1228 2683 ,
1250 2634 1301 2671 sic
1322 2634 1492 2684 loquutus
1511 2645 1574 2673 est.
1597 2635 1693 2672 Illud
1713 2650 1796 2675 vero
1815 2667 1825 2685 ‚
1843 2638 2018 2675 Donavit
2037 2641 2108 2675 tibi

1124 2695 1246 2742 Deus,
1273 2693 1384 2730 Paulo
1404 2693 1540 2731 dictum
1563 2704 1636 2744 θεῖ,
1671 2709 1712 2732 ac
1736 2695 1765 2732 si
1792 2694 1941 2733 dixisset
1965 2711 1972 2731 ε
1996 2695 2107 2747 Digni

1123 2753 1265 2804 quidem
1284 2762 1396 2790 morte
1411 2762 1491 2790 sunt
1510 2783 1519 2801 ‚
1538 2754 1619 2804 quia
1640 2768 1707 2790 non
1725 2753 1935 2791 obedierunt
1952 2769 1962 2801 3
1983 2768 2107 2792 verum

1124 2815 1159 2851 in
1182 2814 1234 2851 tui
1252 2813 1402 2864 gratiam
1420 2813 1488 2850 hoc
1509 2813 1559 2852 fit.
1581 2816 1642 2852 91.
1664 2815 1718 2850 Et
1732 2828 1818 2851 eum
1840 2815 1963 2851 multa
1975 2815 2108 2851 inedia

1124 2883 1219 2913 esset
1240 2904 1251 2921 ,
1274 2874 1389 2924 inquit
1410 2903 1419 2917 ,
1448 2882 1557 2911 stans
1584 2874 1734 2911 Paulus
1761 2876 1802 2910 in
1825 2875 1949 2911 medio
1976 2888 2107 2912 eorum

1125 2940 1226 2975 dim
1249 2954 1256 2974 :
1279 2939 1486 2988 Oportebat
1503 2938 1655 2988 quidem
1671 2967 1682 2982 ,
1710 2950 1731 2973 o
1753 2939 1825 2973 viri
1842 2966 1854 2982 ,
1877 2938 2012 2974 audire
2032 2952 2106 2983 me,

1126 3014 1194 3037 nec
1222 3000 1370 3037 solvere
1388 3012 1413 3036 a
1435 2999 1564 3044 Creta,
1588 3011 1634 3035 ac
1657 3000 1777 3035 vitare
1799 2999 1902 3035 hane
1922 3000 2108 3049 injuriam

1123 3062 1380 3111 etjacturam.
1401 3060 1463 3096 92
1484 3059 1538 3095 Et
1555 3071 1656 3095 nune
1677 3059 1809 3094 hortor
1830 3071 1894 3096 vos
1910 3087 1921 3103 ‚
1941 3067 1983 3095 ut
2008 3061 2108 3095 bono

1122 3123 1254 3157 animo
1268 3122 1351 3157 sitis
1370 3134 1380 3154 .·
1394 3120 1554 3169 jactura
1572 3120 1672 3154 enim
1692 3120 1832 3154 animoe
1850 3118 1962 3154 nulla
1977 3121 2048 3155 erit
2060 3132 2108 3155 ez·

1123 3183 1248 3229 vobis,
1260 3181 1328 3218 sed
1347 3188 1496 3216 tantum
1513 3180 1636 3215 navis.
1654 3177 1887 3215 &Adstitit
1898 3180 1998 3214 enim
2012 3179 2109 3215 mihi

1126 3242 1199 3278 hac
1232 3248 1341 3277 nocte
1372 3239 1531 3290 angelus
1554 3239 1641 3284 Dei,
1670 3240 1777 3290 cujus
1802 3251 1897 3287 sum,
1924 3247 1961 3276 et
1993 3252 2106 3290 quem

1101 3359 1238 3401 viatus]
