2466 3805
689 272 735 301 IN
770 271 855 302 ACT
861 272 884 300 Α
922 268 1210 300 APOSTOLORU
1218 268 1246 297 M
1257 286 1266 296 .

124 371 263 410 καιρους
292 353 454 406 ωρικέναι
480 354 590 390 ἑαυτῶ
621 352 695 404 βίου
729 352 996 405 ἀκριὸεστέρου,
1018 351 1078 390 καὶ
1107 352 1142 388 ἐν

123 417 211 454 τισὶν
239 414 398 466 ἡμεραις.
421 412 489 452 Διὰ
509 412 575 466 γὰρ
603 417 703 452 τοῦτο
732 418 840 462 εἶπεν,
870 414 953 452 Ἀπὸ
974 413 1143 466 τετάρτης

125 477 269 529 ἡμέρας.
297 475 395 526 Ορα
413 474 520 513 πόσον
541 474 633 512 ἐστὶν
657 475 753 526 εὐχη.
773 474 864 512 εὈτε
896 475 1068 514 ἐπέδωκεν
1097 476 1144 518 εἷς

127 535 415 585 εὖλάὸειαν,τότε
443 537 602 588 φαίνεται
623 537 717 573 αὖτω
737 540 754 574 6
783 536 937 588 ἄγγελος.
958 535 1055 583 Αύτη
1083 535 1146 586 μία

127 597 262 650 ἡμέρα·
285 613 343 635 και
372 597 414 643 ἣν
427 598 587 670 ἀπηλθρν
610 600 640 635 οἱ
658 597 891 671 πεμφθέντες,
921 597 1004 648 μία·
1024 613 1084 635 και
1102 597 1144 643 ἣν

129 654 247 706 ἠλθον,
266 658 372 696 πάλιν
396 656 476 708 μία·
506 656 565 694 καὶ
595 673 638 707 τῃ
658 657 807 709 τετάρτῃ
828 658 957 710 ἐφάνη,
985 661 1031 701 ὡς
1060 662 1147 696 εἶναι

131 718 316 771 δευτέραν
311 720 384 756 μεθ’
410 719 452 765 ἣν
479 734 613 770 προσηυ
595 718 709 762 ύξατο.
733 719 803 756 Καὶ
836 718 907 756 ἰδου
943 719 1030 771 ἀνηρ
1064 718 1146 764 ἔστη

132 780 278 819 ἐνώπιόν
300 795 365 828 μου
398 782 432 817 ἓν
464 781 582 826 ἐσθῆτι
613 781 772 831 λαμπρᾷ.
795 781 848 817 Οὐ
878 778 973 832 λέγει
991 779 1150 830 ἄγγελον,

132 842 237 885 οὕτως
257 842 348 880 ἐστὶν
363 842 499 893 ἄτυφος.
516 841 586 878 Καί
599 855 685 890 φησι
700 855 707 862 ·
726 839 898 890 Κορνήλιε
911 869 920 887 ,
941 838 1148 885 εἰσηκούσθη

133 919 193 941 σου
207 907 228 950 ἡ
250 902 427 954 προσευχὴ
443 931 452 948 ,
472 901 532 939 καὶ
551 903 585 937 αἱ
600 900 828 950 ἐλεημοσύναι
848 915 907 938 σου
927 899 1150 950 ἐμνήσθησαν

135 963 281 1002 ἐνώπιον
299 968 359 1001 τοῦ
381 965 487 1002 Θεοῦ.
509 961 655 1013 Πέμψον
672 955 728 998 οῧν
749 963 796 1003 εἷς
822 960 980 1008 Ἰόππην,
1002 960 1061 997 καὶ
1083 975 1153 1009 με·-

133 1025 325 1062 τακάλεσαι
344 1023 510 1073 Σίμωνα,
528 1022 562 1064 ὃς
581 1023 796 1058 ἐπικαλεῖται
811 1020 944 1071 Πέτρος
958 1035 965 1042 ·
986 1014 1082 1062 οἶτος
1099 1018 1151 1062 ξε-

134 1086 264 1129 νίζεται
283 1087 317 1122 ἐν
348 1083 442 1133 οἰκίᾳ
461 1082 619 1132 Σίμωνος
641 1080 792 1132 βυρσέως
823 1080 920 1132 παρὰ
952 1080 1150 1119 θάλασσαν·

133 1147 169 1190 ὃς
188 1144 468 1198 παραγενόμενος
481 1142 629 1189 λαλησει
648 1158 714 1180 σοι
731 1141 794 1186 Ἐξ
810 1145 914 1188 αὐτῆς
933 1137 1030 1181 οὖν’
1013 1158 1108 1192 επεμ·
1131 1157 1152 1178 α

131 1207 215 1257 πρὸς
236 1206 275 1244 σε’
287 1221 294 1228 ·
316 1204 357 1242 σύ
379 1220 416 1242 τε
436 1205 583 1246 καλῶς
569 1203 735 1249 εποίησας
761 1204 1050 1255 παραγενόυηενος
1080 1206 1151 1242 Νυν

131 1270 188 1305 οὖν
209 1266 334 1310 πάντες
355 1269 457 1316 ἡμεῖς
482 1263 625 1303 ενώπιον
645 1267 705 1301 τοῦ
724 1265 816 1302 Θεου
835 1264 1028 1315 πάρεσμεν,
1050 1267 1153 1302 ἀκου-

132 1344 191 1366 σαι
212 1326 386 1365 πάντατὰ
404 1325 691 1378 προστεταγμένα
714 1341 767 1363 σοι
791 1341 857 1364 υπο
876 1330 936 1364 τοῦ
959 1327 1064 1364 Θεοῦ.
1085 1326 1155 1363 Διὰ

131 1393 230 1426 τοῦτο
248 1381 342 1435 εἷπε,
366 1387 445 1425 Τίνι
466 1387 558 1438 λόγῳ
582 1385 851 1438 μετεπέμψασθέ
870 1402 931 1437 με,
949 1386 1029 1424 ὃῖνα
1045 1389 1155 1424 ταῦτα

133 1449 241 1493 οὕτως
263 1448 344 1501 εἴπῃ
364 1449 410 1487 τὰ
432 1448 584 1500 ῥήματα.
606 1447 757 1491 Ἀνοίξας
774 1446 809 1485 δὲ
826 1447 960 1499 Πέτρος
978 1447 1016 1485 τὸ
1042 1447 1155 1499 στόμα

134 1505 247 1548 εἶπεν·
271 1510 325 1549 ἐπ’
355 1509 516 1556 ἀληθείας
547 1507 884 1559 καταλαμὸάνομαι,
906 1509 959 1547 ὅτι
990 1512 1050 1548 οὐκ
1083 1509 1156 1547 ἔστι

134 1569 439 1623 προσωπολήπτης
458 1573 475 1607 6
495 1569 602 1614 Θεὸς,
632 1570 706 1606 ἀλλ’
732 1571 766 1607 ἐν
793 1569 899 1607 παντὶ
929 1568 1016 1607 ἔθνει
1048 1573 1065 1607 6
1096 1584 1157 1621 φο-

136 1632 300 1682 ὅούμενος
319 1631 420 1669 αὐτὸν
441 1630 501 1668 καὶ
531 1629 757 1681 ἐργαζόμενος
785 1630 1020 1679 δικαιοσύνην,
1041 1630 1158 1674 δεκτὸς

137 1695 231 1744 αυτῷ
252 1695 338 1730 ἔστι.
353 1690 555 1738 Τουτέστιν,
578 1690 617 1728 ἄν
636 1707 674 1728 τε
703 1690 916 1744 ἀκρόουστός
945 1694 1036 1730 ἐστιν
1058 1691 1097 1729 ἄν
1121 1707 1159 1729 τε

137 1752 384 1805 ἐμπερίτομος.
420 1753 534 1789 Τουτο
571 1767 630 1789 και
661 1753 800 1795 Παῦλος
840 1754 978 1801 δηλῶν,
1007 1755 1061 1791 Οὐ
1093 1753 1160 1807 γάρ

139 1817 212 1852 ἐστι
239 1813 518 1866 προσωποληζκία
553 1829 649 1866 παρα
668 1817 718 1851 τῶ
744 1816 845 1866 Θεω,
865 1815 970 1867 λέγει.
999 1817 1072 1853 Νυν
1103 1819 1160 1853 οὖν

137 1875 315 1928 πάρεσμεν
345 1890 472 1917 παντες
502 1878 625 1925 ημεῖς,
660 1875 776 1927 φησὶν,
799 1875 944 1914 ενόπιον
978 1879 1037 1913 τοῦ
1057 1878 1160 1915 Θεου.

138 1935 250 1988 Ὅρα,
267 1936 330 1981 ὅση
347 1938 368 1980 ἡ
384 1934 521 1982 πίστις,
538 1935 600 1982 δ”ση
621 1939 642 1981 ἦ
670 1935 843 1973 ευλαὸεια.
860 1934 982 1991 ’ᾘδει,
996 1935 1049 1974 ότι
1067 1936 1162 1975 οὔδεν

141 1996 354 2048 ἀνθρωπινον
377 2000 470 2033 εἶπεν
490 2000 507 2033 6
538 1996 692 2047 Πέτρος,
714 1996 758 2035 Ὁ
774 1997 863 2041 Θεὸς
891 1997 998 2042 ἔδειξέ
1019 2013 1096 2075 μοι,
1117 2000 1164 2035 εἷ-

139 2057 226 2096 πών.
245 2058 307 2095 Διο
326 2072 384 2094 και
403 2057 460 2104 τὸ,
480 2057 684 2110 Πάρεσμεν,
702 2059 849 2096 ἀκοῦσαι
863 2059 977 2097 πάντα
993 2058 1037 2097 τὰ
1057 2074 1164 2111 προσ-

140 2117 337 2169 τεταγμένα
359 2133 413 2155 σοι
434 2118 500 2156 ὑπὸ
518 2121 576 2156 τοῦ
596 2120 704 2164 Θεοῦ,
724 2119 828 2169 λέγει.
858 2119 905 2157 Τί
934 2115 1011 2167 οῧν5
1032 2115 1099 2173 ἆρα
1113 2120 1166 2157 δε·

140 2179 220 2220 κτὸς
244 2181 336 2230 αὐτῷ
358 2180 432 2216 ἐστι
456 2181 473 2215 6
501 2181 534 2216 ἐν
557 2179 726 2229 Περσίδι,
754 2174 832 2231 ‹izv-J,
853 2180 960 2227 ἄξιος,
977 2180 1086 2231 ταύτῃ
1108 2182 1163 2218 δε·-

140 2239 218 2282 κτὸς
233 2239 331 2277 ἔσται
358 2241 407 2290 τῷ
431 2238 686 2285 καταξιωθῆναι
702 2242 762 2285 τῆς
777 2239 937 2284 πίστεως.
958 2238 974 2260 b
988 2240 1164 2279 Ἐντεῦθεν

339 2298 552 2342 ξΑἰθιοπίας
582 2301 741 2351 εὐνοῦχον
771 2302 808 2339 οὔ
831 2302 993 2352 περιεῖδε.
1013 2300 1083 2338 Καὶ
1114 2301 1165 2349 τί,

140 2360 255 2412 φησὶν,
279 2359 317 2397 ἂν
344 2359 453 2403 εἴποις
471 2360 551 2413 περὶ
579 2363 646 2397 τῶν
678 2361 846 2399 θεοσεὸῶν
877 2363 936 2400 καὶ
965 2362 1165 2415 περιοφθέν-

138 2436 232 2467 των;
255 2420 387 2471 Ἄπαγε
402 2436 410 2444 ·
439 2421 548 2464 οὐδεὶς
575 2428 781 2472 περιορᾶται
814 2423 990 2470 &mee-62.
1013 2426 1066 2462 Οὐ
1096 2423 1164 2477 γὰρ

138 2481 246 2527 ἔστιν,
266 2484 327 2519 οὐκ
346 2482 420 2520 ἔστι
440 2482 669 2534 περιοφθῆναί
688 2499 766 2521 τινα
792 2487 859 2522 τῶν
880 2485 1041 2523 τοιούτων
1062 2486 1161 2524 ποτέ.

139 2543 202 2579 Ἐν
223 2543 327 2580 παντὶ
360 2542 469 2590 ἔθνει,
490 2542 593 2594 φησὶ,
615 2547 632 2581 6
663 2543 873 2595 φοδούμενος
905 2545 961 2583 τὸν
993 2547 1081 2585 Θεὸν
1105 2546 1164 2586 καὶ

141 2602 365 2652 ἐργαζόμενος
403 2603 636 2651 δικαιοσύνην.

141 2662 264 2713 ἀρετὴν
285 2665 397 2702 καλεῖ.

324 2302 334 2313 a

319 2316 335 2337 Ε

139 2300 198 2337 καὶ
229 2300 287 2337 τὸν

672 2605 919 2654 εΔικαιοσύνην
926 2637 935 2656 ,
960 2606 1022 2654 τὴν
1048 2614 1164 2647 πᾶσαν

195 2799 319 2853 Ὁρᾷς,
344 2803 419 2844 πῶς
443 2801 671 2840 καταστέλλει
691 2805 793 2842 αὐτοῦ
814 2804 853 2842 τὸ
869 2804 1031 2857 φρόνημα
1050 2807 1099 2857 τῷ
1116 2807 1168 2843 εἶ-

144 2865 220 2898 πεῖν
233 2875 240 2882 “
267 2862 329 2899 Ἐν
346 2862 454 2899 παντὶ
473 2861 561 2899 ἔθνει
581 2865 598 2900 6
621 2863 830 2915 φοὸούμενος
851 2866 908 2904 τὸν
929 2865 1030 2913 Θεὸν,
1052 2866 1143 2903 δεκτ
1112 2882 1169 2909 -ος

145 2922 237 2971 αὐτῷ
256 2923 370 2969 ἐστιν,
391 2921 474 2960 ὡσεὶ
495 2921 630 2974 ἔλεγεν,
653 2925 774 2963 οὐδένα
797 2928 1006 2974 ἀπωθεῖται,
1036 2926 1169 2969 πάντας

144 2980 324 3055 προσίεται
345 2981 422 3025 τοὺς
441 2982 678 3027 πιστεύοντας.
710 2979 811 3034 Εἶτα,
827 2985 884 3023 ἵνα
901 2986 950 3037 μὴ
972 2986 1150 3030 δόξωσιν’
1135 3003 1168 3025 εν

145 3039 238 3082 τάξει
269 3042 537 3094 ἀπερριμμένων
569 3048 678 3092 εἰναι,
710 3046 854 3098 ἐπάγει
878 3047 948 3084 Τὸν
974 3047 1103 3099 Λόγον,
1133 3048 1169 3086 ὃν

148 3099 330 3138 ἀπέστειλε
349 3109 418 3145 τοῖς
437 3106 522 3148 υιοῖς
543 3103 691 3158 Ἰσραηλ
710 3106 1014 3181 εὐαγγελιζόμενος
1030 3108 1169 3160 εἰρήνην

150 3159 205 3198 διὰ
223 3162 337 3208 Ἰησού
352 3163 522 3214 Χριστου·
539 3165 635 3210 ουτός
652 3168 878 3206 ἐστιπάντων
893 3168 1030 3220 Κύριος.
1046 3170 1170 3207 Ταυτα

191 3308 204 3322 ²
225 3299 287 3330 Hic
303 3307 376 3332 tota
391 3302 489 3334 series
502 3303 677 3336 invertitur
695 3315 728 3335 m
746 3304 863 3337 eodem
880 3305 1016 3338 Codice.

197 3351 213 3375 b
231 3356 293 3385 br:
295 3357 345 3385 ῦθε
333 3368 361 3385 -ν
378 3358 444 3395 καί,
467 3353 537 3386 haee
562 3354 709 3388 desunt
702 3368 736 3387 m
765 3369 831 3390 uno
858 3357 1003 3400 CodIce,
1031 3359 1065 3390 in
1093 3369 1159 3401 quo

154 3401 294 3435 subinde
310 3404 407 3436 series
424 3412 456 3436 et
472 3405 573 3438 verba
588 3415 772 3442 mutantnqu·

198 3465 210 3479 ²
229 3456 240 3497 [
255 3461 308 3494 τὴν
324 3462 420 3491 πᾶσάν
436 3472 518 3502 φησιν
535 3465 654 3503 ἀρετήν.
669 3464 724 3505 ὅρα
742 3469 801 3501 πῶς
818 3462 854 3492 Α.
873 3463 909 3493 Β.
928 3461 965 3494 C.
977 3462 1162 3508 Legebatur

1305 266 1462 296 tio-Min.
1502 265 1630 296 xxm.

2103 261 2188 307 ¹95)

1210 348 1366 388 Videtur
1381 348 1471 385 mihi
1488 347 1556 385 sibi
1571 356 1728 399 tempora
1742 344 1964 384 constituisse
1995 342 2190 380 acciu-atio-

1211 410 1258 448 ris
1276 410 1359 450 vitae
1390 409 1426 446 in
1457 408 1671 460 quibusdam
1703 407 1829 445 diebus
1853 405 2027 456 :ideoque
2057 403 2120 453 ait,
2149 403 2190 440 A

1212 480 1354 525 quarta
1370 472 1443 510 die.
1457 470 1566 520 Vide,
1585 479 1715 521 quanta
1736 483 1789 506 res
1817 467 1863 506 sit
1885 467 2009 505 oratio.
2039 464 2192 511 Quando

1212 534 1249 571 in
1262 533 1391 585 pietate
1412 532 1571 584 profecit,
1586 541 1668 569 tune
1684 538 1831 583 apparet
1862 529 1916 567 illi
1931 527 2086 579 angelus.
2110 526 2194 563 Haec

1215 608 1283 631 una
1295 594 1371 632 dies
1390 602 1483 644 erat,
1495 607 1534 631 ea
1550 607 1619 643 qua
1637 592 1800 630 abierunt
1816 591 1854 639 ii,
1875 590 1936 641 qui
1962 588 2060 626 missi
2084 596 2193 633 erant,

1215 670 1302 705 una;
1321 670 1391 706 qua
1414 663 1599 706 venerunt,
1620 667 1741 692 rursus
1770 667 1859 701 una;
1877 660 1910 691 et
1927 660 2053 702 quarta
2082 663 2192 701 appa-

1214 716 1302 767 ruit,
1323 716 1421 754 itaut
1439 715 1484 754 sit
1504 715 1657 753 secunda
1673 723 1750 766 post
1768 728 1859 763 eam,
1875 726 1943 763 qua
1955 720 2117 764 precatus
2132 719 2194 748 est.

1219 779 1273 816 Et
1289 791 1375 815 ecce
1393 779 1462 815 vir
1479 779 1582 814 stetit
1600 789 1730 814 coram
1743 790 1800 813 me
1812 778 1852 812 in
1862 783 1970 812 veste
1981 774 2195 825 splendida.

1171 848 1195 878 C
1216 839 1295 875 Non
1308 837 1476 888 angelum
1485 837 1593 886 dicit3
1607 836 1656 874 ita
1671 836 1807 874 alienus
1821 845 1893 872 erat
1907 850 1926 873 a
1936 836 2039 872 fastu.
2059 836 2111 871 Et
2122 837 2193 871 ait:

1220 898 1389 945 Corneli,
1407 899 1593 937 eoeaudita
1605 906 1661 935 est
1681 900 1804 934 oratio
1824 905 1904 942 tua,
1924 905 1959 935 et
1988 897 2200 944 eleemosy-

1220 973 1279 996 noe
1300 967 1373 997 tuce
1393 958 1648 996 ascenderunt
1675 960 1716 994 in
1736 959 1960 994 memoriam
1977 959 2018 992 in
2047 970 2199 1006 conspe-

1219 1028 1283 1057 ctu
1303 1021 1392 1056 Dei.
1416 1019 1478 1057 502.
1499 1020 1613 1056 Mitte
1626 1031 1714 1069 ergo
1743 1020 1784 1054 in
1802 1019 1966 1068 Joppen,
1988 1025 2023 1053 et
2055 1019 2203 1054 accersi

1220 1081 1425 1127 Simonem,
1445 1082 1512 1132 qui
1551 1081 1848 1131 cognominatur
1864 1079 2006 1126 Petrus
2030 1093 2039 1113 .·
2057 1079 2120 1114 Izio
2137 1079 2202 1114 ho-

1219 1146 1388 1195 spitatur
1405 1145 1447 1180 in
1468 1143 1581 1179 domo
1592 1141 1757 1180 Simonis
1771 1143 1928 1179 coriarii
1941 1143 2056 1192 juxta
2073 1154 2178 1177 mare
2192 1155 2200 1174 :

1221 1207 1287 1257 qui
1303 1207 1366 1242 ubi
1402 1204 1620 1250 advenerit,
1654 1203 1832 1255 loquetur
1859 1204 1939 1240 tibi.
1968 1203 2032 1239 55.
2066 1202 2206 1253 Confe-

1219 1267 1307 1304 stim
1329 1278 1416 1317 ergo
1438 1266 1525 1302 misi
1539 1265 1594 1303 ad
1609 1272 1644 1302 te
1663 1279 1673 1299 .·
1692 1271 1727 1301 et
1742 1272 1781 1301 tu
1798 1263 2038 1315 benefecisti
2048 1265 2208 1299 venien-

1221 1329 1406 1368 domnae
1418 1342 1506 1380 ergo
1526 1341 1656 1365 omnes
1675 1340 1743 1365 nos
1769 1328 1810 1363 in
1822 1333 2025 1377 conspectu
2046 1326 2121 1362 Dei
2137 1326 2207 1362 ad—

1221 1403 1364 1439 sumus,
1385 1398 1426 1427 ut
1440 1390 1645 1426 audiamus
1665 1390 1810 1435 omnia,
1829 1400 1914 1438 quoe
1940 1387 2209 1438 tibiprceeepta

1175 1461 1200 1491 D
1221 1459 1311 1489 sunt
1326 1464 1351 1488 a
1367 1452 1463 1488 Deo.
1487 1450 1572 1488 Ideo
1588 1449 1683 1487 dixit
1699 1479 1711 1496 ‚
1736 1450 1821 1499 Qua
1841 1449 1888 1486 de
1907 1461 2028 1486 causa
2046 1451 2193 1486 accersi
2200 1471 2210 1475 -

1222 1515 1291 1551 stis
1311 1516 1389 1550 me?
1408 1521 1448 1550 ut
1467 1512 1543 1550 haec
1565 1512 1614 1550 sic
1650 1511 1758 1549 verba
1779 1510 1886 1548 dicat.
1919 1510 1981 1547 54.
2018 1510 2210 1561 Aperiens

1223 1582 1353 1611 autem
1368 1575 1508 1611 Petrus
1521 1587 1562 1610 os
1581 1586 1706 1617 suum,
1729 1571 1829 1609 dixit
1846 1587 1856 1607 .-
1873 1571 1922 1608 Ιη
1933 1572 2100 1609 veritate
2110 1584 2212 1607 eom-

1222 1637 1320 1686 peri,
1337 1636 1442 1686 quod
1453 1648 1530 1672 non
1545 1637 1595 1673 sit
1607 1646 1861 1686 personarum
1884 1641 2060 1684 acceptor
2079 1633 2185 1670 Deus
2200 1649 2210 1673 ,·

1225 1695 1290 1733 55.
1314 1696 1383 1734 sed
1395 1698 1437 1732 in
1454 1698 1560 1732 omni
1577 1703 1701 1746 gente,
1720 1696 1787 1745 qui
1808 1696 1915 1730 timet
1937 1693 2048 1730 illum
2068 1701 2104 1730 et
2128 1707 2213 1744 ope-

1226 1765 1339 1795 ratur
1351 1759 1559 1808 justitiam,
1578 1764 1755 1807 aceeptus
1772 1755 1833 1792 illi
1858 1763 1924 1792 est.
1952 1754 2027 1791 Hoc
2046 1763 2108 1801 est,
2139 1754 2215 1792 sive

1228 1818 1461 1870 praeputiatus
1480 1817 1538 1867 sit,
1560 1817 1629 1855 sivi
1653 1815 1896 1854 circumcisus.
1929 1816 2004 1853 Hoc
2021 1824 2055 1853 et
2082 1815 2214 1852 Paulus

1228 1879 1280 1917 sie
1291 1879 1460 1929 declarat,
1474 1880 1564 1916 Non
1583 1886 1640 1916 est
1656 1890 1907 1928 personarum
1921 1879 2091 1928 acceptio
2111 1877 2216 1928 apud

1231 1941 1368 1979 Deum.
1385 1941 1498 1978 Nune
1519 1952 1606 1990 ergo
1619 1939 1802 1976 adsumus
1823 1951 1954 1975 omnes
1979 1951 2061 1984 nos,
2082 1937 2212 1987 inquit,

1231 2004 1273 2039 in
1307 2009 1512 2053 conspectu
1543 2001 1628 2038 Dei.
1665 1999 1760 2039 Vide
1783 2007 1914 2049 quanta
1949 1997 2054 2047 fides,
2084 2006 2215 2048 quanta

1232 2062 1354 2114 pietas.
1387 2061 1526 2100 Sciebat
1564 2059 1655 2098 nihil
1680 2059 1880 2097 humanum
1907 2057 2025 2096 dicere
2049 2059 2213 2105 Petrum3

1234 2124 1340 2161 Deus
1367 2122 1535 2160 ostendit
1551 2122 1660 2168 milii,
1685 2119 1792 2158 dixit.
1830 2119 1915 2158 Ideo
1938 2128 1972 2158 et
2004 2119 2108 2168 illud,
2129 2120 2215 2156 Ad-

1185 2187 1210 2216 Ε
1233 2198 1377 2231 sumus,
1404 2192 1446 2221 ut
1462 2184 1668 2221 audiamus
1689 2184 1833 2228 omnia,
1867 2195 1952 2234 quae
1987 2183 2058 2219 tibi
2076 2195 2216 2233 prcece-

1230 2254 1300 2297 pta
1319 2253 1409 2283 sunt
1435 2258 1460 2282 a
1477 2244 1576 2281 Deo.
1604 2242 1702 2289 Quid
1730 2242 1841 2293 ergo.o
1864 2256 1951 2279 num
1977 2251 2140 2295 acceptus
2167 2252 2219 2280 est

1232 2306 1287 2344 illi
1317 2306 1359 2355 is,
1380 2304 1443 2356 qui
1482 2313 1533 2342 est
1563 2304 1600 2342 in
1625 2303 1795 2342 Perside?
1824 2303 1863 2342 Si
1898 2303 2028 2355 dignus
2068 2303 2125 2352 sit,
2170 2304 2217 2341 ita

1231 2375 1397 2419 acceptus
1422 2365 1503 2413 erit,
1535 2374 1575 2403 ut
1599 2364 1708 2402 fidem
1737 2373 1955 2415 assequatur.
1986 2364 2080 2402 Hine
2112 2364 2218 2402 etiam

1231 2428 1436 2468 eunuchum
1454 2441 1499 2466 ex
1520 2426 1705 2478 AEthiopia
1736 2439 1805 2463 non
1838 2425 2013 2494 despexit.
2039 2425 2087 2463 Et
2113 2425 2215 2476 quid,

1231 2490 1381 2542 inquies,
1393 2489 1528 2527 dixeiis
1538 2488 1581 2526 de
1596 2487 1771 2539 leligiosis
1785 2502 1807 2525 v
1810 2487 1885 2536 iiis,
1897 2487 1958 2537 qui
1973 2487 2127 2539 despecti
2143 2488 2237 2525 sue-¹

1232 2553 1343 2591 runt?
1361 2551 1476 2599 Absit,
1495 2564 1598 2588 nemo
1619 2548 1805 2600 leligiosus
1818 2548 2022 2600 despicitul
2049 2549 2126 2586 Non
2153 2562 2218 2600 po—

1233 2623 1299 2652 test
1317 2612 1423 2662 enim,
1444 2626 1513 2650 non
1531 2619 1647 2663 potest
1677 2609 1801 2660 utique
1821 2609 1958 2661 despici
1973 2608 2035 2659 qui
2055 2609 2136 2646 talis
2152 2619 2215 2647 est.

1234 2678 1283 2713 In
1303 2676 1408 2712 omni
1424 2671 1763 2726 gente,inquit,qui
1775 2671 2010 2708 timetDeum
2027 2678 2064 2708 et
2089 2684 2220 2721 opera-

1237 2745 1299 2774 tur
1309 2737 1519 2788 justitiam.
1534 2732 1719 2772 Justitiam
1747 2740 1851 2770 vocat
1876 2745 2016 2768 omnem
2034 2731 2216 2769 virtutem.

1289 2799 1325 2836 2.
1345 2799 1378 2837 V
1384 2795 1472 2845 ides,
1494 2804 1532 2832 ut
1546 2793 1723 2846 depiimat
1737 2792 1836 2831 illius
1855 2792 2044 2830 sublimem
2066 2807 2219 2843 sensum,

1238 2872 1319 2896 eum
1334 2857 1458 2895 dicit.-
1480 2858 1530 2894 In
1566 2856 1672 2892 omni
1692 2862 1804 2906 gente
1843 2855 1910 2905 qui
1941 2855 2047 2891 timet
2077 2855 2216 2899 Deum,

1179 2899 1226 2964 Ὺ
1239 2928 1418 2972 acceptus
1434 2926 1490 2956 est
1505 2917 1587 2954 illi.
1583 2920 1596 2943 ³
1617 2929 1658 2953 ae
1674 2915 1703 2952 si
1722 2914 1865 2962 diceiet,
1890 2913 2075 2951 Neminem
2106 2915 2221 2966 iepel—

1237 2981 1293 3030 lit,
1309 2995 1428 3020 omnes
1447 2978 1626 3018 medentes
1645 2976 1815 3014 admittit.
1841 2975 1993 3023 Deinde,
2019 2984 2058 3012 ut
2085 2989 2128 3013 ne
2159 2976 2220 3014 vi—

1238 3043 1388 3082 deantur
1402 3042 1491 3079 inter
1505 3040 1658 3092 abjectos
1678 3052 1762 3086 esse,
1792 3036 1914 3075 subdit
1937 3052 1944 3072 z
1965 3038 2028 3075 56.
2056 3038 2222 3074 Verbum

1240 3106 1345 3158 quod
1363 3106 1466 3142 misit
1473 3103 1577 3155 filiis
1590 3100 1730 3146 Israel,
1753 3101 1995 3136 annuntians
2009 3112 2142 3149 pacem
2159 3114 2227 3150 per

1241 3168 1374 3206 Jesum
1399 3166 1595 3204 Christum
1618 3178 1627 3198 :
1648 3163 1711 3199 hie
1739 3169 1792 3197 est
1818 3162 1986 3197 omniu-m
2018 3161 2222 3198 Dominus.

1225 3309 1302 3341 οὕτω
1321 3312 1399 3337 ante
1416 3308 1511 3346 καλεῖ,
1531 3300 1620 3345 quod
1643 3298 1822 3333 delevimus
1850 3297 1914 3330 fide
1932 3297 2016 3331 cod.
2038 3300 2078 3331 D.
2095 3299 2144 3331 Ab
2176 3311 2229 3332 eo-

1226 3356 1303 3388 dem
1320 3355 1419 3398 paulo
1437 3362 1512 3387 ante
1530 3353 1651 3386 absunt
1667 3351 1748 3392 haec,
1767 3356 1816 3385 τὸν
1835 3356 1908 3393 θεὸν,
1927 3358 1956 3384 et
1984 3350 2108 3384 inclusa
2131 3350 2231 3385 habet

1228 3408 1407 3450 Commei]

2229 1894 2351 1922 Roma.
2369 1902 2415 1922 ιι.

2262 2446 2353 2474 Nemo
2372 2457 2413 2474 re

2243 2491 2347 2525 igiosus
2364 2490 2418 2516 de·-

2230 2532 2365 2567 spicimir.
