<?xml version="1.0" encoding="UTF-8"?>
<!DOCTYPE html PUBLIC "-//W3C//DTD XHTML 1.0 Transitional//EN"
    "http://www.w3.org/TR/xhtml1/DTD/xhtml1-transitional.dtd">
<html xmlns="http://www.w3.org/1999/xhtml" xml:lang="en" lang="en">
 <head>
  <title>
</title>
<meta http-equiv="Content-Type" content="text/html;charset=utf-8" />
  <meta name='ocr-system' content='tesseract 3.04.00' />
  <meta name='ocr-capabilities' content='ocr_page ocr_carea ocr_par ocr_line ocrx_word'/>
</head>
<body>
  <div class='ocr_page' id='page_1' title='image "./operaomniaquaeex09johnuoft/operaomniaquaeex09johnuoft_0109.png"; bbox 0 0 2466 3805; ppageno 0'>
   <div class='ocr_carea' id='block_1_1' title="bbox 651 259 1226 292">
    <p class='ocr_par' dir='ltr' id='par_1_1' title="bbox 651 259 1226 292">
     <span class='ocr_line' id='line_1_1' title="bbox 651 259 1226 292; baseline -0.007 0"><span class='ocrx_word' id='word_1_1' title='bbox 651 263 691 291; x_wconf 71' lang='grc' dir='ltr'><strong>ΙΝ</strong></span> <span class='ocrx_word' id='word_1_2' title='bbox 731 263 847 292; x_wconf 71' lang='lat' dir='ltr'><strong>ACTA.</strong></span> <span class='ocrx_word' id='word_1_3' title='bbox 882 259 1207 290; x_wconf 69' lang='lat' dir='ltr'>APOSTOLORUM</span> <span class='ocrx_word' id='word_1_4' title='bbox 1218 279 1226 288; x_wconf 90' lang='lat'><strong>.</strong></span> 
     </span>
    </p>
   </div>
   <div class='ocr_carea' id='block_1_2' title="bbox 48 342 1062 633">
    <p class='ocr_par' dir='ltr' id='par_1_2' title="bbox 48 342 1062 633">
     <span class='ocr_line' id='line_1_2' title="bbox 49 342 1058 395; baseline -0.006 -12"><span class='ocrx_word' id='word_1_5' title='bbox 49 347 107 390; x_wconf 67' lang='grc' dir='ltr'><strong>τῆς</strong></span> <span class='ocrx_word' id='word_1_6' title='bbox 130 347 188 381; x_wconf 80' lang='grc' dir='ltr'><strong>τοῦ</strong></span> <span class='ocrx_word' id='word_1_7' title='bbox 204 344 323 386; x_wconf 76' lang='grc' dir='ltr'>παιδος</span> <span class='ocrx_word' id='word_1_8' title='bbox 343 343 493 395; x_wconf 68' lang='grc' dir='ltr'>κεφαλῆς</span> <span class='ocrx_word' id='word_1_9' title='bbox 509 345 568 381; x_wconf 75' lang='grc' dir='ltr'><strong>οὐκ</strong></span> <span class='ocrx_word' id='word_1_10' title='bbox 589 343 627 380; x_wconf 82' lang='grc' dir='ltr'>ἂν</span> <span class='ocrx_word' id='word_1_11' title='bbox 657 343 761 394; x_wconf 70' lang='grc' dir='ltr'>ἅψαιο</span> <span class='ocrx_word' id='word_1_12' title='bbox 781 342 953 385; x_wconf 70' lang='grc' dir='ltr'>ἀπελθὼν,</span> <span class='ocrx_word' id='word_1_13' title='bbox 974 356 1058 392; x_wconf 87' lang='grc' dir='ltr'>τρα-</span> 
     </span>
     <span class='ocr_line' id='line_1_3' title="bbox 49 401 1060 455; baseline -0.005 -12"><span class='ocrx_word' id='word_1_14' title='bbox 49 406 150 451; x_wconf 83' lang='grc' dir='ltr'>πέζης</span> <span class='ocrx_word' id='word_1_15' title='bbox 171 403 205 441; x_wconf 79' lang='grc' dir='ltr'><strong>δὲ</strong></span> <span class='ocrx_word' id='word_1_16' title='bbox 221 403 312 454; x_wconf 81' lang='grc' dir='ltr'>ἅπτῃ</span> <span class='ocrx_word' id='word_1_17' title='bbox 326 431 335 448; x_wconf 85' lang='grc'>,</span> <span class='ocrx_word' id='word_1_18' title='bbox 356 403 414 440; x_wconf 81' lang='grc' dir='ltr'>καὶ</span> <span class='ocrx_word' id='word_1_19' title='bbox 440 405 477 441; x_wconf 78' lang='grc' dir='ltr'><strong>οὐ</strong></span> <span class='ocrx_word' id='word_1_20' title='bbox 497 402 646 455; x_wconf 66' lang='grc' dir='ltr'>φρίττεις</span> <span class='ocrx_word' id='word_1_21' title='bbox 674 402 749 440; x_wconf 76' lang='grc' dir='ltr'>οὐδὲ</span> <span class='ocrx_word' id='word_1_22' title='bbox 777 403 945 448; x_wconf 57' lang='grc' dir='ltr'>δέδοικας</span> <span class='ocrx_word' id='word_1_23' title='bbox 967 401 1060 451; x_wconf 74' lang='grc' dir='ltr'>Πρὸς</span> 
     </span>
     <span class='ocr_line' id='line_1_4' title="bbox 49 462 1060 515; baseline -0.005 -12"><span class='ocrx_word' id='word_1_24' title='bbox 49 465 110 515; x_wconf 79' lang='grc' dir='ltr'><strong>ἐμὲ</strong></span> <span class='ocrx_word' id='word_1_25' title='bbox 128 464 204 506; x_wconf 77' lang='grc' dir='ltr'>τοὺς</span> <span class='ocrx_word' id='word_1_26' title='bbox 220 463 391 506; x_wconf 82' lang='grc' dir='ltr'>τοιούτους</span> <span class='ocrx_word' id='word_1_27' title='bbox 412 463 493 514; x_wconf 75' lang='grc' dir='ltr'>οἶγε·</span> <span class='ocrx_word' id='word_1_28' title='bbox 516 464 584 513; x_wconf 75' lang='grc' dir='ltr'><strong>ἐγὼ</strong></span> <span class='ocrx_word' id='word_1_29' title='bbox 613 463 764 511; x_wconf 78' lang='grc' dir='ltr'>δικάσω,</span> <span class='ocrx_word' id='word_1_30' title='bbox 791 463 847 500; x_wconf 74' lang='grc' dir='ltr'>καὶ</span> <span class='ocrx_word' id='word_1_31' title='bbox 877 462 1060 514; x_wconf 76' lang='grc' dir='ltr'>χαίροντας</span> 
     </span>
     <span class='ocr_line' id='line_1_5' title="bbox 492 521 1061 574; baseline -0.005 -14"><span class='ocrx_word' id='word_1_32' title='bbox 492 522 542 560; x_wconf 63' lang='lat' dir='ltr'><strong>dO</strong></span> <span class='ocrx_word' id='word_1_33' title='bbox 571 522 750 574; x_wconf 77' lang='grc' dir='ltr'>βούλεσθε,</span> <span class='ocrx_word' id='word_1_34' title='bbox 779 527 926 560; x_wconf 83' lang='grc' dir='ltr'>ποιεῖτε·</span> <span class='ocrx_word' id='word_1_35' title='bbox 959 521 1061 571; x_wconf 88' lang='grc' dir='ltr'>νόμον</span> 
     </span>
     <span class='ocr_line' id='line_1_6' title="bbox 48 580 1062 633; baseline -0.004 -12"><span class='ocrx_word' id='word_1_36' title='bbox 48 584 169 633; x_wconf 81' lang='grc' dir='ltr'>τίθημι</span> <span class='ocrx_word' id='word_1_37' title='bbox 198 582 285 633; x_wconf 76' lang='grc' dir='ltr'>μηδὲ</span> <span class='ocrx_word' id='word_1_38' title='bbox 317 582 404 626; x_wconf 75' lang='grc' dir='ltr'>ὅλως</span> <span class='ocrx_word' id='word_1_39' title='bbox 430 582 586 633; x_wconf 84' lang='grc' dir='ltr'>ὀμνύναι.</span> <span class='ocrx_word' id='word_1_40' title='bbox 622 583 715 620; x_wconf 90' lang='grc' dir='ltr'>Ποία</span> <span class='ocrx_word' id='word_1_41' title='bbox 744 581 916 633; x_wconf 78' lang='grc' dir='ltr'>σωτηρίας</span> <span class='ocrx_word' id='word_1_42' title='bbox 946 580 1062 628; x_wconf 80' lang='grc' dir='ltr'>ἐλπὶς,</span> 
     </span>
    </p>
   </div>
   <div class='ocr_carea' id='block_1_3' title="bbox 49 523 471 575">
    <p class='ocr_par' dir='ltr' id='par_1_3' title="bbox 49 523 471 575">
     <span class='ocr_line' id='line_1_7' title="bbox 49 523 471 575; baseline -0.005 -14"><span class='ocrx_word' id='word_1_43' title='bbox 49 524 230 575; x_wconf 81' lang='grc' dir='ltr'>ἑκατέρους</span> <span class='ocrx_word' id='word_1_44' title='bbox 257 523 456 574; x_wconf 78' lang='grc' dir='ltr'>ἀποπέμψω</span> <span class='ocrx_word' id='word_1_45' title='bbox 464 552 471 559; x_wconf 96' lang='grc'>.</span> 
     </span>
    </p>
   </div>
   <div class='ocr_carea' id='block_1_4' title="bbox 46 642 1064 1659">
    <p class='ocr_par' dir='ltr' id='par_1_4' title="bbox 47 642 1064 1659">
     <span class='ocr_line' id='line_1_8' title="bbox 48 642 1062 693; baseline -0.003 -12"><span class='ocrx_word' id='word_1_46' title='bbox 48 644 155 685; x_wconf 75' lang='grc' dir='ltr'>οὕτως</span> <span class='ocrx_word' id='word_1_47' title='bbox 169 647 269 693; x_wconf 75' lang='grc' dir='ltr'>ἡμῶν</span> <span class='ocrx_word' id='word_1_48' title='bbox 289 644 404 681; x_wconf 84' lang='grc' dir='ltr'>πάντα</span> <span class='ocrx_word' id='word_1_49' title='bbox 421 642 626 688; x_wconf 88' lang='grc' dir='ltr'>κενούντων;</span> <span class='ocrx_word' id='word_1_50' title='bbox 643 642 698 680; x_wconf 78' lang='grc' dir='ltr'>διὰ</span> <span class='ocrx_word' id='word_1_51' title='bbox 714 647 813 680; x_wconf 90' lang='grc' dir='ltr'>τοῦτο</span> <span class='ocrx_word' id='word_1_52' title='bbox 827 647 1062 692; x_wconf 85' lang='grc' dir='ltr'>γραμματεῖα,</span> 
     </span>
     <span class='ocr_line' id='line_1_9' title="bbox 50 701 1062 753; baseline -0.003 -12"><span class='ocrx_word' id='word_1_53' title='bbox 50 705 105 741; x_wconf 75' lang='grc' dir='ltr'><strong>διὰ</strong></span> <span class='ocrx_word' id='word_1_54' title='bbox 120 708 218 741; x_wconf 86' lang='grc' dir='ltr'>τοῦτο</span> <span class='ocrx_word' id='word_1_55' title='bbox 238 703 453 753; x_wconf 62' lang='grc' dir='ltr'>συμὲόλαια,</span> <span class='ocrx_word' id='word_1_56' title='bbox 482 703 538 740; x_wconf 81' lang='grc' dir='ltr'><strong>ἵνα</strong></span> <span class='ocrx_word' id='word_1_57' title='bbox 556 701 751 751; x_wconf 66' lang='grc' dir='ltr'>καταθύσης</span> <span class='ocrx_word' id='word_1_58' title='bbox 770 702 831 748; x_wconf 78' lang='grc' dir='ltr'><strong>τὴν</strong></span> <span class='ocrx_word' id='word_1_59' title='bbox 852 705 977 739; x_wconf 88' lang='grc' dir='ltr'>σαυτοῦ</span> <span class='ocrx_word' id='word_1_60' title='bbox 999 705 1062 752; x_wconf 80' lang='grc' dir='ltr'><strong>ψυ-</strong></span> 
     </span>
     <span class='ocr_line' id='line_1_10' title="bbox 50 761 1064 816; baseline -0.003 -15"><span class='ocrx_word' id='word_1_61' title='bbox 50 764 137 815; x_wconf 69' lang='grc' dir='ltr'>χήν,</span> <span class='ocrx_word' id='word_1_62' title='bbox 158 764 189 801; x_wconf 86' lang='grc' dir='ltr'><strong>τί</strong></span> <span class='ocrx_word' id='word_1_63' title='bbox 209 769 366 802; x_wconf 84' lang='grc' dir='ltr'>τοσοῦτον</span> <span class='ocrx_word' id='word_1_64' title='bbox 383 762 589 816; x_wconf 76' lang='grc' dir='ltr'>κερδαίνεις,</span> <span class='ocrx_word' id='word_1_65' title='bbox 605 763 682 800; x_wconf 78' lang='grc' dir='ltr'>ὅσον</span> <span class='ocrx_word' id='word_1_66' title='bbox 700 762 898 808; x_wconf 73' lang='grc' dir='ltr'>ἀπολλύεις,</span> <span class='ocrx_word' id='word_1_67' title='bbox 912 761 1064 812; x_wconf 85' lang='grc' dir='ltr'>Ἔπιώρ-</span> 
     </span>
     <span class='ocr_line' id='line_1_11' title="bbox 50 820 1064 871; baseline -0.005 -9"><span class='ocrx_word' id='word_1_68' title='bbox 50 840 174 871; x_wconf 71' lang='grc' dir='ltr'>κησεν,</span> <span class='ocrx_word' id='word_1_69' title='bbox 203 823 399 866; x_wconf 81' lang='grc' dir='ltr'>Ἀπώλεσας</span> <span class='ocrx_word' id='word_1_70' title='bbox 433 827 589 861; x_wconf 80' lang='grc' dir='ltr'>κάκεῖνον</span> <span class='ocrx_word' id='word_1_71' title='bbox 618 823 676 859; x_wconf 79' lang='grc' dir='ltr'>καὶ</span> <span class='ocrx_word' id='word_1_72' title='bbox 718 821 853 860; x_wconf 83' lang='grc' dir='ltr'>σαυτόν.</span> <span class='ocrx_word' id='word_1_73' title='bbox 882 820 972 859; x_wconf 86' lang='grc' dir='ltr'>Ἀλλ’</span> <span class='ocrx_word' id='word_1_74' title='bbox 1003 822 1064 857; x_wconf 75' lang='grc' dir='ltr'><strong>οὐκ</strong></span> 
     </span>
     <span class='ocr_line' id='line_1_12' title="bbox 51 879 1064 935; baseline -0.005 -14"><span class='ocrx_word' id='word_1_75' title='bbox 51 884 264 935; x_wconf 75' lang='grc' dir='ltr'>ἐπι(·’1ρκησε;</span> <span class='ocrx_word' id='word_1_76' title='bbox 284 884 352 921; x_wconf 80' lang='grc' dir='ltr'>Καὶ</span> <span class='ocrx_word' id='word_1_77' title='bbox 371 883 478 925; x_wconf 84' lang='grc' dir='ltr'>οὕτως</span> <span class='ocrx_word' id='word_1_78' title='bbox 493 881 693 926; x_wconf 78' lang='grc' dir='ltr'>ἀπώλεσας,</span> <span class='ocrx_word' id='word_1_79' title='bbox 713 881 914 932; x_wconf 63' lang='grc' dir='ltr'>παραὲἦναι</span> <span class='ocrx_word' id='word_1_80' title='bbox 933 879 994 926; x_wconf 77' lang='grc' dir='ltr'><strong>τὴν</strong></span> <span class='ocrx_word' id='word_1_81' title='bbox 1018 882 1064 917; x_wconf 77' lang='grc' dir='ltr'>ἐν·</span> 
     </span>
     <span class='ocr_line' id='line_1_13' title="bbox 51 939 1064 995; baseline -0.004 -14"><span class='ocrx_word' id='word_1_82' title='bbox 51 944 152 989; x_wconf 85' lang='grc' dir='ltr'>τολὴν</span> <span class='ocrx_word' id='word_1_83' title='bbox 180 944 389 995; x_wconf 79' lang='grc' dir='ltr'>ἀναγκάσας.</span> <span class='ocrx_word' id='word_1_84' title='bbox 409 942 650 992; x_wconf 82' lang='grc' dir='ltr'>Ἔξελάσωμεν</span> <span class='ocrx_word' id='word_1_85' title='bbox 676 945 776 978; x_wconf 85' lang='grc' dir='ltr'>τοῦτο</span> <span class='ocrx_word' id='word_1_86' title='bbox 790 941 828 978; x_wconf 71' lang='grc' dir='ltr'><strong>τὸ</strong></span> <span class='ocrx_word' id='word_1_87' title='bbox 843 941 979 990; x_wconf 78' lang='grc' dir='ltr'>νόσημα</span> <span class='ocrx_word' id='word_1_88' title='bbox 995 939 1064 977; x_wconf 81' lang='grc' dir='ltr'><strong>ἀπὸ</strong></span> 
     </span>
     <span class='ocr_line' id='line_1_14' title="bbox 50 999 1064 1056; baseline -0.005 -15"><span class='ocrx_word' id='word_1_89' title='bbox 50 1008 109 1050; x_wconf 75' lang='grc' dir='ltr'>τῆς</span> <span class='ocrx_word' id='word_1_90' title='bbox 127 1007 257 1056; x_wconf 55' lang='grc' dir='ltr'>ψυχῆς·</span> <span class='ocrx_word' id='word_1_91' title='bbox 274 1003 359 1046; x_wconf 85' lang='grc' dir='ltr'>τέως</span> <span class='ocrx_word' id='word_1_92' title='bbox 378 1003 446 1040; x_wconf 76' lang='grc' dir='ltr'><strong>ἀπὸ</strong></span> <span class='ocrx_word' id='word_1_93' title='bbox 463 1005 524 1048; x_wconf 71' lang='grc' dir='ltr'><strong>τῆς</strong></span> <span class='ocrx_word' id='word_1_94' title='bbox 545 1003 670 1052; x_wconf 77' lang='grc' dir='ltr'>ἀγορᾶς</span> <span class='ocrx_word' id='word_1_95' title='bbox 684 1001 767 1038; x_wconf 77' lang='grc' dir='ltr'>αὐτὸ</span> <span class='ocrx_word' id='word_1_96' title='bbox 788 999 976 1050; x_wconf 78' lang='grc' dir='ltr'>διώξωμεν,</span> <span class='ocrx_word' id='word_1_97' title='bbox 995 1000 1064 1037; x_wconf 82' lang='grc' dir='ltr'><strong>ἀπὸ</strong></span> 
     </span>
     <span class='ocr_line' id='line_1_15' title="bbox 49 1059 1060 1111; baseline -0.005 -10"><span class='ocrx_word' id='word_1_98' title='bbox 49 1067 115 1101; x_wconf 82' lang='grc' dir='ltr'><strong>τῶν</strong></span> <span class='ocrx_word' id='word_1_99' title='bbox 135 1063 418 1108; x_wconf 82' lang='grc' dir='ltr'>παντοπωλείων,</span> <span class='ocrx_word' id='word_1_100' title='bbox 450 1062 518 1099; x_wconf 74' lang='grc' dir='ltr'><strong>ἀπὸ</strong></span> <span class='ocrx_word' id='word_1_101' title='bbox 546 1063 613 1098; x_wconf 80' lang='grc' dir='ltr'><strong>τῶν</strong></span> <span class='ocrx_word' id='word_1_102' title='bbox 641 1062 773 1099; x_wconf 80' lang='grc' dir='ltr'>λοιπῶν</span> <span class='ocrx_word' id='word_1_103' title='bbox 802 1059 1060 1111; x_wconf 79' lang='grc' dir='ltr'>ἐργαστηρίων·</span> 
     </span>
     <span class='ocr_line' id='line_1_16' title="bbox 49 1120 1062 1193; baseline -0.003 -32.997"><span class='ocrx_word' id='word_1_104' title='bbox 49 1123 172 1173; x_wconf 88' lang='grc' dir='ltr'>μείζων</span> <span class='ocrx_word' id='word_1_105' title='bbox 187 1127 204 1161; x_wconf 80' lang='grc' dir='ltr'>ὃ</span> <span class='ocrx_word' id='word_1_106' title='bbox 220 1123 322 1193; x_wconf 82' lang='grc' dir='ltr'>πόρος</span> <span class='ocrx_word' id='word_1_107' title='bbox 335 1126 419 1172; x_wconf 77' lang='grc' dir='ltr'>ἡμῖν</span> <span class='ocrx_word' id='word_1_108' title='bbox 439 1121 547 1159; x_wconf 81' lang='grc' dir='ltr'>ἔσται.</span> <span class='ocrx_word' id='word_1_109' title='bbox 568 1120 629 1167; x_wconf 84' lang='grc' dir='ltr'><strong>Μὴ</strong></span> <span class='ocrx_word' id='word_1_110' title='bbox 650 1121 814 1171; x_wconf 83' lang='grc' dir='ltr'>νομίσητε</span> <span class='ocrx_word' id='word_1_111' title='bbox 831 1120 887 1157; x_wconf 82' lang='grc' dir='ltr'><strong>διὰ</strong></span> <span class='ocrx_word' id='word_1_112' title='bbox 904 1136 972 1158; x_wconf 89' lang='grc' dir='ltr'><strong>των</strong></span> <span class='ocrx_word' id='word_1_113' title='bbox 992 1135 1062 1158; x_wconf 89' lang='grc' dir='ltr'>πα-</span> 
     </span>
     <span class='ocr_line' id='line_1_17' title="bbox 50 1180 1061 1235; baseline -0.004 -15"><span class='ocrx_word' id='word_1_114' title='bbox 50 1183 226 1235; x_wconf 62' lang='grc' dir='ltr'>ραὸασεων</span> <span class='ocrx_word' id='word_1_115' title='bbox 240 1198 307 1220; x_wconf 81' lang='grc' dir='ltr'><strong>των</strong></span> <span class='ocrx_word' id='word_1_116' title='bbox 329 1186 364 1220; x_wconf 72' lang='lat' dir='ltr'><strong>os</strong></span> <span class='ocrx_word' id='word_1_117' title='bbox 351 1182 427 1219; x_wconf 66' lang='grc' dir='ltr'><strong>είων</strong></span> <span class='ocrx_word' id='word_1_118' title='bbox 447 1181 560 1231; x_wconf 86' lang='grc' dir='ltr'>νόμων</span> <span class='ocrx_word' id='word_1_119' title='bbox 575 1180 619 1219; x_wconf 79' lang='grc' dir='ltr'><strong>τὰ</strong></span> <span class='ocrx_word' id='word_1_120' title='bbox 639 1180 785 1232; x_wconf 77' lang='grc' dir='ltr'>βιωτικὰ</span> <span class='ocrx_word' id='word_1_121' title='bbox 800 1197 867 1218; x_wconf 88' lang='grc' dir='ltr'><strong>κατ</strong></span> <span class='ocrx_word' id='word_1_122' title='bbox 869 1183 1061 1232; x_wconf 79' lang='grc' dir='ltr'>ορθοῦσθαι.</span> 
     </span>
     <span class='ocr_line' id='line_1_18' title="bbox 46 1240 1062 1294; baseline -0.004 -12.976"><span class='ocrx_word' id='word_1_123' title='bbox 46 1244 137 1282; x_wconf 82' lang='grc' dir='ltr'>Αλλ’</span> <span class='ocrx_word' id='word_1_124' title='bbox 156 1246 193 1281; x_wconf 84' lang='grc' dir='ltr'><strong>οὔ</strong></span> <span class='ocrx_word' id='word_1_125' title='bbox 210 1242 383 1288; x_wconf 76' lang='grc' dir='ltr'>πιστεύει,</span> <span class='ocrx_word' id='word_1_126' title='bbox 399 1241 497 1294; x_wconf 71' lang='grc' dir='ltr'>φησί.</span> <span class='ocrx_word' id='word_1_127' title='bbox 518 1241 587 1279; x_wconf 89' lang='grc' dir='ltr'><strong>Και</strong></span> <span class='ocrx_word' id='word_1_128' title='bbox 602 1240 668 1292; x_wconf 84' lang='grc' dir='ltr'>γὰρ</span> <span class='ocrx_word' id='word_1_129' title='bbox 684 1240 742 1278; x_wconf 82' lang='grc' dir='ltr'>καὶ</span> <span class='ocrx_word' id='word_1_130' title='bbox 755 1241 857 1279; x_wconf 87' lang='grc' dir='ltr'>τοῦτό</span> <span class='ocrx_word' id='word_1_131' title='bbox 875 1256 959 1279; x_wconf 82' lang='grc' dir='ltr'>ποτε</span> <span class='ocrx_word' id='word_1_132' title='bbox 978 1240 1062 1292; x_wconf 74' lang='grc' dir='ltr'>παρ’</span> 
     </span>
     <span class='ocr_line' id='line_1_19' title="bbox 47 1301 1062 1353; baseline -0.004 -11"><span class='ocrx_word' id='word_1_133' title='bbox 47 1304 143 1344; x_wconf 81' lang='grc' dir='ltr'>ἐνίων</span> <span class='ocrx_word' id='word_1_134' title='bbox 172 1303 323 1351; x_wconf 80' lang='grc' dir='ltr'>ἤκουσα,</span> <span class='ocrx_word' id='word_1_135' title='bbox 347 1303 398 1341; x_wconf 74' lang='grc' dir='ltr'><strong>ὅτι</strong></span> <span class='ocrx_word' id='word_1_136' title='bbox 430 1302 469 1339; x_wconf 82' lang='grc' dir='ltr'>ἂν</span> <span class='ocrx_word' id='word_1_137' title='bbox 487 1301 536 1352; x_wconf 73' lang='grc' dir='ltr'><strong>μὴ</strong></span> <span class='ocrx_word' id='word_1_138' title='bbox 560 1302 677 1352; x_wconf 83' lang='grc' dir='ltr'>ὀμόσω</span> <span class='ocrx_word' id='word_1_139' title='bbox 698 1301 838 1352; x_wconf 81' lang='grc' dir='ltr'>μυρίους</span> <span class='ocrx_word' id='word_1_140' title='bbox 863 1301 1001 1353; x_wconf 73' lang='grc' dir='ltr'>ὅρκους,</span> <span class='ocrx_word' id='word_1_141' title='bbox 1025 1303 1062 1339; x_wconf 78' lang='grc' dir='ltr'><strong>οὔ</strong></span> 
     </span>
     <span class='ocr_line' id='line_1_20' title="bbox 47 1361 1062 1413; baseline -0.005 -10"><span class='ocrx_word' id='word_1_142' title='bbox 47 1364 210 1403; x_wconf 86' lang='grc' dir='ltr'>πιστεύει.</span> <span class='ocrx_word' id='word_1_143' title='bbox 235 1363 285 1401; x_wconf 75' lang='grc' dir='ltr'><strong>Σὺ</strong></span> <span class='ocrx_word' id='word_1_144' title='bbox 312 1362 441 1400; x_wconf 88' lang='grc' dir='ltr'>τούτων</span> <span class='ocrx_word' id='word_1_145' title='bbox 468 1362 573 1404; x_wconf 83' lang='grc' dir='ltr'>αἴτιος</span> <span class='ocrx_word' id='word_1_146' title='bbox 593 1365 610 1399; x_wconf 85' lang='grc' dir='ltr'>ὃ</span> <span class='ocrx_word' id='word_1_147' title='bbox 625 1361 818 1413; x_wconf 81' lang='grc' dir='ltr'>προχείρως</span> <span class='ocrx_word' id='word_1_148' title='bbox 844 1363 966 1411; x_wconf 86' lang='grc' dir='ltr'>ὂμνύς·</span> <span class='ocrx_word' id='word_1_149' title='bbox 987 1361 1062 1399; x_wconf 81' lang='grc' dir='ltr'>ἐπεὶ</span> 
     </span>
     <span class='ocr_line' id='line_1_21' title="bbox 49 1418 1062 1475; baseline -0.003 -12"><span class='ocrx_word' id='word_1_150' title='bbox 49 1428 78 1463; x_wconf 85' lang='grc' dir='ltr'><strong>εἷ</strong></span> <span class='ocrx_word' id='word_1_151' title='bbox 101 1425 148 1475; x_wconf 86' lang='grc' dir='ltr'><strong>μὴ</strong></span> <span class='ocrx_word' id='word_1_152' title='bbox 165 1429 266 1463; x_wconf 88' lang='grc' dir='ltr'>τοῦτο</span> <span class='ocrx_word' id='word_1_153' title='bbox 279 1419 335 1472; x_wconf 62' lang='grc' dir='ltr'>ἦν,</span> <span class='ocrx_word' id='word_1_154' title='bbox 351 1424 440 1462; x_wconf 83' lang='grc' dir='ltr'>ἀλλὰ</span> <span class='ocrx_word' id='word_1_155' title='bbox 456 1429 561 1462; x_wconf 69' lang='grc' dir='ltr'>πᾶσιν</span> <span class='ocrx_word' id='word_1_156' title='bbox 576 1418 618 1469; x_wconf 66' lang='grc' dir='ltr'>ἦν</span> <span class='ocrx_word' id='word_1_157' title='bbox 635 1424 751 1469; x_wconf 70' lang='grc' dir='ltr'>δῆλον,</span> <span class='ocrx_word' id='word_1_158' title='bbox 766 1423 819 1461; x_wconf 75' lang='grc' dir='ltr'><strong>ὅτι</strong></span> <span class='ocrx_word' id='word_1_159' title='bbox 836 1424 898 1461; x_wconf 76' lang='grc' dir='ltr'><strong>οὐκ</strong></span> <span class='ocrx_word' id='word_1_160' title='bbox 912 1424 1062 1474; x_wconf 84' lang='grc' dir='ltr'>ὂμνύεις,</span> 
     </span>
     <span class='ocr_line' id='line_1_22' title="bbox 48 1483 1062 1536; baseline -0.002 -13"><span class='ocrx_word' id='word_1_161' title='bbox 48 1486 190 1524; x_wconf 80' lang='grc' dir='ltr'>πίστευέ</span> <span class='ocrx_word' id='word_1_162' title='bbox 213 1501 271 1535; x_wconf 91' lang='grc' dir='ltr'><strong>μοι</strong></span> <span class='ocrx_word' id='word_1_163' title='bbox 295 1484 451 1536; x_wconf 81' lang='grc' dir='ltr'>λέγοντι,</span> <span class='ocrx_word' id='word_1_164' title='bbox 479 1483 531 1521; x_wconf 71' lang='grc' dir='ltr'><strong>ὅτι</strong></span> <span class='ocrx_word' id='word_1_165' title='bbox 556 1485 624 1521; x_wconf 81' lang='grc' dir='ltr'><strong>τῶν</strong></span> <span class='ocrx_word' id='word_1_166' title='bbox 652 1483 791 1533; x_wconf 87' lang='grc' dir='ltr'>μυρίους</span> <span class='ocrx_word' id='word_1_167' title='bbox 812 1484 1062 1521; x_wconf 79' lang='grc' dir='ltr'>κατεσθιόντων</span> 
     </span>
     <span class='ocr_line' id='line_1_23' title="bbox 48 1543 1064 1598; baseline -0.001 -14"><span class='ocrx_word' id='word_1_168' title='bbox 48 1546 167 1598; x_wconf 77' lang='grc' dir='ltr'>ὅρκους</span> <span class='ocrx_word' id='word_1_169' title='bbox 187 1548 317 1595; x_wconf 84' lang='grc' dir='ltr'>μᾶλλον</span> <span class='ocrx_word' id='word_1_170' title='bbox 339 1545 378 1582; x_wconf 78' lang='grc' dir='ltr'>ἂν</span> <span class='ocrx_word' id='word_1_171' title='bbox 403 1543 605 1590; x_wconf 81' lang='grc' dir='ltr'>ἐπιστεύθης</span> <span class='ocrx_word' id='word_1_172' title='bbox 634 1544 812 1586; x_wconf 80' lang='grc' dir='ltr'>ἐπινεύσας</span> <span class='ocrx_word' id='word_1_173' title='bbox 843 1543 957 1594; x_wconf 87' lang='grc' dir='ltr'>μόνον.</span> <span class='ocrx_word' id='word_1_174' title='bbox 975 1544 1064 1583; x_wconf 69' lang='grc' dir='ltr'>Ἰδοὺ</span> 
     </span>
     <span class='ocr_line' id='line_1_24' title="bbox 49 1604 1063 1659; baseline -0.002 -14"><span class='ocrx_word' id='word_1_175' title='bbox 49 1606 135 1659; x_wconf 84' lang='grc' dir='ltr'>γὰρ,</span> <span class='ocrx_word' id='word_1_176' title='bbox 157 1607 231 1645; x_wconf 82' lang='grc' dir='ltr'>εἰπέ</span> <span class='ocrx_word' id='word_1_177' title='bbox 257 1622 338 1656; x_wconf 88' lang='grc' dir='ltr'>μοι,</span> <span class='ocrx_word' id='word_1_178' title='bbox 366 1605 431 1643; x_wconf 86' lang='grc' dir='ltr'>τίνι</span> <span class='ocrx_word' id='word_1_179' title='bbox 458 1606 526 1658; x_wconf 84' lang='grc' dir='ltr'><strong>ἄρα</strong></span> <span class='ocrx_word' id='word_1_180' title='bbox 546 1606 676 1655; x_wconf 89' lang='grc' dir='ltr'>μαλλον</span> <span class='ocrx_word' id='word_1_181' title='bbox 695 1604 892 1651; x_wconf 87' lang='grc' dir='ltr'>πιστεύετε,</span> <span class='ocrx_word' id='word_1_182' title='bbox 911 1605 986 1655; x_wconf 80' lang='grc' dir='ltr'>ἐμοὶ</span> <span class='ocrx_word' id='word_1_183' title='bbox 1014 1621 1063 1643; x_wconf 79' lang='grc' dir='ltr'><strong>τι)</strong></span> 
     </span>
    </p>
   </div>
   <div class='ocr_carea' id='block_1_5' title="bbox 1265 258 2102 302">
    <p class='ocr_par' dir='ltr' id='par_1_5' title="bbox 1265 258 2102 302">
     <span class='ocr_line' id='line_1_25' title="bbox 1265 258 2102 302; baseline -0.002 -15"><span class='ocrx_word' id='word_1_184' title='bbox 1265 258 1422 288; x_wconf 81' lang='lat' dir='ltr'><strong>llOMlL.</strong></span> <span class='ocrx_word' id='word_1_185' title='bbox 1467 258 1526 288; x_wconf 78' lang='lat' dir='ltr'><strong>IX.</strong></span> <span class='ocrx_word' id='word_1_186' title='bbox 2049 258 2102 302; x_wconf 61' lang='lat'><strong>91</strong></span> 
     </span>
    </p>
   </div>
   <div class='ocr_carea' id='block_1_6' title="bbox 1132 339 2123 1654">
    <p class='ocr_par' dir='ltr' id='par_1_6' title="bbox 1132 339 2123 1654">
     <span class='ocr_line' id='line_1_26' title="bbox 1134 339 2111 391; baseline -0.004 -15"><span class='ocrx_word' id='word_1_187' title='bbox 1134 339 1233 391; x_wconf 84' lang='lat' dir='ltr'><strong>pueri</strong></span> <span class='ocrx_word' id='word_1_188' title='bbox 1245 348 1350 391; x_wconf 82' lang='lat' dir='ltr'><strong>caput</strong></span> <span class='ocrx_word' id='word_1_189' title='bbox 1369 352 1438 376; x_wconf 89' lang='lat' dir='ltr'><strong>non</strong></span> <span class='ocrx_word' id='word_1_190' title='bbox 1454 346 1614 389; x_wconf 83' lang='lat' dir='ltr'><strong>tangeres</strong></span> <span class='ocrx_word' id='word_1_191' title='bbox 1628 349 1798 387; x_wconf 88' lang='lat' dir='ltr'><strong>egressus,</strong></span> <span class='ocrx_word' id='word_1_192' title='bbox 1814 343 1847 373; x_wconf 89' lang='lat' dir='ltr'><strong>et</strong></span> <span class='ocrx_word' id='word_1_193' title='bbox 1859 349 2016 373; x_wconf 79' lang='lat' dir='ltr'><strong>mensam</strong></span> <span class='ocrx_word' id='word_1_194' title='bbox 2037 344 2111 373; x_wconf 87' lang='lat' dir='ltr'><strong>tan-</strong></span> 
     </span>
     <span class='ocr_line' id='line_1_27' title="bbox 1132 393 2113 449; baseline -0.005 -13"><span class='ocrx_word' id='word_1_195' title='bbox 1132 399 1200 449; x_wconf 85' lang='lat' dir='ltr'><strong>gis,</strong></span> <span class='ocrx_word' id='word_1_196' title='bbox 1219 413 1329 449; x_wconf 89' lang='lat' dir='ltr'><strong>neque</strong></span> <span class='ocrx_word' id='word_1_197' title='bbox 1349 397 1569 436; x_wconf 83' lang='lat' dir='ltr'>exhorrescis</span> <span class='ocrx_word' id='word_1_198' title='bbox 1586 410 1649 434; x_wconf 90' lang='lat' dir='ltr'><strong>nec</strong></span> <span class='ocrx_word' id='word_1_199' title='bbox 1666 395 1862 434; x_wconf 78' lang='lat' dir='ltr'>formidas?</span> <span class='ocrx_word' id='word_1_200' title='bbox 1882 393 1936 432; x_wconf 84' lang='lat' dir='ltr'><strong>Ad</strong></span> <span class='ocrx_word' id='word_1_201' title='bbox 1950 408 2006 432; x_wconf 89' lang='lat' dir='ltr'><strong>me</strong></span> <span class='ocrx_word' id='word_1_202' title='bbox 2026 394 2113 432; x_wconf 86' lang='lat' dir='ltr'><strong>tales</strong></span> 
     </span>
     <span class='ocr_line' id='line_1_28' title="bbox 1132 453 2113 510; baseline -0.006 -14"><span class='ocrx_word' id='word_1_203' title='bbox 1132 458 1299 496; x_wconf 77' lang='lat' dir='ltr'>adducito</span> <span class='ocrx_word' id='word_1_204' title='bbox 1320 474 1327 494; x_wconf 89' lang='lat'>:</span> <span class='ocrx_word' id='word_1_205' title='bbox 1347 471 1411 509; x_wconf 90' lang='lat' dir='ltr'><strong>ego</strong></span> <span class='ocrx_word' id='word_1_206' title='bbox 1427 457 1606 510; x_wconf 87' lang='lat' dir='ltr'><strong>judicium</strong></span> <span class='ocrx_word' id='word_1_207' title='bbox 1624 457 1747 504; x_wconf 86' lang='lat' dir='ltr'><strong>feram,</strong></span> <span class='ocrx_word' id='word_1_208' title='bbox 1763 464 1797 493; x_wconf 90' lang='lat' dir='ltr'><strong>et</strong></span> <span class='ocrx_word' id='word_1_209' title='bbox 1815 454 1937 492; x_wconf 87' lang='lat' dir='ltr'><strong>ambos</strong></span> <span class='ocrx_word' id='word_1_210' title='bbox 1959 453 2113 505; x_wconf 86' lang='lat' dir='ltr'><strong>gauden-</strong></span> 
     </span>
     <span class='ocr_line' id='line_1_29' title="bbox 1133 514 2114 566; baseline -0.006 -10"><span class='ocrx_word' id='word_1_211' title='bbox 1133 526 1184 555; x_wconf 83' lang='lat' dir='ltr'><strong>tes</strong></span> <span class='ocrx_word' id='word_1_212' title='bbox 1198 518 1388 556; x_wconf 84' lang='lat' dir='ltr'><strong>remittam.</strong></span> <span class='ocrx_word' id='word_1_213' title='bbox 1402 517 1509 564; x_wconf 91' lang='lat' dir='ltr'><strong>Quod</strong></span> <span class='ocrx_word' id='word_1_214' title='bbox 1530 516 1726 566; x_wconf 83' lang='lat' dir='ltr'><strong>volueritis,</strong></span> <span class='ocrx_word' id='word_1_215' title='bbox 1741 514 1988 565; x_wconf 81' lang='lat' dir='ltr'><strong>facite31egem</strong></span> <span class='ocrx_word' id='word_1_216' title='bbox 2003 527 2114 566; x_wconf 88' lang='lat' dir='ltr'><strong>pono,</strong></span> 
     </span>
     <span class='ocr_line' id='line_1_30' title="bbox 1133 575 2115 631; baseline -0.004 -14"><span class='ocrx_word' id='word_1_217' title='bbox 1133 593 1176 627; x_wconf 88' lang='lat' dir='ltr'><strong>ne</strong></span> <span class='ocrx_word' id='word_1_218' title='bbox 1186 579 1329 617; x_wconf 89' lang='lat' dir='ltr'><strong>omnino</strong></span> <span class='ocrx_word' id='word_1_219' title='bbox 1335 580 1488 631; x_wconf 89' lang='lat' dir='ltr'><strong>juretur.</strong></span> <span class='ocrx_word' id='word_1_220' title='bbox 1502 581 1592 626; x_wconf 86' lang='lat' dir='ltr'><strong>Quae</strong></span> <span class='ocrx_word' id='word_1_221' title='bbox 1604 578 1726 616; x_wconf 85' lang='lat' dir='ltr'><strong>salutis</strong></span> <span class='ocrx_word' id='word_1_222' title='bbox 1736 591 1814 630; x_wconf 90' lang='lat' dir='ltr'><strong>spes</strong></span> <span class='ocrx_word' id='word_1_223' title='bbox 1825 577 1876 615; x_wconf 90' lang='lat' dir='ltr'><strong>sic</strong></span> <span class='ocrx_word' id='word_1_224' title='bbox 1887 576 1987 614; x_wconf 89' lang='lat' dir='ltr'><strong>nobis</strong></span> <span class='ocrx_word' id='word_1_225' title='bbox 1997 575 2115 614; x_wconf 86' lang='lat' dir='ltr'><strong>omnia</strong></span> 
     </span>
     <span class='ocr_line' id='line_1_31' title="bbox 1134 637 2117 692; baseline -0.003 -14"><span class='ocrx_word' id='word_1_226' title='bbox 1134 640 1471 692; x_wconf 77' lang='lat' dir='ltr'><strong>pessumdantibus?</strong></span> <span class='ocrx_word' id='word_1_227' title='bbox 1494 639 1573 677; x_wconf 92' lang='lat' dir='ltr'><strong>ideo</strong></span> <span class='ocrx_word' id='word_1_228' title='bbox 1589 639 1814 691; x_wconf 71' lang='lat' dir='ltr'><strong>syngraphae,</strong></span> <span class='ocrx_word' id='word_1_229' title='bbox 1835 638 1914 676; x_wconf 91' lang='lat' dir='ltr'><strong>ideo</strong></span> <span class='ocrx_word' id='word_1_230' title='bbox 1930 637 2117 690; x_wconf 59' lang='lat' dir='ltr'><strong>symbolae„</strong></span> 
     </span>
     <span class='ocr_line' id='line_1_32' title="bbox 1135 698 2114 749; baseline -0.004 -11"><span class='ocrx_word' id='word_1_231' title='bbox 1135 710 1174 737; x_wconf 87' lang='lat' dir='ltr'><strong>ut</strong></span> <span class='ocrx_word' id='word_1_232' title='bbox 1186 709 1285 738; x_wconf 84' lang='lat' dir='ltr'><strong>tuam</strong></span> <span class='ocrx_word' id='word_1_233' title='bbox 1303 700 1465 738; x_wconf 86' lang='lat' dir='ltr'><strong>immoles</strong></span> <span class='ocrx_word' id='word_1_234' title='bbox 1483 699 1639 737; x_wconf 87' lang='lat' dir='ltr'><strong>animam</strong></span> <span class='ocrx_word' id='word_1_235' title='bbox 1651 700 1669 736; x_wconf 77' lang='grc' dir='ltr'><strong>Ξ)</strong></span> <span class='ocrx_word' id='word_1_236' title='bbox 1687 699 1775 749; x_wconf 91' lang='lat' dir='ltr'><strong>quid</strong></span> <span class='ocrx_word' id='word_1_237' title='bbox 1795 707 1935 735; x_wconf 87' lang='lat' dir='ltr'><strong>tantum</strong></span> <span class='ocrx_word' id='word_1_238' title='bbox 1949 698 2114 748; x_wconf 81' lang='lat' dir='ltr'><strong>lucraris,</strong></span> 
     </span>
     <span class='ocr_line' id='line_1_33' title="bbox 1136 758 2117 811; baseline 0 -15"><span class='ocrx_word' id='word_1_239' title='bbox 1136 769 1307 810; x_wconf 86' lang='lat' dir='ltr'><strong>quantum</strong></span> <span class='ocrx_word' id='word_1_240' title='bbox 1323 759 1470 811; x_wconf 73' lang='lat' dir='ltr'><strong>perdis?</strong></span> <span class='ocrx_word' id='word_1_241' title='bbox 1487 759 1690 810; x_wconf 76' lang='lat' dir='ltr'><strong>Pejcravit?</strong></span> <span class='ocrx_word' id='word_1_242' title='bbox 1710 758 1899 796; x_wconf 74' lang='lat' dir='ltr'><strong>Perdidisti</strong></span> <span class='ocrx_word' id='word_1_243' title='bbox 1916 767 1949 795; x_wconf 86' lang='lat' dir='ltr'><strong>et</strong></span> <span class='ocrx_word' id='word_1_244' title='bbox 1965 758 2068 795; x_wconf 90' lang='lat' dir='ltr'><strong>illum</strong></span> <span class='ocrx_word' id='word_1_245' title='bbox 2085 768 2117 796; x_wconf 89' lang='lat' dir='ltr'><strong>et</strong></span> 
     </span>
     <span class='ocr_line' id='line_1_34' title="bbox 1134 818 2117 871; baseline -0.001 -14"><span class='ocrx_word' id='word_1_246' title='bbox 1134 820 1299 871; x_wconf 85' lang='lat' dir='ltr'><strong>teipsum.</strong></span> <span class='ocrx_word' id='word_1_247' title='bbox 1319 820 1391 858; x_wconf 90' lang='lat' dir='ltr'><strong>Sed</strong></span> <span class='ocrx_word' id='word_1_248' title='bbox 1412 832 1481 857; x_wconf 90' lang='lat' dir='ltr'><strong>non</strong></span> <span class='ocrx_word' id='word_1_249' title='bbox 1497 818 1701 871; x_wconf 43' lang='lat' dir='ltr'><strong>pejeravit-P</strong></span> <span class='ocrx_word' id='word_1_250' title='bbox 1716 818 1836 855; x_wconf 87' lang='lat' dir='ltr'><strong>Etiam</strong></span> <span class='ocrx_word' id='word_1_251' title='bbox 1851 818 1900 856; x_wconf 90' lang='lat' dir='ltr'><strong>sic</strong></span> <span class='ocrx_word' id='word_1_252' title='bbox 1916 818 2117 870; x_wconf 84' lang='lat' dir='ltr'><strong>perdidisti,</strong></span> 
     </span>
     <span class='ocr_line' id='line_1_35' title="bbox 1135 877 2117 931; baseline 0 -15"><span class='ocrx_word' id='word_1_253' title='bbox 1135 880 1198 930; x_wconf 88' lang='lat' dir='ltr'><strong>qui</strong></span> <span class='ocrx_word' id='word_1_254' title='bbox 1212 879 1366 930; x_wconf 83' lang='lat' dir='ltr'><strong>coegeris</strong></span> <span class='ocrx_word' id='word_1_255' title='bbox 1381 888 1601 931; x_wconf 82' lang='lat' dir='ltr'><strong>praeceptum</strong></span> <span class='ocrx_word' id='word_1_256' title='bbox 1615 877 1825 929; x_wconf 82' lang='lat' dir='ltr'><strong>transgredi.</strong></span> <span class='ocrx_word' id='word_1_257' title='bbox 1839 878 1942 914; x_wconf 92' lang='lat' dir='ltr'><strong>Hunc</strong></span> <span class='ocrx_word' id='word_1_258' title='bbox 1954 879 2117 916; x_wconf 80' lang='lat' dir='ltr'><strong>morbum</strong></span> 
     </span>
     <span class='ocr_line' id='line_1_36' title="bbox 1135 937 2119 990; baseline -0.001 -14"><span class='ocrx_word' id='word_1_259' title='bbox 1135 940 1180 976; x_wconf 85' lang='lat' dir='ltr'><strong>ab</strong></span> <span class='ocrx_word' id='word_1_260' title='bbox 1198 939 1315 976; x_wconf 82' lang='lat' dir='ltr'><strong>anima</strong></span> <span class='ocrx_word' id='word_1_261' title='bbox 1332 939 1571 990; x_wconf 73' lang='lat' dir='ltr'><strong>expellamus;</strong></span> <span class='ocrx_word' id='word_1_262' title='bbox 1593 937 1734 975; x_wconf 88' lang='lat' dir='ltr'><strong>interim</strong></span> <span class='ocrx_word' id='word_1_263' title='bbox 1753 951 1771 974; x_wconf 88' lang='lat' dir='ltr'><strong>a</strong></span> <span class='ocrx_word' id='word_1_264' title='bbox 1787 938 1864 974; x_wconf 88' lang='lat' dir='ltr'><strong>foro</strong></span> <span class='ocrx_word' id='word_1_265' title='bbox 1885 937 1989 974; x_wconf 89' lang='lat' dir='ltr'><strong>illum</strong></span> <span class='ocrx_word' id='word_1_266' title='bbox 2002 938 2119 989; x_wconf 85' lang='lat' dir='ltr'><strong>ejicia-</strong></span> 
     </span>
     <span class='ocr_line' id='line_1_37' title="bbox 1135 997 2118 1049; baseline -0.002 -13"><span class='ocrx_word' id='word_1_267' title='bbox 1135 1013 1229 1049; x_wconf 87' lang='lat' dir='ltr'><strong>mus,</strong></span> <span class='ocrx_word' id='word_1_268' title='bbox 1254 1013 1274 1036; x_wconf 90' lang='lat' dir='ltr'><strong>a</strong></span> <span class='ocrx_word' id='word_1_269' title='bbox 1293 999 1451 1036; x_wconf 84' lang='lat' dir='ltr'><strong>tabernis</strong></span> <span class='ocrx_word' id='word_1_270' title='bbox 1479 1007 1730 1045; x_wconf 82' lang='lat' dir='ltr'><strong>mercatorum,</strong></span> <span class='ocrx_word' id='word_1_271' title='bbox 1745 1006 1778 1035; x_wconf 90' lang='lat' dir='ltr'><strong>et</strong></span> <span class='ocrx_word' id='word_1_272' title='bbox 1797 1011 1818 1034; x_wconf 88' lang='lat' dir='ltr'><strong>a</strong></span> <span class='ocrx_word' id='word_1_273' title='bbox 1837 997 1984 1047; x_wconf 89' lang='lat' dir='ltr'><strong>reliquis</strong></span> <span class='ocrx_word' id='word_1_274' title='bbox 2006 998 2118 1035; x_wconf 85' lang='lat' dir='ltr'><strong>offici-</strong></span> 
     </span>
     <span class='ocr_line' id='line_1_38' title="bbox 1136 1058 2120 1112; baseline -0.002 -14"><span class='ocrx_word' id='word_1_275' title='bbox 1136 1061 1191 1098; x_wconf 88' lang='lat' dir='ltr'><strong>nis</strong></span> <span class='ocrx_word' id='word_1_276' title='bbox 1207 1076 1214 1096; x_wconf 92' lang='lat'><strong>:</strong></span> <span class='ocrx_word' id='word_1_277' title='bbox 1232 1061 1345 1112; x_wconf 89' lang='lat' dir='ltr'><strong>major</strong></span> <span class='ocrx_word' id='word_1_278' title='bbox 1363 1060 1465 1098; x_wconf 90' lang='lat' dir='ltr'><strong>nobis</strong></span> <span class='ocrx_word' id='word_1_279' title='bbox 1490 1059 1574 1096; x_wconf 90' lang='lat' dir='ltr'><strong>hinc</strong></span> <span class='ocrx_word' id='word_1_280' title='bbox 1608 1067 1802 1111; x_wconf 86' lang='lat' dir='ltr'><strong>proventus</strong></span> <span class='ocrx_word' id='word_1_281' title='bbox 1818 1058 1897 1096; x_wconf 87' lang='lat' dir='ltr'><strong>erit.</strong></span> <span class='ocrx_word' id='word_1_282' title='bbox 1918 1059 1970 1095; x_wconf 91' lang='lat' dir='ltr'><strong>Ne</strong></span> <span class='ocrx_word' id='word_1_283' title='bbox 1989 1059 2120 1110; x_wconf 81' lang='lat' dir='ltr'><strong>putetis</strong></span> 
     </span>
     <span class='ocr_line' id='line_1_39' title="bbox 1137 1118 2120 1173; baseline -0.003 -15"><span class='ocrx_word' id='word_1_284' title='bbox 1137 1135 1196 1173; x_wconf 86' lang='lat' dir='ltr'><strong>per</strong></span> <span class='ocrx_word' id='word_1_285' title='bbox 1215 1119 1527 1172; x_wconf 85' lang='lat' dir='ltr'><strong>transgressionem</strong></span> <span class='ocrx_word' id='word_1_286' title='bbox 1557 1118 1762 1156; x_wconf 85' lang='lat' dir='ltr'><strong>divinarum</strong></span> <span class='ocrx_word' id='word_1_287' title='bbox 1794 1118 1915 1169; x_wconf 90' lang='lat' dir='ltr'><strong>legum</strong></span> <span class='ocrx_word' id='word_1_288' title='bbox 1942 1132 1996 1156; x_wconf 89' lang='lat' dir='ltr'><strong>res</strong></span> <span class='ocrx_word' id='word_1_289' title='bbox 2011 1119 2120 1170; x_wconf 86' lang='lat' dir='ltr'><strong>hujus</strong></span> 
     </span>
     <span class='ocr_line' id='line_1_40' title="bbox 1134 1177 2120 1230; baseline -0.002 -12"><span class='ocrx_word' id='word_1_290' title='bbox 1134 1180 1216 1219; x_wconf 78' lang='lat' dir='ltr'><strong>vitae</strong></span> <span class='ocrx_word' id='word_1_291' title='bbox 1236 1189 1327 1218; x_wconf 89' lang='lat' dir='ltr'><strong>recte</strong></span> <span class='ocrx_word' id='word_1_292' title='bbox 1345 1179 1466 1230; x_wconf 83' lang='lat' dir='ltr'><strong>dirigi.</strong></span> <span class='ocrx_word' id='word_1_293' title='bbox 1484 1180 1528 1217; x_wconf 81' lang='lat' dir='ltr'><strong>At</strong></span> <span class='ocrx_word' id='word_1_294' title='bbox 1547 1192 1616 1216; x_wconf 92' lang='lat' dir='ltr'><strong>non</strong></span> <span class='ocrx_word' id='word_1_295' title='bbox 1633 1177 1763 1228; x_wconf 87' lang='lat' dir='ltr'><strong>credit,</strong></span> <span class='ocrx_word' id='word_1_296' title='bbox 1778 1177 1928 1228; x_wconf 89' lang='lat' dir='ltr'><strong>inquies.</strong></span> <span class='ocrx_word' id='word_1_297' title='bbox 1949 1179 2041 1216; x_wconf 90' lang='lat' dir='ltr'><strong>Nam</strong></span> <span class='ocrx_word' id='word_1_298' title='bbox 2053 1179 2120 1217; x_wconf 91' lang='lat' dir='ltr'><strong>hoc</strong></span> 
     </span>
     <span class='ocr_line' id='line_1_41' title="bbox 1135 1238 2120 1291; baseline -0.002 -13"><span class='ocrx_word' id='word_1_299' title='bbox 1135 1253 1198 1291; x_wconf 88' lang='lat' dir='ltr'><strong>ego</strong></span> <span class='ocrx_word' id='word_1_300' title='bbox 1233 1240 1278 1277; x_wconf 90' lang='lat' dir='ltr'><strong>ab</strong></span> <span class='ocrx_word' id='word_1_301' title='bbox 1311 1239 1492 1290; x_wconf 83' lang='lat' dir='ltr'><strong>aliquibus</strong></span> <span class='ocrx_word' id='word_1_302' title='bbox 1513 1238 1636 1276; x_wconf 87' lang='lat' dir='ltr'><strong>audivi</strong></span> <span class='ocrx_word' id='word_1_303' title='bbox 1654 1254 1661 1274; x_wconf 91' lang='lat'>:</span> <span class='ocrx_word' id='word_1_304' title='bbox 1680 1238 1759 1276; x_wconf 86' lang='lat' dir='ltr'><strong>Nisi</strong></span> <span class='ocrx_word' id='word_1_305' title='bbox 1794 1238 1894 1275; x_wconf 91' lang='lat' dir='ltr'><strong>mille</strong></span> <span class='ocrx_word' id='word_1_306' title='bbox 1918 1239 2120 1290; x_wconf 81' lang='lat' dir='ltr'><strong>juramenta</strong></span> 
     </span>
     <span class='ocr_line' id='line_1_42' title="bbox 1135 1298 2121 1352; baseline 0 -15"><span class='ocrx_word' id='word_1_307' title='bbox 1135 1300 1323 1352; x_wconf 77' lang='lat' dir='ltr'><strong>proferam,</strong></span> <span class='ocrx_word' id='word_1_308' title='bbox 1342 1313 1412 1337; x_wconf 90' lang='lat' dir='ltr'><strong>non</strong></span> <span class='ocrx_word' id='word_1_309' title='bbox 1447 1298 1575 1336; x_wconf 86' lang='lat' dir='ltr'><strong>credet.</strong></span> <span class='ocrx_word' id='word_1_310' title='bbox 1598 1299 1657 1335; x_wconf 90' lang='lat' dir='ltr'><strong>Tu</strong></span> <span class='ocrx_word' id='word_1_311' title='bbox 1685 1298 1722 1335; x_wconf 91' lang='lat' dir='ltr'><strong>in</strong></span> <span class='ocrx_word' id='word_1_312' title='bbox 1750 1312 1854 1336; x_wconf 87' lang='grc'>031153</span> <span class='ocrx_word' id='word_1_313' title='bbox 1881 1312 1931 1348; x_wconf 86' lang='grc'><strong>05,</strong></span> <span class='ocrx_word' id='word_1_314' title='bbox 1968 1300 2029 1349; x_wconf 90' lang='lat' dir='ltr'><strong>qui</strong></span> <span class='ocrx_word' id='word_1_315' title='bbox 2048 1308 2121 1337; x_wconf 87' lang='lat' dir='ltr'><strong>tam</strong></span> 
     </span>
     <span class='ocr_line' id='line_1_43' title="bbox 1134 1359 2122 1413; baseline 0 -15"><span class='ocrx_word' id='word_1_316' title='bbox 1134 1360 1238 1398; x_wconf 86' lang='lat' dir='ltr'><strong>facile</strong></span> <span class='ocrx_word' id='word_1_317' title='bbox 1264 1361 1364 1413; x_wconf 82' lang='lat' dir='ltr'><strong>juras</strong></span> <span class='ocrx_word' id='word_1_318' title='bbox 1381 1376 1389 1396; x_wconf 78' lang='lat' dir='ltr'>t</span> <span class='ocrx_word' id='word_1_319' title='bbox 1410 1374 1494 1398; x_wconf 90' lang='lat' dir='ltr'><strong>nam</strong></span> <span class='ocrx_word' id='word_1_320' title='bbox 1513 1359 1542 1398; x_wconf 92' lang='lat' dir='ltr'><strong>si</strong></span> <span class='ocrx_word' id='word_1_321' title='bbox 1568 1359 1636 1397; x_wconf 85' lang='lat' dir='ltr'><strong>boc</strong></span> <span class='ocrx_word' id='word_1_322' title='bbox 1665 1373 1735 1397; x_wconf 89' lang='lat' dir='ltr'><strong>non</strong></span> <span class='ocrx_word' id='word_1_323' title='bbox 1754 1368 1854 1409; x_wconf 90' lang='lat' dir='ltr'><strong>essct,</strong></span> <span class='ocrx_word' id='word_1_324' title='bbox 1874 1359 1935 1397; x_wconf 87' lang='lat' dir='ltr'><strong>sed</strong></span> <span class='ocrx_word' id='word_1_325' title='bbox 1956 1361 2122 1398; x_wconf 88' lang='lat' dir='ltr'><strong>omnibus</strong></span> 
     </span>
     <span class='ocr_line' id='line_1_44' title="bbox 1134 1420 2119 1473; baseline 0.001 -15"><span class='ocrx_word' id='word_1_326' title='bbox 1134 1430 1257 1459; x_wconf 84' lang='lat' dir='ltr'><strong>notum</strong></span> <span class='ocrx_word' id='word_1_327' title='bbox 1281 1431 1368 1460; x_wconf 90' lang='lat' dir='ltr'><strong>esset</strong></span> <span class='ocrx_word' id='word_1_328' title='bbox 1388 1430 1422 1459; x_wconf 85' lang='lat' dir='ltr'><strong>te</strong></span> <span class='ocrx_word' id='word_1_329' title='bbox 1447 1435 1641 1472; x_wconf 88' lang='lat' dir='ltr'><strong>numquam</strong></span> <span class='ocrx_word' id='word_1_330' title='bbox 1659 1421 1795 1473; x_wconf 89' lang='lat' dir='ltr'><strong>jurare,</strong></span> <span class='ocrx_word' id='word_1_331' title='bbox 1816 1420 1918 1458; x_wconf 86' lang='lat' dir='ltr'><strong>crede</strong></span> <span class='ocrx_word' id='word_1_332' title='bbox 1935 1421 2027 1458; x_wconf 84' lang='lat' dir='ltr'><strong>mihi</strong></span> <span class='ocrx_word' id='word_1_333' title='bbox 2061 1421 2119 1459; x_wconf 91' lang='lat' dir='ltr'><strong>di-</strong></span> 
     </span>
     <span class='ocr_line' id='line_1_45' title="bbox 1136 1481 2123 1533; baseline 0 -13"><span class='ocrx_word' id='word_1_334' title='bbox 1136 1482 1238 1531; x_wconf 88' lang='lat' dir='ltr'><strong>centi,</strong></span> <span class='ocrx_word' id='word_1_335' title='bbox 1251 1483 1308 1520; x_wconf 86' lang='lat' dir='ltr'><strong>vel</strong></span> <span class='ocrx_word' id='word_1_336' title='bbox 1329 1482 1490 1520; x_wconf 86' lang='lat' dir='ltr'><strong>innuenti</strong></span> <span class='ocrx_word' id='word_1_337' title='bbox 1507 1482 1575 1520; x_wconf 85' lang='lat' dir='ltr'><strong>tibi</strong></span> <span class='ocrx_word' id='word_1_338' title='bbox 1590 1482 1705 1533; x_wconf 83' lang='lat' dir='ltr'><strong>magis</strong></span> <span class='ocrx_word' id='word_1_339' title='bbox 1722 1481 1939 1530; x_wconf 84' lang='lat' dir='ltr'><strong>crederetur,</strong></span> <span class='ocrx_word' id='word_1_340' title='bbox 1957 1496 2065 1532; x_wconf 87' lang='lat' dir='ltr'><strong>quam</strong></span> <span class='ocrx_word' id='word_1_341' title='bbox 2079 1482 2123 1520; x_wconf 87' lang='lat' dir='ltr'><strong>iis</strong></span> 
     </span>
     <span class='ocr_line' id='line_1_46' title="bbox 1134 1542 2118 1595; baseline 0.001 -15"><span class='ocrx_word' id='word_1_342' title='bbox 1134 1543 1195 1594; x_wconf 88' lang='lat' dir='ltr'><strong>qui</strong></span> <span class='ocrx_word' id='word_1_343' title='bbox 1225 1543 1324 1581; x_wconf 91' lang='lat' dir='ltr'><strong>mille</strong></span> <span class='ocrx_word' id='word_1_344' title='bbox 1346 1544 1548 1595; x_wconf 88' lang='lat' dir='ltr'><strong>juramenta</strong></span> <span class='ocrx_word' id='word_1_345' title='bbox 1567 1543 1753 1582; x_wconf 81' lang='lat' dir='ltr'><strong>devorant.</strong></span> <span class='ocrx_word' id='word_1_346' title='bbox 1775 1543 1868 1580; x_wconf 86' lang='lat' dir='ltr'><strong>Nam</strong></span> <span class='ocrx_word' id='word_1_347' title='bbox 1897 1542 1966 1593; x_wconf 91' lang='lat' dir='ltr'><strong>cui,</strong></span> <span class='ocrx_word' id='word_1_348' title='bbox 1988 1557 2118 1593; x_wconf 78' lang='lat' dir='ltr'><strong>quaeso,</strong></span> 
     </span>
     <span class='ocr_line' id='line_1_47' title="bbox 1136 1601 2122 1654; baseline 0 -14"><span class='ocrx_word' id='word_1_349' title='bbox 1136 1602 1249 1654; x_wconf 85' lang='lat' dir='ltr'><strong>magis</strong></span> <span class='ocrx_word' id='word_1_350' title='bbox 1279 1601 1438 1653; x_wconf 88' lang='lat' dir='ltr'><strong>creditis,</strong></span> <span class='ocrx_word' id='word_1_351' title='bbox 1460 1602 1550 1640; x_wconf 89' lang='grc'>1111111</span> <span class='ocrx_word' id='word_1_352' title='bbox 1569 1616 1639 1640; x_wconf 85' lang='grc'>11011</span> <span class='ocrx_word' id='word_1_353' title='bbox 1656 1601 1805 1654; x_wconf 71' lang='lat' dir='ltr'><strong>juranti,</strong></span> <span class='ocrx_word' id='word_1_354' title='bbox 1826 1615 1870 1639; x_wconf 87' lang='lat' dir='ltr'><strong>an</strong></span> <span class='ocrx_word' id='word_1_355' title='bbox 1886 1602 2122 1654; x_wconf 72' lang='lat' dir='ltr'><strong>julantibus?</strong></span> 
     </span>
    </p>
   </div>
   <div class='ocr_carea' id='block_1_7' title="bbox 51 1664 1063 1717">
    <p class='ocr_par' dir='ltr' id='par_1_7' title="bbox 51 1664 1063 1717">
     <span class='ocr_line' id='line_1_48' title="bbox 51 1664 1063 1717; baseline 0 -13"><span class='ocrx_word' id='word_1_356' title='bbox 51 1667 98 1716; x_wconf 87' lang='grc' dir='ltr'><strong>μὴ</strong></span> <span class='ocrx_word' id='word_1_357' title='bbox 131 1665 313 1716; x_wconf 83' lang='grc' dir='ltr'>ὃμνύοντι,</span> <span class='ocrx_word' id='word_1_358' title='bbox 346 1666 368 1711; x_wconf 84' lang='grc' dir='ltr'>ἢ</span> <span class='ocrx_word' id='word_1_359' title='bbox 394 1672 465 1709; x_wconf 84' lang='grc' dir='ltr'>τοῖς</span> <span class='ocrx_word' id='word_1_360' title='bbox 491 1665 692 1715; x_wconf 57' lang='grc' dir='ltr'>ὄιινύουσινς</span> <span class='ocrx_word' id='word_1_361' title='bbox 722 1664 827 1703; x_wconf 83' lang='grc' dir='ltr'>Ἀλλὰ</span> <span class='ocrx_word' id='word_1_362' title='bbox 856 1681 916 1712; x_wconf 92' lang='grc' dir='ltr'><strong>συ,</strong></span> <span class='ocrx_word' id='word_1_363' title='bbox 946 1667 1063 1717; x_wconf 71' lang='grc' dir='ltr'>φησὶν,</span> 
     </span>
    </p>
   </div>
   <div class='ocr_carea' id='block_1_8' title="bbox 51 1662 2320 1779">
    <p class='ocr_par' dir='ltr' id='par_1_8' title="bbox 51 1662 2320 1779">
     <span class='ocr_line' id='line_1_49' title="bbox 1136 1662 2320 1724; baseline -0.001 -23"><span class='ocrx_word' id='word_1_364' title='bbox 1136 1663 1207 1702; x_wconf 88' lang='lat' dir='ltr'><strong>Sed</strong></span> <span class='ocrx_word' id='word_1_365' title='bbox 1225 1671 1276 1712; x_wconf 92' lang='lat' dir='ltr'><strong>tu,</strong></span> <span class='ocrx_word' id='word_1_366' title='bbox 1304 1662 1457 1713; x_wconf 87' lang='lat' dir='ltr'><strong>inquies,</strong></span> <span class='ocrx_word' id='word_1_367' title='bbox 1476 1677 1511 1700; x_wconf 91' lang='lat' dir='ltr'><strong>es</strong></span> <span class='ocrx_word' id='word_1_368' title='bbox 1533 1663 1697 1715; x_wconf 84' lang='lat' dir='ltr'><strong>princeps</strong></span> <span class='ocrx_word' id='word_1_369' title='bbox 1720 1672 1753 1700; x_wconf 86' lang='lat' dir='ltr'><strong>et</strong></span> <span class='ocrx_word' id='word_1_370' title='bbox 1785 1662 2000 1714; x_wconf 74' lang='lat' dir='ltr'><strong>episcopus?</strong></span> <span class='ocrx_word' id='word_1_371' title='bbox 2022 1663 2122 1709; x_wconf 89' lang='lat' dir='ltr'><strong>Quid</strong></span> <span class='ocrx_word' id='word_1_372' title='bbox 2147 1686 2320 1724; x_wconf 59' lang='lat' dir='ltr'><strong>chrysosto-</strong></span> 
     </span>
     <span class='ocr_line' id='line_1_50' title="bbox 51 1724 1063 1779; baseline 0 -15"><span class='ocrx_word' id='word_1_373' title='bbox 51 1727 167 1779; x_wconf 70' lang='grc' dir='ltr'>ἄργων</span> <span class='ocrx_word' id='word_1_374' title='bbox 194 1730 224 1763; x_wconf 82' lang='grc' dir='ltr'><strong>εἰ</strong></span> <span class='ocrx_word' id='word_1_375' title='bbox 248 1742 307 1763; x_wconf 82' lang='grc' dir='ltr'><strong>και</strong></span> <span class='ocrx_word' id='word_1_376' title='bbox 327 1724 562 1771; x_wconf 63' lang='grc' dir='ltr'><strong>ὶῑἐἶπίσκ-οπος,</strong></span> <span class='ocrx_word' id='word_1_377' title='bbox 584 1725 631 1763; x_wconf 89' lang='grc' dir='ltr'><strong>Τι</strong></span> <span class='ocrx_word' id='word_1_378' title='bbox 647 1741 716 1772; x_wconf 92' lang='grc' dir='ltr'><strong>ουν</strong></span> <span class='ocrx_word' id='word_1_379' title='bbox 739 1725 778 1762; x_wconf 80' lang='grc' dir='ltr'>ἂν</span> <span class='ocrx_word' id='word_1_380' title='bbox 796 1725 913 1773; x_wconf 80' lang='grc' dir='ltr'>δείξω,</span> <span class='ocrx_word' id='word_1_381' title='bbox 944 1726 997 1763; x_wconf 81' lang='grc' dir='ltr'><strong>ὅτι</strong></span> <span class='ocrx_word' id='word_1_382' title='bbox 1026 1742 1063 1764; x_wconf 91' lang='grc' dir='ltr'><strong>ου</strong></span> 
     </span>
    </p>
   </div>
   <div class='ocr_carea' id='block_1_9' title="bbox 1134 1723 2323 1775">
    <p class='ocr_par' dir='ltr' id='par_1_9' title="bbox 1134 1723 2323 1775">
     <span class='ocr_line' id='line_1_51' title="bbox 1134 1723 2323 1775; baseline 0 -14"><span class='ocrx_word' id='word_1_383' title='bbox 1134 1723 1257 1775; x_wconf 86' lang='lat' dir='ltr'><strong>igitur,</strong></span> <span class='ocrx_word' id='word_1_384' title='bbox 1275 1723 1304 1762; x_wconf 90' lang='lat' dir='ltr'><strong>si</strong></span> <span class='ocrx_word' id='word_1_385' title='bbox 1317 1723 1501 1761; x_wconf 82' lang='lat' dir='ltr'><strong>ostendeio</strong></span> <span class='ocrx_word' id='word_1_386' title='bbox 1517 1737 1573 1761; x_wconf 91' lang='lat' dir='ltr'><strong>me</strong></span> <span class='ocrx_word' id='word_1_387' title='bbox 1587 1737 1657 1760; x_wconf 91' lang='lat' dir='ltr'><strong>non</strong></span> <span class='ocrx_word' id='word_1_388' title='bbox 1676 1723 1745 1761; x_wconf 92' lang='lat' dir='ltr'><strong>hoc</strong></span> <span class='ocrx_word' id='word_1_389' title='bbox 1772 1723 1888 1760; x_wconf 90' lang='lat' dir='ltr'><strong>solum</strong></span> <span class='ocrx_word' id='word_1_390' title='bbox 1910 1737 2002 1761; x_wconf 90' lang='lat' dir='ltr'><strong>esse.</strong></span> <span class='ocrx_word' id='word_1_391' title='bbox 1994 1724 2011 1750; x_wconf 84' lang='lat'>“</span> <span class='ocrx_word' id='word_1_392' title='bbox 2031 1724 2123 1762; x_wconf 91' lang='lat' dir='ltr'><strong>Cum</strong></span> <span class='ocrx_word' id='word_1_393' title='bbox 2134 1737 2197 1754; x_wconf 69' lang='lat' dir='ltr'><strong>mus</strong></span> <span class='ocrx_word' id='word_1_394' title='bbox 2211 1730 2323 1764; x_wconf 71' lang='lat' dir='ltr'><strong>episco-</strong></span> 
     </span>
    </p>
   </div>
   <div class='ocr_carea' id='block_1_10' title="bbox 50 1776 2280 1837">
    <p class='ocr_par' dir='ltr' id='par_1_10' title="bbox 50 1776 2280 1837">
     <span class='ocr_line' id='line_1_52' title="bbox 50 1776 2280 1837; baseline -0.001 -13"><span class='ocrx_word' id='word_1_395' title='bbox 50 1790 150 1824; x_wconf 84' lang='grc' dir='ltr'>τοῦτο</span> <span class='ocrx_word' id='word_1_396' title='bbox 169 1786 288 1836; x_wconf 74' lang='grc' dir='ltr'>μόνον,</span> <span class='ocrx_word' id='word_1_397' title='bbox 308 1785 409 1823; x_wconf 83' lang='grc' dir='ltr'>Μετὰ</span> <span class='ocrx_word' id='word_1_398' title='bbox 423 1784 584 1832; x_wconf 81' lang='grc' dir='ltr'>ἀληθείας</span> <span class='ocrx_word' id='word_1_399' title='bbox 601 1785 860 1837; x_wconf 81' lang='grc' dir='ltr'>ἀποκρίνασθέ</span> <span class='ocrx_word' id='word_1_400' title='bbox 854 1800 911 1822; x_wconf 83' lang='grc' dir='ltr'>υ.οι</span> <span class='ocrx_word' id='word_1_401' title='bbox 924 1794 1065 1837; x_wconf 77' lang='grc' dir='ltr'>,παρα-</span> <span class='ocrx_word' id='word_1_402' title='bbox 1136 1784 1294 1833; x_wconf 76' lang='lat' dir='ltr'><strong>velitate,</strong></span> <span class='ocrx_word' id='word_1_403' title='bbox 1309 1798 1442 1835; x_wconf 78' lang='lat' dir='ltr'><strong>quaeso,</strong></span> <span class='ocrx_word' id='word_1_404' title='bbox 1464 1783 1674 1836; x_wconf 88' lang='lat' dir='ltr'><strong>respondete</strong></span> <span class='ocrx_word' id='word_1_405' title='bbox 1688 1783 1801 1821; x_wconf 88' lang='lat' dir='ltr'><strong>mihi:</strong></span> <span class='ocrx_word' id='word_1_406' title='bbox 1820 1783 1849 1821; x_wconf 90' lang='lat' dir='ltr'><strong>si</strong></span> <span class='ocrx_word' id='word_1_407' title='bbox 1873 1784 2072 1834; x_wconf 79' lang='lat' dir='ltr'><strong>siequentel</strong></span> <span class='ocrx_word' id='word_1_408' title='bbox 2091 1779 2187 1822; x_wconf 67' lang='lat' dir='ltr'><strong>etpus</strong></span> <span class='ocrx_word' id='word_1_409' title='bbox 2209 1776 2280 1796; x_wconf 67' lang='lat'><strong>⁰¹³¹</strong></span> 
     </span>
    </p>
   </div>
   <div class='ocr_carea' id='block_1_11' title="bbox 51 1840 1071 3161">
    <p class='ocr_par' dir='ltr' id='par_1_11' title="bbox 51 1840 1071 3161">
     <span class='ocr_line' id='line_1_53' title="bbox 51 1840 1065 1899; baseline -0.003 -14"><span class='ocrx_word' id='word_1_410' title='bbox 51 1850 164 1896; x_wconf 79' lang='grc' dir='ltr'>καλῶ,</span> <span class='ocrx_word' id='word_1_411' title='bbox 196 1850 224 1886; x_wconf 89' lang='grc' dir='ltr'><strong>εἷ</strong></span> <span class='ocrx_word' id='word_1_412' title='bbox 258 1850 409 1899; x_wconf 77' lang='grc' dir='ltr'>συνεχῶς</span> <span class='ocrx_word' id='word_1_413' title='bbox 435 1846 571 1897; x_wconf 85' lang='grc' dir='ltr'>ὤμνυον</span> <span class='ocrx_word' id='word_1_414' title='bbox 599 1847 658 1885; x_wconf 79' lang='grc' dir='ltr'>καὶ</span> <span class='ocrx_word' id='word_1_415' title='bbox 692 1847 899 1894; x_wconf 81' lang='grc' dir='ltr'>διαπαντὸς,</span> <span class='ocrx_word' id='word_1_416' title='bbox 928 1840 996 1897; x_wconf 65' lang='grc' dir='ltr'><strong>ἆρα</strong></span> <span class='ocrx_word' id='word_1_417' title='bbox 1026 1845 1065 1882; x_wconf 81' lang='grc' dir='ltr'>ἂν</span> 
     </span>
     <span class='ocr_line' id='line_1_54' title="bbox 51 1905 1066 1961; baseline -0.003 -15"><span class='ocrx_word' id='word_1_418' title='bbox 51 1908 201 1959; x_wconf 77' lang='grc' dir='ltr'>προέστη</span> <span class='ocrx_word' id='word_1_419' title='bbox 234 1923 298 1958; x_wconf 88' lang='grc' dir='ltr'><strong>μου</strong></span> <span class='ocrx_word' id='word_1_420' title='bbox 317 1912 338 1954; x_wconf 81' lang='grc' dir='ltr'>ἡ</span> <span class='ocrx_word' id='word_1_421' title='bbox 358 1908 469 1961; x_wconf 70' lang='grc' dir='ltr'>ἀρχή,</span> <span class='ocrx_word' id='word_1_422' title='bbox 493 1909 678 1958; x_wconf 79' lang='grc' dir='ltr'>Οὐδαμῶς.</span> <span class='ocrx_word' id='word_1_423' title='bbox 704 1907 830 1959; x_wconf 76' lang='grc' dir='ltr'>Ὁρᾷς,</span> <span class='ocrx_word' id='word_1_424' title='bbox 862 1906 914 1944; x_wconf 77' lang='grc' dir='ltr'><strong>ὅτι</strong></span> <span class='ocrx_word' id='word_1_425' title='bbox 940 1909 977 1944; x_wconf 74' lang='grc' dir='ltr'><strong>οὗ</strong></span> <span class='ocrx_word' id='word_1_426' title='bbox 1011 1905 1066 1943; x_wconf 80' lang='grc' dir='ltr'><strong>διὰ</strong></span> 
     </span>
     <span class='ocr_line' id='line_1_55' title="bbox 55 1967 1064 2020; baseline -0.001 -14"><span class='ocrx_word' id='word_1_427' title='bbox 55 1973 176 2014; x_wconf 79' lang='grc' dir='ltr'>τοῦτο;</span> <span class='ocrx_word' id='word_1_428' title='bbox 194 1968 241 2006; x_wconf 88' lang='grc' dir='ltr'><strong>Τί</strong></span> <span class='ocrx_word' id='word_1_429' title='bbox 261 1968 295 2007; x_wconf 73' lang='grc' dir='ltr'><strong>δὲ</strong></span> <span class='ocrx_word' id='word_1_430' title='bbox 310 1969 499 2020; x_wconf 78' lang='grc' dir='ltr'>κερδαίνεις</span> <span class='ocrx_word' id='word_1_431' title='bbox 518 1968 605 2010; x_wconf 73' lang='grc' dir='ltr'>ὅλως</span> <span class='ocrx_word' id='word_1_432' title='bbox 617 1999 626 2015; x_wconf 89' lang='grc'>,</span> <span class='ocrx_word' id='word_1_433' title='bbox 643 1968 718 2006; x_wconf 78' lang='grc' dir='ltr'>εἶπέ</span> <span class='ocrx_word' id='word_1_434' title='bbox 735 1984 815 2018; x_wconf 73' lang='grc' dir='ltr'>μοι,</span> <span class='ocrx_word' id='word_1_435' title='bbox 836 1969 977 2011; x_wconf 88' lang='grc' dir='ltr'>Παῦλος</span> <span class='ocrx_word' id='word_1_436' title='bbox 991 1967 1064 2006; x_wconf 80' lang='grc' dir='ltr'>ἐλί-·</span> 
     </span>
     <span class='ocr_line' id='line_1_56' title="bbox 54 2028 1066 2082; baseline -0.001 -15"><span class='ocrx_word' id='word_1_437' title='bbox 54 2046 167 2078; x_wconf 81' lang='grc' dir='ltr'>μωττε</span> <span class='ocrx_word' id='word_1_438' title='bbox 180 2046 187 2053; x_wconf 94' lang='grc'><em>·</em></span> <span class='ocrx_word' id='word_1_439' title='bbox 207 2029 265 2067; x_wconf 77' lang='grc' dir='ltr'>καὶ</span> <span class='ocrx_word' id='word_1_440' title='bbox 285 2029 325 2067; x_wconf 75' lang='grc' dir='ltr'><strong>σὺ</strong></span> <span class='ocrx_word' id='word_1_441' title='bbox 342 2032 418 2068; x_wconf 77' lang='grc' dir='ltr'>ἑλοῦ</span> <span class='ocrx_word' id='word_1_442' title='bbox 433 2037 552 2080; x_wconf 69' lang='grc' dir='ltr'>πεινᾷν</span> <span class='ocrx_word' id='word_1_443' title='bbox 573 2030 716 2078; x_wconf 79' lang='grc' dir='ltr'>μᾶλλον,</span> <span class='ocrx_word' id='word_1_444' title='bbox 734 2029 756 2075; x_wconf 81' lang='grc' dir='ltr'>ἢ</span> <span class='ocrx_word' id='word_1_445' title='bbox 772 2028 975 2082; x_wconf 67' lang='grc' dir='ltr'>παροιὸἧναί</span> <span class='ocrx_word' id='word_1_446' title='bbox 990 2045 1066 2066; x_wconf 87' lang='grc' dir='ltr'>τινα</span> 
     </span>
     <span class='ocr_line' id='line_1_57' title="bbox 53 2083 1065 2140; baseline 0 -14"><span class='ocrx_word' id='word_1_447' title='bbox 53 2093 119 2126; x_wconf 71' lang='grc' dir='ltr'><strong>τῶν</strong></span> <span class='ocrx_word' id='word_1_448' title='bbox 141 2092 283 2127; x_wconf 75' lang='grc' dir='ltr'>ἐντολῶν</span> <span class='ocrx_word' id='word_1_449' title='bbox 300 2093 359 2127; x_wconf 80' lang='grc' dir='ltr'><strong>τοῦ</strong></span> <span class='ocrx_word' id='word_1_450' title='bbox 384 2092 488 2127; x_wconf 82' lang='grc' dir='ltr'>Θεοῦ.</span> <span class='ocrx_word' id='word_1_451' title='bbox 505 2088 553 2127; x_wconf 86' lang='grc' dir='ltr'><strong>Τί</strong></span> <span class='ocrx_word' id='word_1_452' title='bbox 570 2089 676 2133; x_wconf 74' lang='grc' dir='ltr'>οὕτως</span> <span class='ocrx_word' id='word_1_453' title='bbox 693 2090 836 2132; x_wconf 81' lang='grc' dir='ltr'>ἄπιστος</span> <span class='ocrx_word' id='word_1_454' title='bbox 859 2083 911 2135; x_wconf 65' lang='grc' dir='ltr'><strong>εἷ,</strong></span> <span class='ocrx_word' id='word_1_455' title='bbox 930 2089 980 2127; x_wconf 74' lang='grc' dir='ltr'><strong>Σὺ</strong></span> <span class='ocrx_word' id='word_1_456' title='bbox 1004 2089 1065 2140; x_wconf 83' lang='grc' dir='ltr'><strong>μὲν</strong></span> 
     </span>
     <span class='ocr_line' id='line_1_58' title="bbox 54 2145 1065 2202; baseline -0.002 -14"><span class='ocrx_word' id='word_1_457' title='bbox 54 2145 108 2188; x_wconf 67' lang='grc' dir='ltr'><strong>οἶν</strong></span> <span class='ocrx_word' id='word_1_458' title='bbox 125 2150 238 2187; x_wconf 73' lang='grc' dir='ltr'>πάντα</span> <span class='ocrx_word' id='word_1_459' title='bbox 264 2153 344 2201; x_wconf 71' lang='grc' dir='ltr'>αἱρῇ</span> <span class='ocrx_word' id='word_1_460' title='bbox 362 2150 420 2187; x_wconf 80' lang='grc' dir='ltr'>καὶ</span> <span class='ocrx_word' id='word_1_461' title='bbox 440 2153 584 2196; x_wconf 75' lang='grc' dir='ltr'>ποιῆσαι</span> <span class='ocrx_word' id='word_1_462' title='bbox 612 2150 671 2187; x_wconf 79' lang='grc' dir='ltr'>καὶ</span> <span class='ocrx_word' id='word_1_463' title='bbox 690 2154 812 2188; x_wconf 79' lang='grc' dir='ltr'>παθεῖν</span> <span class='ocrx_word' id='word_1_464' title='bbox 831 2149 918 2202; x_wconf 74' lang='grc' dir='ltr'>ὑπὲρ</span> <span class='ocrx_word' id='word_1_465' title='bbox 937 2153 996 2187; x_wconf 89' lang='grc' dir='ltr'><strong>τοῦ</strong></span> <span class='ocrx_word' id='word_1_466' title='bbox 1018 2149 1065 2199; x_wconf 84' lang='grc' dir='ltr'><strong>μὴ</strong></span> 
     </span>
     <span class='ocr_line' id='line_1_59' title="bbox 55 2209 1066 2261; baseline 0.001 -15"><span class='ocrx_word' id='word_1_467' title='bbox 55 2210 179 2258; x_wconf 74' lang='grc' dir='ltr'>ὀμόσαι</span> <span class='ocrx_word' id='word_1_468' title='bbox 199 2226 205 2232; x_wconf 93' lang='grc'><strong><em>·</em></strong></span> <span class='ocrx_word' id='word_1_469' title='bbox 232 2210 332 2253; x_wconf 74' lang='grc' dir='ltr'>αὐτὸς</span> <span class='ocrx_word' id='word_1_470' title='bbox 355 2210 391 2248; x_wconf 80' lang='grc' dir='ltr'><strong>δέ</strong></span> <span class='ocrx_word' id='word_1_471' title='bbox 415 2225 452 2247; x_wconf 91' lang='grc' dir='ltr'><strong>σε</strong></span> <span class='ocrx_word' id='word_1_472' title='bbox 478 2213 539 2248; x_wconf 80' lang='grc' dir='ltr'><strong>οὐκ</strong></span> <span class='ocrx_word' id='word_1_473' title='bbox 564 2209 767 2261; x_wconf 75' lang='grc' dir='ltr'>ἀμείψεται,</span> <span class='ocrx_word' id='word_1_474' title='bbox 785 2211 887 2248; x_wconf 84' lang='grc' dir='ltr'>Ἀλλὰ</span> <span class='ocrx_word' id='word_1_475' title='bbox 911 2209 988 2252; x_wconf 77' lang='grc' dir='ltr'>τοὺς</span> <span class='ocrx_word' id='word_1_476' title='bbox 1004 2209 1066 2260; x_wconf 80' lang='grc' dir='ltr'><strong>μὲν</strong></span> 
     </span>
     <span class='ocr_line' id='line_1_60' title="bbox 56 2268 1067 2322; baseline -0.001 -15"><span class='ocrx_word' id='word_1_477' title='bbox 56 2270 235 2321; x_wconf 81' lang='grc' dir='ltr'>ἐπιόρκους</span> <span class='ocrx_word' id='word_1_478' title='bbox 262 2270 319 2307; x_wconf 84' lang='grc' dir='ltr'>καὶ</span> <span class='ocrx_word' id='word_1_479' title='bbox 346 2269 557 2321; x_wconf 83' lang='grc' dir='ltr'>πολυόρκους</span> <span class='ocrx_word' id='word_1_480' title='bbox 584 2272 660 2307; x_wconf 81' lang='grc' dir='ltr'>καθ’</span> <span class='ocrx_word' id='word_1_481' title='bbox 688 2269 837 2316; x_wconf 73' lang='grc' dir='ltr'>ἑκάστην</span> <span class='ocrx_word' id='word_1_482' title='bbox 858 2268 974 2322; x_wconf 75' lang='grc' dir='ltr'>τρέφει</span> <span class='ocrx_word' id='word_1_483' title='bbox 1004 2269 1067 2316; x_wconf 84' lang='grc' dir='ltr'><strong>τὴν</strong></span> 
     </span>
     <span class='ocr_line' id='line_1_61' title="bbox 55 2328 1068 2381; baseline 0.001 -15"><span class='ocrx_word' id='word_1_484' title='bbox 55 2331 205 2380; x_wconf 74' lang='grc' dir='ltr'>ἡμέραν·</span> <span class='ocrx_word' id='word_1_485' title='bbox 236 2330 272 2368; x_wconf 81' lang='grc' dir='ltr'><strong>σὲ</strong></span> <span class='ocrx_word' id='word_1_486' title='bbox 309 2330 343 2368; x_wconf 79' lang='grc' dir='ltr'><strong>δὲ</strong></span> <span class='ocrx_word' id='word_1_487' title='bbox 376 2328 574 2381; x_wconf 75' lang='grc' dir='ltr'>παραδώσει</span> <span class='ocrx_word' id='word_1_488' title='bbox 604 2332 697 2381; x_wconf 80' lang='grc' dir='ltr'>λιμῷ</span> <span class='ocrx_word' id='word_1_489' title='bbox 711 2361 720 2378; x_wconf 88' lang='grc'>,</span> <span class='ocrx_word' id='word_1_490' title='bbox 754 2330 873 2377; x_wconf 78' lang='grc' dir='ltr'>ἐπειδὴ</span> <span class='ocrx_word' id='word_1_491' title='bbox 918 2330 1068 2376; x_wconf 82' lang='grc' dir='ltr'>ἤκουσας</span> 
     </span>
     <span class='ocr_line' id='line_1_62' title="bbox 57 2390 1068 2438; baseline 0.001 -10"><span class='ocrx_word' id='word_1_492' title='bbox 57 2392 176 2437; x_wconf 76' lang='grc' dir='ltr'>αὐτοῦ,</span> <span class='ocrx_word' id='word_1_493' title='bbox 195 2390 330 2434; x_wconf 74' lang='grc' dir='ltr'>Πάντες</span> <span class='ocrx_word' id='word_1_494' title='bbox 349 2390 529 2435; x_wconf 79' lang='grc' dir='ltr'>ἷὸέτωσαν,</span> <span class='ocrx_word' id='word_1_495' title='bbox 555 2390 609 2429; x_wconf 75' lang='grc' dir='ltr'><strong>ὅτι</strong></span> <span class='ocrx_word' id='word_1_496' title='bbox 634 2394 701 2428; x_wconf 83' lang='grc' dir='ltr'><strong>τῶν</strong></span> <span class='ocrx_word' id='word_1_497' title='bbox 719 2394 765 2435; x_wconf 86' lang='grc' dir='ltr'><strong>εἷς</strong></span> <span class='ocrx_word' id='word_1_498' title='bbox 782 2391 910 2437; x_wconf 86' lang='grc' dir='ltr'>ταύτην</span> <span class='ocrx_word' id='word_1_499' title='bbox 929 2390 992 2438; x_wconf 77' lang='grc' dir='ltr'><strong>τὴν</strong></span> <span class='ocrx_word' id='word_1_500' title='bbox 1013 2393 1068 2429; x_wconf 79' lang='grc' dir='ltr'><strong>ἔκ-</strong></span> 
     </span>
     <span class='ocr_line' id='line_1_63' title="bbox 56 2450 1069 2503; baseline 0.002 -14"><span class='ocrx_word' id='word_1_501' title='bbox 56 2451 198 2498; x_wconf 84' lang='grc' dir='ltr'>κλησίαν</span> <span class='ocrx_word' id='word_1_502' title='bbox 215 2451 453 2502; x_wconf 80' lang='grc' dir='ltr'>συναγομένων</span> <span class='ocrx_word' id='word_1_503' title='bbox 470 2451 578 2495; x_wconf 76' lang='grc' dir='ltr'>οὐδεὶς</span> <span class='ocrx_word' id='word_1_504' title='bbox 604 2453 666 2491; x_wconf 58' lang='grc' dir='ltr'>οὐκ</span> <span class='ocrx_word' id='word_1_505' title='bbox 693 2451 784 2490; x_wconf 82' lang='grc' dir='ltr'>ἔστιν</span> <span class='ocrx_word' id='word_1_506' title='bbox 799 2450 815 2472; x_wconf 76' lang='lat' dir='ltr'><strong>b</strong></span> <span class='ocrx_word' id='word_1_507' title='bbox 827 2456 844 2491; x_wconf 86' lang='grc' dir='ltr'><em>ὃ</em></span> <span class='ocrx_word' id='word_1_508' title='bbox 860 2452 962 2503; x_wconf 82' lang='grc' dir='ltr'>ὀμνύς</span> <span class='ocrx_word' id='word_1_509' title='bbox 975 2469 982 2476; x_wconf 90' lang='grc'><em>·</em></span> <span class='ocrx_word' id='word_1_510' title='bbox 1008 2454 1069 2492; x_wconf 82' lang='grc' dir='ltr'>καὶ</span> 
     </span>
     <span class='ocr_line' id='line_1_64' title="bbox 58 2510 1069 2562; baseline 0.004 -15"><span class='ocrx_word' id='word_1_511' title='bbox 58 2510 125 2548; x_wconf 68' lang='grc' dir='ltr'><strong>ἀπὸ</strong></span> <span class='ocrx_word' id='word_1_512' title='bbox 150 2510 268 2548; x_wconf 76' lang='grc' dir='ltr'>τούτου</span> <span class='ocrx_word' id='word_1_513' title='bbox 289 2511 467 2561; x_wconf 75' lang='grc' dir='ltr'>γενώμεθα</span> <span class='ocrx_word' id='word_1_514' title='bbox 496 2512 615 2559; x_wconf 77' lang='grc' dir='ltr'>δῆλοι,</span> <span class='ocrx_word' id='word_1_515' title='bbox 649 2512 697 2562; x_wconf 77' lang='grc' dir='ltr'><strong>μὴ</strong></span> <span class='ocrx_word' id='word_1_516' title='bbox 728 2513 796 2551; x_wconf 79' lang='grc' dir='ltr'><strong>ἀπὸ</strong></span> <span class='ocrx_word' id='word_1_517' title='bbox 827 2516 888 2559; x_wconf 73' lang='grc' dir='ltr'><strong>τῆς</strong></span> <span class='ocrx_word' id='word_1_518' title='bbox 919 2513 1069 2556; x_wconf 82' lang='grc' dir='ltr'>πίστεως</span> 
     </span>
     <span class='ocr_line' id='line_1_65' title="bbox 59 2570 1069 2626; baseline 0.004 -20"><span class='ocrx_word' id='word_1_519' title='bbox 59 2570 174 2618; x_wconf 72' lang='grc' dir='ltr'>μόνον,</span> <span class='ocrx_word' id='word_1_520' title='bbox 201 2571 375 2609; x_wconf 76' lang='grc' dir='ltr'>καὶτοῦτο</span> <span class='ocrx_word' id='word_1_521' title='bbox 400 2571 483 2621; x_wconf 74' lang='grc' dir='ltr'>πρὸς</span> <span class='ocrx_word' id='word_1_522' title='bbox 507 2570 704 2619; x_wconf 42' lang='grc' dir='ltr'>(Έλληνας,</span> <span class='ocrx_word' id='word_1_523' title='bbox 732 2572 792 2610; x_wconf 71' lang='grc' dir='ltr'>καὶ</span> <span class='ocrx_word' id='word_1_524' title='bbox 823 2573 909 2626; x_wconf 85' lang='grc' dir='ltr'>πρὸς</span> <span class='ocrx_word' id='word_1_525' title='bbox 937 2573 1069 2617; x_wconf 83' lang='grc' dir='ltr'>πάντας</span> 
     </span>
     <span class='ocr_line' id='line_1_66' title="bbox 59 2629 1067 2684; baseline 0.006 -19"><span class='ocrx_word' id='word_1_526' title='bbox 59 2629 192 2680; x_wconf 46' lang='lat' dir='ltr'><strong>gyf-&gt;gisia</strong></span> <span class='ocrx_word' id='word_1_527' title='bbox 221 2631 259 2668; x_wconf 74' lang='grc' dir='ltr'><strong>τὸ</strong></span> <span class='ocrx_word' id='word_1_528' title='bbox 285 2632 497 2670; x_wconf 76' lang='grc' dir='ltr'>διαλλάττον.</span> <span class='ocrx_word' id='word_1_529' title='bbox 532 2633 712 2684; x_wconf 65' lang='grc' dir='ltr'>Σφραγῖδα</span> <span class='ocrx_word' id='word_1_530' title='bbox 739 2632 902 2684; x_wconf 64' lang='grc' dir='ltr'>λοίὸωμεν</span> <span class='ocrx_word' id='word_1_531' title='bbox 933 2636 971 2672; x_wconf 80' lang='grc' dir='ltr'><strong>ἐκ</strong></span> <span class='ocrx_word' id='word_1_532' title='bbox 1000 2636 1067 2671; x_wconf 82' lang='grc' dir='ltr'><strong>τῶν</strong></span> 
     </span>
     <span class='ocr_line' id='line_1_67' title="bbox 57 2690 1071 2746; baseline 0.006 -20"><span class='ocrx_word' id='word_1_533' title='bbox 57 2692 220 2740; x_wconf 80' lang='grc' dir='ltr'>οὐρανῶν,</span> <span class='ocrx_word' id='word_1_534' title='bbox 251 2690 304 2728; x_wconf 77' lang='grc' dir='ltr'><strong>ἵνα</strong></span> <span class='ocrx_word' id='word_1_535' title='bbox 324 2691 441 2741; x_wconf 78' lang='grc' dir='ltr'>ὥσπερ</span> <span class='ocrx_word' id='word_1_536' title='bbox 463 2691 568 2743; x_wconf 72' lang='grc' dir='ltr'>ἀγέλη</span> <span class='ocrx_word' id='word_1_537' title='bbox 606 2693 768 2743; x_wconf 84' lang='grc' dir='ltr'>βασιλικὴ</span> <span class='ocrx_word' id='word_1_538' title='bbox 795 2698 974 2746; x_wconf 72' lang='grc' dir='ltr'>πανταχοῦ</span> <span class='ocrx_word' id='word_1_539' title='bbox 995 2710 1071 2746; x_wconf 80' lang='grc' dir='ltr'>φαι-</span> 
     </span>
     <span class='ocr_line' id='line_1_68' title="bbox 59 2750 1070 2806; baseline 0.006 -19"><span class='ocrx_word' id='word_1_540' title='bbox 59 2750 218 2799; x_wconf 78' lang='grc' dir='ltr'>νώμεθα·</span> <span class='ocrx_word' id='word_1_541' title='bbox 248 2752 315 2790; x_wconf 72' lang='grc' dir='ltr'><strong>ἀπὸ</strong></span> <span class='ocrx_word' id='word_1_542' title='bbox 344 2756 403 2789; x_wconf 88' lang='grc' dir='ltr'><strong>τοῦ</strong></span> <span class='ocrx_word' id='word_1_543' title='bbox 425 2754 595 2803; x_wconf 87' lang='grc' dir='ltr'>στόματος</span> <span class='ocrx_word' id='word_1_544' title='bbox 624 2754 682 2791; x_wconf 81' lang='grc' dir='ltr'>καὶ</span> <span class='ocrx_word' id='word_1_545' title='bbox 707 2756 769 2799; x_wconf 75' lang='grc' dir='ltr'><strong>τῆς</strong></span> <span class='ocrx_word' id='word_1_546' title='bbox 799 2753 954 2806; x_wconf 82' lang='grc' dir='ltr'>γλώττης</span> <span class='ocrx_word' id='word_1_547' title='bbox 986 2756 1070 2798; x_wconf 86' lang='grc' dir='ltr'>τέως</span> 
     </span>
     <span class='ocr_line' id='line_1_69' title="bbox 58 2811 1070 2868; baseline 0.008 -22"><span class='ocrx_word' id='word_1_548' title='bbox 58 2811 301 2864; x_wconf 67' lang='grc' dir='ltr'>γνωριζώμεθει</span> <span class='ocrx_word' id='word_1_549' title='bbox 312 2841 320 2855; x_wconf 88' lang='grc'>,</span> <span class='ocrx_word' id='word_1_550' title='bbox 338 2814 493 2865; x_wconf 71' lang='grc' dir='ltr'>καθάπερ</span> <span class='ocrx_word' id='word_1_551' title='bbox 509 2817 540 2852; x_wconf 87' lang='grc' dir='ltr'><strong>οἱ</strong></span> <span class='ocrx_word' id='word_1_552' title='bbox 558 2814 745 2867; x_wconf 67' lang='grc' dir='ltr'>βάρὸαροι·</span> <span class='ocrx_word' id='word_1_553' title='bbox 771 2815 928 2868; x_wconf 70' lang='grc' dir='ltr'>καθάπερ</span> <span class='ocrx_word' id='word_1_554' title='bbox 943 2819 973 2854; x_wconf 79' lang='grc' dir='ltr'><strong>οἱ</strong></span> <span class='ocrx_word' id='word_1_555' title='bbox 989 2816 1070 2854; x_wconf 49' lang='grc' dir='ltr'>(Ελ-</span> 
     </span>
     <span class='ocr_line' id='line_1_70' title="bbox 59 2873 1066 2927; baseline 0.007 -19"><span class='ocrx_word' id='word_1_556' title='bbox 59 2873 189 2918; x_wconf 81' lang='grc' dir='ltr'>ληνιστὶ</span> <span class='ocrx_word' id='word_1_557' title='bbox 209 2873 352 2920; x_wconf 77' lang='grc' dir='ltr'>εἰδότες,</span> <span class='ocrx_word' id='word_1_558' title='bbox 369 2874 476 2924; x_wconf 83' lang='grc' dir='ltr'>ταύτῃ</span> <span class='ocrx_word' id='word_1_559' title='bbox 497 2878 565 2913; x_wconf 81' lang='grc' dir='ltr'><strong>τῶν</strong></span> <span class='ocrx_word' id='word_1_560' title='bbox 583 2876 767 2927; x_wconf 62' lang='grc' dir='ltr'>βαρὸάρων</span> <span class='ocrx_word' id='word_1_561' title='bbox 791 2877 1066 2927; x_wconf 82' lang='grc' dir='ltr'>διαλλάττωμεν.</span> 
     </span>
     <span class='ocr_line' id='line_1_71' title="bbox 59 2931 1070 3011; baseline 0.007 -44"><span class='ocrx_word' id='word_1_562' title='bbox 59 2931 145 2969; x_wconf 71' lang='grc' dir='ltr'>Εἰπὲ</span> <span class='ocrx_word' id='word_1_563' title='bbox 160 2933 224 2983; x_wconf 75' lang='grc' dir='ltr'>γάρ</span> <span class='ocrx_word' id='word_1_564' title='bbox 241 2948 318 2982; x_wconf 86' lang='grc' dir='ltr'>μοι,</span> <span class='ocrx_word' id='word_1_565' title='bbox 345 2937 375 2972; x_wconf 80' lang='grc' dir='ltr'><strong>οἱ</strong></span> <span class='ocrx_word' id='word_1_566' title='bbox 394 2935 554 2986; x_wconf 71' lang='grc' dir='ltr'>ψιττακοὶ</span> <span class='ocrx_word' id='word_1_567' title='bbox 581 2936 761 3011; x_wconf 82' lang='grc' dir='ltr'>λεγόμενοι</span> <span class='ocrx_word' id='word_1_568' title='bbox 780 2937 881 2975; x_wconf 83' lang='grc' dir='ltr'>πόθεν</span> <span class='ocrx_word' id='word_1_569' title='bbox 903 2937 969 2976; x_wconf 79' lang='grc' dir='ltr'>εἶσὶ</span> <span class='ocrx_word' id='word_1_570' title='bbox 983 2937 1070 2988; x_wconf 83' lang='grc' dir='ltr'>γνώ-</span> 
     </span>
     <span class='ocr_line' id='line_1_72' title="bbox 62 2995 1071 3049; baseline 0.009 -22"><span class='ocrx_word' id='word_1_571' title='bbox 62 3006 101 3041; x_wconf 80' lang='grc' dir='ltr'><strong>ρι</strong></span> <span class='ocrx_word' id='word_1_572' title='bbox 97 3007 171 3037; x_wconf 74' lang='grc' dir='ltr'>υ.;οι</span> <span class='ocrx_word' id='word_1_573' title='bbox 186 2995 245 3030; x_wconf 79' lang='grc' dir='ltr'><strong>οὐκ</strong></span> <span class='ocrx_word' id='word_1_574' title='bbox 263 2995 330 3032; x_wconf 82' lang='grc' dir='ltr'>απὸ</span> <span class='ocrx_word' id='word_1_575' title='bbox 343 3000 401 3033; x_wconf 85' lang='grc' dir='ltr'><strong>τοῦ</strong></span> <span class='ocrx_word' id='word_1_576' title='bbox 419 2996 536 3033; x_wconf 75' lang='grc' dir='ltr'>λαλεῖν</span> <span class='ocrx_word' id='word_1_577' title='bbox 555 2996 645 3033; x_wconf 82' lang='grc' dir='ltr'>κατὰ</span> <span class='ocrx_word' id='word_1_578' title='bbox 660 2997 860 3049; x_wconf 73' lang='grc' dir='ltr'>ἄνθρωπον,</span> <span class='ocrx_word' id='word_1_579' title='bbox 880 2998 987 3036; x_wconf 51' lang='grc' dir='ltr'>Καὶ(</span> <span class='ocrx_word' id='word_1_580' title='bbox 970 3004 1071 3048; x_wconf 84' lang='grc' dir='ltr'>ημεῖς</span> 
     </span>
     <span class='ocr_line' id='line_1_73' title="bbox 61 3051 1069 3108; baseline 0.007 -20"><span class='ocrx_word' id='word_1_581' title='bbox 61 3051 170 3088; x_wconf 80' lang='grc' dir='ltr'>τοίνυν</span> <span class='ocrx_word' id='word_1_582' title='bbox 204 3053 271 3090; x_wconf 77' lang='grc' dir='ltr'><strong>ἀπο</strong></span> <span class='ocrx_word' id='word_1_583' title='bbox 296 3069 353 3091; x_wconf 84' lang='grc' dir='ltr'><strong>του</strong></span> <span class='ocrx_word' id='word_1_584' title='bbox 380 3056 538 3092; x_wconf 65' lang='grc' dir='ltr'><strong>λα)εῖν(ἶ</strong></span> <span class='ocrx_word' id='word_1_585' title='bbox 548 3058 594 3099; x_wconf 81' lang='grc' dir='ltr'>ὡς</span> <span class='ocrx_word' id='word_1_586' title='bbox 621 3072 651 3093; x_wconf 85' lang='grc' dir='ltr'><strong>οι</strong></span> <span class='ocrx_word' id='word_1_587' title='bbox 684 3057 871 3096; x_wconf 70' lang='grc' dir='ltr'>ἀπόστολοι</span> <span class='ocrx_word' id='word_1_588' title='bbox 889 3057 1069 3108; x_wconf 77' lang='grc' dir='ltr'>γενώμεθα</span> 
     </span>
     <span class='ocr_line' id='line_1_74' title="bbox 61 3111 245 3161; baseline 0.011 -14"><span class='ocrx_word' id='word_1_589' title='bbox 61 3111 226 3161; x_wconf 46' lang='lat' dir='ltr'><strong>YVUGK‘JQMO</strong></span> <span class='ocrx_word' id='word_1_590' title='bbox 240 3129 245 3135; x_wconf 82' lang='lat'>&#39;</span> 
     </span>
    </p>
   </div>
   <div class='ocr_carea' id='block_1_12' title="bbox 280 3113 1068 3170">
    <p class='ocr_par' dir='ltr' id='par_1_12' title="bbox 280 3113 1068 3170">
     <span class='ocr_line' id='line_1_75' title="bbox 280 3113 1068 3170; baseline 0.009 -20"><span class='ocrx_word' id='word_1_591' title='bbox 280 3113 346 3151; x_wconf 78' lang='grc' dir='ltr'><strong>ἀπο</strong></span> <span class='ocrx_word' id='word_1_592' title='bbox 366 3120 424 3153; x_wconf 85' lang='grc' dir='ltr'><strong>τοῦ</strong></span> <span class='ocrx_word' id='word_1_593' title='bbox 442 3117 524 3153; x_wconf 81' lang='grc' dir='ltr'>λαλε</span> <span class='ocrx_word' id='word_1_594' title='bbox 531 3134 557 3154; x_wconf 89' lang='grc' dir='ltr'><strong>ιν</strong></span> <span class='ocrx_word' id='word_1_595' title='bbox 584 3119 629 3160; x_wconf 80' lang='grc' dir='ltr'>ὡς</span> <span class='ocrx_word' id='word_1_596' title='bbox 656 3120 686 3155; x_wconf 88' lang='grc' dir='ltr'><strong>οἱ</strong></span> <span class='ocrx_word' id='word_1_597' title='bbox 715 3119 868 3168; x_wconf 80' lang='grc' dir='ltr'>ἄγγελοι.</span> <span class='ocrx_word' id='word_1_598' title='bbox 900 3119 959 3157; x_wconf 87' lang='grc' dir='ltr'>Αν</span> <span class='ocrx_word' id='word_1_599' title='bbox 989 3119 1068 3170; x_wconf 82' lang='grc' dir='ltr'>εἴπῃ</span> 
     </span>
    </p>
   </div>
   <div class='ocr_carea' id='block_1_13' title="bbox 89 3179 1070 3235">
    <p class='ocr_par' dir='ltr' id='par_1_13' title="bbox 89 3179 1070 3235">
     <span class='ocr_line' id='line_1_76' title="bbox 89 3179 1070 3235; baseline 0.011 -22"><span class='ocrx_word' id='word_1_600' title='bbox 89 3194 132 3222; x_wconf 84' lang='lat'><strong>.:‚</strong></span> <span class='ocrx_word' id='word_1_601' title='bbox 157 3179 292 3226; x_wconf 72' lang='grc' dir='ltr'>ὄμοσον,</span> <span class='ocrx_word' id='word_1_602' title='bbox 316 3180 547 3226; x_wconf 69' lang='grc' dir='ltr'>ακουέτ(ι1,ὅ’τι</span> <span class='ocrx_word' id='word_1_603' title='bbox 565 3186 581 3220; x_wconf 78' lang='grc' dir='ltr'>ὁ</span> <span class='ocrx_word' id='word_1_604' title='bbox 602 3184 750 3235; x_wconf 75' lang='grc' dir='ltr'>Χριστὸς</span> <span class='ocrx_word' id='word_1_605' title='bbox 778 3185 959 3224; x_wconf 52' lang='grc' dir='ltr'>(ὶέκέλευσε</span> <span class='ocrx_word' id='word_1_606' title='bbox 974 3215 982 3231; x_wconf 87' lang='grc'>,</span> <span class='ocrx_word' id='word_1_607' title='bbox 1012 3187 1070 3224; x_wconf 74' lang='grc' dir='ltr'><strong>καὶ</strong></span> 
     </span>
    </p>
   </div>
   <div class='ocr_carea' id='block_1_14' title="bbox 106 3297 989 3437">
    <p class='ocr_par' dir='ltr' id='par_1_14' title="bbox 106 3297 989 3437">
     <span class='ocr_line' id='line_1_77' title="bbox 106 3297 989 3345; baseline 0.018 -20"><span class='ocrx_word' id='word_1_608' title='bbox 106 3307 114 3318; x_wconf 67' lang='lat'><strong>:¹</strong></span> <span class='ocrx_word' id='word_1_609' title='bbox 135 3297 223 3327; x_wconf 60' lang='lat' dir='ltr'><strong>Iffnus</strong></span> <span class='ocrx_word' id='word_1_610' title='bbox 239 3297 348 3329; x_wconf 62' lang='lat' dir='ltr'><strong>(lodex</strong></span> <span class='ocrx_word' id='word_1_611' title='bbox 368 3298 446 3340; x_wconf 82' lang='grc'>[(1110</span> <span class='ocrx_word' id='word_1_612' title='bbox 466 3302 499 3332; x_wconf 87' lang='grc' dir='ltr'><strong>Β.</strong></span> <span class='ocrx_word' id='word_1_613' title='bbox 516 3303 571 3343; x_wconf 79' lang='lat' dir='ltr'><strong>C]</strong></span> <span class='ocrx_word' id='word_1_614' title='bbox 588 3308 753 3342; x_wconf 69' lang='grc' dir='ltr'>ἐπίσκοπος.</span> <span class='ocrx_word' id='word_1_615' title='bbox 778 3310 811 3338; x_wconf 45' lang='lat' dir='ltr'><strong>*si-a</strong></span> <span class='ocrx_word' id='word_1_616' title='bbox 830 3307 877 3339; x_wconf 64' lang='grc' dir='ltr'>οὖν</span> <span class='ocrx_word' id='word_1_617' title='bbox 898 3309 989 3345; x_wconf 60' lang='grc' dir='ltr'>δείξω.</span> 
     </span>
     <span class='ocr_line' id='line_1_78' title="bbox 107 3348 770 3396; baseline 0.015 -20"><span class='ocrx_word' id='word_1_618' title='bbox 107 3349 120 3370; x_wconf 66' lang='grc' dir='ltr'><strong>ἱ·</strong></span> <span class='ocrx_word' id='word_1_619' title='bbox 139 3361 147 3387; x_wconf 51' lang='lat' dir='ltr'><strong>t</strong></span> <span class='ocrx_word' id='word_1_620' title='bbox 167 3349 215 3378; x_wconf 83' lang='grc'><strong>113</strong></span> <span class='ocrx_word' id='word_1_621' title='bbox 237 3348 345 3381; x_wconf 79' lang='lat' dir='ltr'><strong>codd.</strong></span> <span class='ocrx_word' id='word_1_622' title='bbox 366 3349 453 3382; x_wconf 75' lang='lat' dir='ltr'><strong>Editi</strong></span> <span class='ocrx_word' id='word_1_623' title='bbox 472 3353 611 3384; x_wconf 67' lang='lat' dir='ltr'><strong>articulo</strong></span> <span class='ocrx_word' id='word_1_624' title='bbox 628 3356 770 3396; x_wconf 71' lang='lat' dir='ltr'><strong>carent]</strong></span> 
     </span>
     <span class='ocr_line' id='line_1_79' title="bbox 107 3399 465 3437; baseline 0.011 -8"><span class='ocrx_word' id='word_1_625' title='bbox 107 3412 111 3421; x_wconf 73' lang='lat'><strong>⁴</strong></span> <span class='ocrx_word' id='word_1_626' title='bbox 142 3399 230 3430; x_wconf 66' lang='lat' dir='ltr'><strong>[inus</strong></span> <span class='ocrx_word' id='word_1_627' title='bbox 248 3403 283 3437; x_wconf 72' lang='grc' dir='ltr'><strong>ὡς</strong></span> <span class='ocrx_word' id='word_1_628' title='bbox 300 3407 465 3436; x_wconf 65' lang='grc' dir='ltr'>ἀπόστολοι.</span> 
     </span>
    </p>
   </div>
   <div class='ocr_carea' id='block_1_15' title="bbox 1136 1843 2132 2871">
    <p class='ocr_par' dir='ltr' id='par_1_15' title="bbox 1136 1843 2132 2871">
     <span class='ocr_line' id='line_1_80' title="bbox 1139 1843 2125 1896; baseline 0.001 -15"><span class='ocrx_word' id='word_1_629' title='bbox 1139 1858 1274 1895; x_wconf 89' lang='lat' dir='ltr'><strong>semper</strong></span> <span class='ocrx_word' id='word_1_630' title='bbox 1289 1845 1462 1896; x_wconf 86' lang='lat' dir='ltr'><strong>jurarem,</strong></span> <span class='ocrx_word' id='word_1_631' title='bbox 1485 1858 1528 1882; x_wconf 88' lang='lat' dir='ltr'><strong>an</strong></span> <span class='ocrx_word' id='word_1_632' title='bbox 1547 1843 1728 1895; x_wconf 85' lang='lat' dir='ltr'><strong>prodesset</strong></span> <span class='ocrx_word' id='word_1_633' title='bbox 1750 1844 1840 1881; x_wconf 88' lang='lat' dir='ltr'><strong>mihi</strong></span> <span class='ocrx_word' id='word_1_634' title='bbox 1875 1844 2125 1896; x_wconf 67' lang='lat' dir='ltr'><strong>principatus?</strong></span> 
     </span>
     <span class='ocr_line' id='line_1_81' title="bbox 1136 1904 2126 1957; baseline 0.001 -15"><span class='ocrx_word' id='word_1_635' title='bbox 1136 1904 1299 1943; x_wconf 87' lang='lat' dir='ltr'><strong>Minime.</strong></span> <span class='ocrx_word' id='word_1_636' title='bbox 1314 1905 1446 1945; x_wconf 84' lang='lat' dir='ltr'><strong>Viden’</strong></span> <span class='ocrx_word' id='word_1_637' title='bbox 1462 1919 1534 1942; x_wconf 90' lang='lat' dir='ltr'><strong>non</strong></span> <span class='ocrx_word' id='word_1_638' title='bbox 1554 1905 1652 1942; x_wconf 85' lang='lat' dir='ltr'><strong>illam</strong></span> <span class='ocrx_word' id='word_1_639' title='bbox 1667 1918 1741 1942; x_wconf 82' lang='lat' dir='ltr'><strong>esse</strong></span> <span class='ocrx_word' id='word_1_640' title='bbox 1761 1906 1930 1942; x_wconf 72' lang='lat' dir='ltr'><strong>causam?</strong></span> <span class='ocrx_word' id='word_1_641' title='bbox 1947 1905 2046 1952; x_wconf 87' lang='lat' dir='ltr'><strong>Quid</strong></span> <span class='ocrx_word' id='word_1_642' title='bbox 2058 1906 2126 1957; x_wconf 90' lang='lat' dir='ltr'><strong>igi-</strong></span> 
     </span>
     <span class='ocr_line' id='line_1_82' title="bbox 1138 1965 2127 2015; baseline 0.002 -13"><span class='ocrx_word' id='word_1_643' title='bbox 1138 1973 1206 2013; x_wconf 84' lang='lat' dir='ltr'><strong>tur,</strong></span> <span class='ocrx_word' id='word_1_644' title='bbox 1218 1979 1346 2015; x_wconf 79' lang='lat' dir='ltr'><strong>quaeso,</strong></span> <span class='ocrx_word' id='word_1_645' title='bbox 1359 1965 1507 2003; x_wconf 89' lang='lat' dir='ltr'><strong>lucraris</strong></span> <span class='ocrx_word' id='word_1_646' title='bbox 1519 1966 1536 2003; x_wconf 78' lang='grc' dir='ltr'><strong>ἷ)</strong></span> <span class='ocrx_word' id='word_1_647' title='bbox 1549 1965 1683 2003; x_wconf 84' lang='grc' dir='ltr'>Ρ3111115</span> <span class='ocrx_word' id='word_1_648' title='bbox 1695 1965 1887 2003; x_wconf 83' lang='lat' dir='ltr'><strong>esuriebat:</strong></span> <span class='ocrx_word' id='word_1_649' title='bbox 1900 1975 1933 2003; x_wconf 87' lang='grc'><strong>01</strong></span> <span class='ocrx_word' id='word_1_650' title='bbox 1945 1975 1983 2003; x_wconf 83' lang='grc'><strong>111</strong></span> <span class='ocrx_word' id='word_1_651' title='bbox 1996 1967 2127 2004; x_wconf 90' lang='lat' dir='ltr'><strong>esurire</strong></span> 
     </span>
     <span class='ocr_line' id='line_1_83' title="bbox 1137 2024 2128 2077; baseline 0.003 -16"><span class='ocrx_word' id='word_1_652' title='bbox 1137 2024 1256 2076; x_wconf 86' lang='lat' dir='ltr'><strong>potius</strong></span> <span class='ocrx_word' id='word_1_653' title='bbox 1271 2025 1393 2077; x_wconf 81' lang='lat' dir='ltr'><strong>eligas,</strong></span> <span class='ocrx_word' id='word_1_654' title='bbox 1417 2040 1524 2076; x_wconf 83' lang='lat' dir='ltr'><strong>quam</strong></span> <span class='ocrx_word' id='word_1_655' title='bbox 1534 2024 1733 2076; x_wconf 85' lang='lat' dir='ltr'><strong>transgredi</strong></span> <span class='ocrx_word' id='word_1_656' title='bbox 1749 2025 1914 2076; x_wconf 83' lang='lat' dir='ltr'><strong>quaedam</strong></span> <span class='ocrx_word' id='word_1_657' title='bbox 1932 2040 1973 2064; x_wconf 84' lang='lat' dir='ltr'><strong>ex</strong></span> <span class='ocrx_word' id='word_1_658' title='bbox 1991 2025 2128 2065; x_wconf 81' lang='lat' dir='ltr'><strong>divinis</strong></span> 
     </span>
     <span class='ocr_line' id='line_1_84' title="bbox 1139 2085 2128 2138; baseline 0.001 -15"><span class='ocrx_word' id='word_1_659' title='bbox 1139 2086 1327 2124; x_wconf 87' lang='lat' dir='ltr'><strong>mandatis.</strong></span> <span class='ocrx_word' id='word_1_660' title='bbox 1343 2087 1415 2124; x_wconf 88' lang='lat' dir='ltr'><strong>Cur</strong></span> <span class='ocrx_word' id='word_1_661' title='bbox 1442 2100 1525 2137; x_wconf 86' lang='lat' dir='ltr'><strong>ergo</strong></span> <span class='ocrx_word' id='word_1_662' title='bbox 1550 2085 1752 2124; x_wconf 87' lang='lat' dir='ltr'><strong>incredulus</strong></span> <span class='ocrx_word' id='word_1_663' title='bbox 1773 2087 1832 2123; x_wconf 74' lang='lat' dir='ltr'><strong>es?</strong></span> <span class='ocrx_word' id='word_1_664' title='bbox 1860 2087 1918 2123; x_wconf 91' lang='lat' dir='ltr'><strong>Tu</strong></span> <span class='ocrx_word' id='word_1_665' title='bbox 1935 2101 2018 2138; x_wconf 81' lang='lat' dir='ltr'><strong>ergo</strong></span> <span class='ocrx_word' id='word_1_666' title='bbox 2037 2087 2128 2124; x_wconf 83' lang='lat' dir='ltr'><strong>nihil</strong></span> 
     </span>
     <span class='ocr_line' id='line_1_85' title="bbox 1139 2147 2129 2199; baseline 0.002 -15"><span class='ocrx_word' id='word_1_667' title='bbox 1139 2160 1207 2184; x_wconf 89' lang='lat' dir='ltr'><strong>non</strong></span> <span class='ocrx_word' id='word_1_668' title='bbox 1225 2161 1320 2197; x_wconf 88' lang='lat' dir='ltr'><strong>ages,</strong></span> <span class='ocrx_word' id='word_1_669' title='bbox 1345 2156 1377 2183; x_wconf 87' lang='lat' dir='ltr'><strong>et</strong></span> <span class='ocrx_word' id='word_1_670' title='bbox 1391 2147 1548 2198; x_wconf 87' lang='lat' dir='ltr'><strong>patieris,</strong></span> <span class='ocrx_word' id='word_1_671' title='bbox 1576 2155 1614 2184; x_wconf 92' lang='lat' dir='ltr'><strong>ut</strong></span> <span class='ocrx_word' id='word_1_672' title='bbox 1630 2160 1673 2184; x_wconf 89' lang='lat' dir='ltr'><strong>ne</strong></span> <span class='ocrx_word' id='word_1_673' title='bbox 1697 2161 1867 2197; x_wconf 84' lang='lat' dir='ltr'><strong>umquam</strong></span> <span class='ocrx_word' id='word_1_674' title='bbox 1879 2147 1995 2199; x_wconf 75' lang='lat' dir='ltr'><strong>jures,</strong></span> <span class='ocrx_word' id='word_1_675' title='bbox 2016 2157 2050 2185; x_wconf 85' lang='lat' dir='ltr'><strong>at</strong></span> <span class='ocrx_word' id='word_1_676' title='bbox 2070 2148 2129 2186; x_wconf 87' lang='lat' dir='ltr'><strong>ille</strong></span> 
     </span>
     <span class='ocr_line' id='line_1_86' title="bbox 1139 2207 2130 2260; baseline 0.003 -16"><span class='ocrx_word' id='word_1_677' title='bbox 1139 2215 1173 2244; x_wconf 89' lang='lat' dir='ltr'><strong>te</strong></span> <span class='ocrx_word' id='word_1_678' title='bbox 1184 2220 1252 2244; x_wconf 91' lang='lat' dir='ltr'><strong>non</strong></span> <span class='ocrx_word' id='word_1_679' title='bbox 1266 2207 1530 2245; x_wconf 78' lang='lat' dir='ltr'><strong>remunerabit?</strong></span> <span class='ocrx_word' id='word_1_680' title='bbox 1540 2208 1645 2258; x_wconf 84' lang='lat' dir='ltr'><strong>Atqui</strong></span> <span class='ocrx_word' id='word_1_681' title='bbox 1658 2216 1691 2245; x_wconf 91' lang='lat' dir='ltr'><strong>et</strong></span> <span class='ocrx_word' id='word_1_682' title='bbox 1707 2208 1869 2259; x_wconf 85' lang='lat' dir='ltr'><strong>perjuros</strong></span> <span class='ocrx_word' id='word_1_683' title='bbox 1877 2217 1909 2245; x_wconf 88' lang='lat' dir='ltr'><strong>et</strong></span> <span class='ocrx_word' id='word_1_684' title='bbox 1917 2208 2130 2260; x_wconf 87' lang='lat' dir='ltr'><strong>juramentis</strong></span> 
     </span>
     <span class='ocr_line' id='line_1_87' title="bbox 1139 2269 2129 2322; baseline 0.003 -16"><span class='ocrx_word' id='word_1_685' title='bbox 1139 2278 1293 2307; x_wconf 83' lang='lat' dir='ltr'><strong>assuetos</strong></span> <span class='ocrx_word' id='word_1_686' title='bbox 1309 2269 1470 2320; x_wconf 87' lang='lat' dir='ltr'><strong>quotidie</strong></span> <span class='ocrx_word' id='word_1_687' title='bbox 1485 2269 1548 2307; x_wconf 81' lang='lat' dir='ltr'><strong>alit</strong></span> <span class='ocrx_word' id='word_1_688' title='bbox 1561 2285 1571 2318; x_wconf 78' lang='lat'>5</span> <span class='ocrx_word' id='word_1_689' title='bbox 1586 2279 1619 2308; x_wconf 87' lang='lat' dir='ltr'><strong>te</strong></span> <span class='ocrx_word' id='word_1_690' title='bbox 1637 2284 1722 2307; x_wconf 71' lang='lat' dir='ltr'><strong>vero</strong></span> <span class='ocrx_word' id='word_1_691' title='bbox 1745 2270 1831 2307; x_wconf 86' lang='lat' dir='ltr'><strong>sami</strong></span> <span class='ocrx_word' id='word_1_692' title='bbox 1846 2270 1973 2321; x_wconf 88' lang='lat' dir='ltr'><strong>tradet,</strong></span> <span class='ocrx_word' id='word_1_693' title='bbox 1987 2272 2070 2322; x_wconf 87' lang='lat' dir='ltr'><strong>quia</strong></span> <span class='ocrx_word' id='word_1_694' title='bbox 2086 2272 2129 2309; x_wconf 91' lang='lat' dir='ltr'><strong>il-</strong></span> 
     </span>
     <span class='ocr_line' id='line_1_88' title="bbox 1140 2330 2130 2383; baseline 0.003 -14"><span class='ocrx_word' id='word_1_695' title='bbox 1140 2330 1216 2369; x_wconf 88' lang='lat' dir='ltr'><strong>lum</strong></span> <span class='ocrx_word' id='word_1_696' title='bbox 1245 2331 1406 2369; x_wconf 77' lang='lat' dir='ltr'><strong>audisti?</strong></span> <span class='ocrx_word' id='word_1_697' title='bbox 1423 2333 1556 2370; x_wconf 88' lang='lat' dir='ltr'><strong>Omnes</strong></span> <span class='ocrx_word' id='word_1_698' title='bbox 1588 2331 1733 2370; x_wconf 89' lang='lat' dir='ltr'><strong>videant</strong></span> <span class='ocrx_word' id='word_1_699' title='bbox 1753 2346 1798 2369; x_wconf 79' lang='lat' dir='ltr'><strong>ex</strong></span> <span class='ocrx_word' id='word_1_700' title='bbox 1827 2332 1885 2383; x_wconf 93' lang='lat' dir='ltr'><strong>iis,</strong></span> <span class='ocrx_word' id='word_1_701' title='bbox 1911 2333 2031 2383; x_wconf 91' lang='lat' dir='ltr'><strong>quiin</strong></span> <span class='ocrx_word' id='word_1_702' title='bbox 2062 2335 2130 2372; x_wconf 86' lang='grc'>1130</span> 
     </span>
     <span class='ocr_line' id='line_1_89' title="bbox 1141 2391 2130 2446; baseline 0.003 -17"><span class='ocrx_word' id='word_1_703' title='bbox 1141 2391 1284 2430; x_wconf 87' lang='grc'>00010513</span> <span class='ocrx_word' id='word_1_704' title='bbox 1306 2401 1579 2444; x_wconf 84' lang='lat' dir='ltr'><strong>congregantur,</strong></span> <span class='ocrx_word' id='word_1_705' title='bbox 1596 2392 1772 2431; x_wconf 88' lang='lat' dir='ltr'><strong>neminem</strong></span> <span class='ocrx_word' id='word_1_706' title='bbox 1792 2407 1865 2430; x_wconf 89' lang='lat' dir='ltr'><strong>esse</strong></span> <span class='ocrx_word' id='word_1_707' title='bbox 1881 2394 1942 2444; x_wconf 90' lang='lat' dir='ltr'><strong>qui</strong></span> <span class='ocrx_word' id='word_1_708' title='bbox 1965 2395 2062 2446; x_wconf 86' lang='lat' dir='ltr'><strong>juret</strong></span> <span class='ocrx_word' id='word_1_709' title='bbox 2069 2411 2080 2445; x_wconf 76' lang='lat'><em>3</em></span> <span class='ocrx_word' id='word_1_710' title='bbox 2097 2405 2130 2432; x_wconf 91' lang='grc'><strong>01</strong></span> 
     </span>
     <span class='ocr_line' id='line_1_90' title="bbox 1139 2452 2130 2503; baseline 0.003 -12"><span class='ocrx_word' id='word_1_711' title='bbox 1139 2452 1225 2491; x_wconf 84' lang='grc'>111110</span> <span class='ocrx_word' id='word_1_712' title='bbox 1243 2453 1317 2491; x_wconf 84' lang='grc'>11011</span> <span class='ocrx_word' id='word_1_713' title='bbox 1336 2454 1461 2503; x_wconf 86' lang='grc'>51111115,</span> <span class='ocrx_word' id='word_1_714' title='bbox 1476 2467 1545 2491; x_wconf 88' lang='grc'>11011</span> <span class='ocrx_word' id='word_1_715' title='bbox 1567 2467 1612 2491; x_wconf 82' lang='lat' dir='ltr'><strong>ex</strong></span> <span class='ocrx_word' id='word_1_716' title='bbox 1629 2453 1701 2491; x_wconf 86' lang='lat' dir='ltr'><strong>fide</strong></span> <span class='ocrx_word' id='word_1_717' title='bbox 1719 2463 1877 2503; x_wconf 80' lang='lat' dir='ltr'><strong>tantum3</strong></span> <span class='ocrx_word' id='word_1_718' title='bbox 1893 2454 1977 2492; x_wconf 88' lang='lat' dir='ltr'><strong>hine</strong></span> <span class='ocrx_word' id='word_1_719' title='bbox 1992 2470 2011 2492; x_wconf 88' lang='lat' dir='ltr'><strong>a</strong></span> <span class='ocrx_word' id='word_1_720' title='bbox 2024 2456 2130 2494; x_wconf 81' lang='lat' dir='ltr'><strong>Grae-</strong></span> 
     </span>
     <span class='ocr_line' id='line_1_91' title="bbox 1142 2514 2130 2568; baseline 0.003 -16"><span class='ocrx_word' id='word_1_721' title='bbox 1142 2514 1192 2552; x_wconf 86' lang='lat' dir='ltr'><strong>cis</strong></span> <span class='ocrx_word' id='word_1_722' title='bbox 1215 2523 1249 2552; x_wconf 84' lang='lat' dir='ltr'><strong>et</strong></span> <span class='ocrx_word' id='word_1_723' title='bbox 1277 2515 1322 2552; x_wconf 89' lang='lat' dir='ltr'><strong>ab</strong></span> <span class='ocrx_word' id='word_1_724' title='bbox 1340 2514 1422 2552; x_wconf 87' lang='lat' dir='ltr'><strong>aliis</strong></span> <span class='ocrx_word' id='word_1_725' title='bbox 1461 2515 1627 2553; x_wconf 87' lang='lat' dir='ltr'><strong>omnibus</strong></span> <span class='ocrx_word' id='word_1_726' title='bbox 1662 2514 1880 2554; x_wconf 75' lang='lat' dir='ltr'><strong>difleramus.</strong></span> <span class='ocrx_word' id='word_1_727' title='bbox 1901 2517 2130 2568; x_wconf 84' lang='lat' dir='ltr'><strong>Signaculum</strong></span> 
     </span>
     <span class='ocr_line' id='line_1_92' title="bbox 1142 2575 2132 2628; baseline 0.002 -15"><span class='ocrx_word' id='word_1_728' title='bbox 1142 2575 1360 2628; x_wconf 82' lang='lat' dir='ltr'><strong>accipiamus</strong></span> <span class='ocrx_word' id='word_1_729' title='bbox 1380 2576 1424 2614; x_wconf 87' lang='lat' dir='ltr'><strong>de</strong></span> <span class='ocrx_word' id='word_1_730' title='bbox 1444 2575 1550 2624; x_wconf 73' lang='lat' dir='ltr'><strong>ecelis,</strong></span> <span class='ocrx_word' id='word_1_731' title='bbox 1566 2584 1604 2613; x_wconf 85' lang='lat' dir='ltr'><strong>ut</strong></span> <span class='ocrx_word' id='word_1_732' title='bbox 1624 2576 1726 2626; x_wconf 85' lang='lat' dir='ltr'><strong>quasi</strong></span> <span class='ocrx_word' id='word_1_733' title='bbox 1745 2576 1867 2627; x_wconf 85' lang='lat' dir='ltr'><strong>regius</strong></span> <span class='ocrx_word' id='word_1_734' title='bbox 1887 2591 1975 2628; x_wconf 83' lang='lat' dir='ltr'><strong>grex</strong></span> <span class='ocrx_word' id='word_1_735' title='bbox 1999 2577 2132 2628; x_wconf 86' lang='lat' dir='ltr'><strong>ubique</strong></span> 
     </span>
     <span class='ocr_line' id='line_1_93' title="bbox 1142 2636 2132 2689; baseline 0.001 -15"><span class='ocrx_word' id='word_1_736' title='bbox 1142 2650 1374 2689; x_wconf 86' lang='lat' dir='ltr'><strong>appareamus</strong></span> <span class='ocrx_word' id='word_1_737' title='bbox 1393 2652 1400 2673; x_wconf 91' lang='lat'><strong>:</strong></span> <span class='ocrx_word' id='word_1_738' title='bbox 1422 2637 1467 2674; x_wconf 88' lang='lat' dir='ltr'><strong>ab</strong></span> <span class='ocrx_word' id='word_1_739' title='bbox 1486 2650 1545 2674; x_wconf 87' lang='lat' dir='ltr'><strong>ore</strong></span> <span class='ocrx_word' id='word_1_740' title='bbox 1565 2645 1598 2674; x_wconf 88' lang='lat' dir='ltr'><strong>et</strong></span> <span class='ocrx_word' id='word_1_741' title='bbox 1624 2650 1644 2673; x_wconf 88' lang='grc'><strong>3</strong></span> <span class='ocrx_word' id='word_1_742' title='bbox 1662 2636 1785 2687; x_wconf 87' lang='lat' dir='ltr'><strong>lingua</strong></span> <span class='ocrx_word' id='word_1_743' title='bbox 1804 2651 2004 2686; x_wconf 82' lang='lat' dir='ltr'><strong>noscamur,</strong></span> <span class='ocrx_word' id='word_1_744' title='bbox 2039 2639 2132 2675; x_wconf 87' lang='lat' dir='ltr'><strong>sicut</strong></span> 
     </span>
     <span class='ocr_line' id='line_1_94' title="bbox 1141 2697 2130 2748; baseline 0.003 -13"><span class='ocrx_word' id='word_1_745' title='bbox 1141 2697 1283 2736; x_wconf 86' lang='lat' dir='ltr'><strong>barbari</strong></span> <span class='ocrx_word' id='word_1_746' title='bbox 1290 2713 1301 2747; x_wconf 77' lang='lat'><em>3</em></span> <span class='ocrx_word' id='word_1_747' title='bbox 1315 2698 1405 2736; x_wconf 88' lang='lat' dir='ltr'><strong>sieut</strong></span> <span class='ocrx_word' id='word_1_748' title='bbox 1427 2697 1451 2734; x_wconf 87' lang='lat' dir='ltr'><strong>ii</strong></span> <span class='ocrx_word' id='word_1_749' title='bbox 1466 2697 1529 2748; x_wconf 89' lang='lat' dir='ltr'><strong>qui</strong></span> <span class='ocrx_word' id='word_1_750' title='bbox 1545 2697 1668 2735; x_wconf 84' lang='lat' dir='ltr'><strong>Graece</strong></span> <span class='ocrx_word' id='word_1_751' title='bbox 1683 2697 1811 2746; x_wconf 86' lang='lat' dir='ltr'><strong>sciunt,</strong></span> <span class='ocrx_word' id='word_1_752' title='bbox 1827 2698 1911 2735; x_wconf 87' lang='lat' dir='ltr'><strong>hinc</strong></span> <span class='ocrx_word' id='word_1_753' title='bbox 1932 2712 1948 2735; x_wconf 84' lang='lat' dir='ltr'><strong>a</strong></span> <span class='ocrx_word' id='word_1_754' title='bbox 1965 2699 2130 2738; x_wconf 84' lang='lat' dir='ltr'><strong>barbaris</strong></span> 
     </span>
     <span class='ocr_line' id='line_1_95' title="bbox 1142 2758 2129 2812; baseline 0.002 -16"><span class='ocrx_word' id='word_1_755' title='bbox 1142 2759 1394 2798; x_wconf 87' lang='lat' dir='ltr'><strong>discernamur.</strong></span> <span class='ocrx_word' id='word_1_756' title='bbox 1415 2759 1483 2797; x_wconf 89' lang='lat' dir='ltr'><strong>Dic</strong></span> <span class='ocrx_word' id='word_1_757' title='bbox 1502 2759 1595 2797; x_wconf 89' lang='lat' dir='ltr'><strong>enim</strong></span> <span class='ocrx_word' id='word_1_758' title='bbox 1615 2758 1721 2809; x_wconf 86' lang='lat' dir='ltr'><strong>mihi,</strong></span> <span class='ocrx_word' id='word_1_759' title='bbox 1739 2759 1835 2797; x_wconf 88' lang='lat' dir='ltr'><strong>unde</strong></span> <span class='ocrx_word' id='word_1_760' title='bbox 1850 2759 1923 2797; x_wconf 88' lang='lat' dir='ltr'><strong>noti</strong></span> <span class='ocrx_word' id='word_1_761' title='bbox 1942 2770 2023 2798; x_wconf 88' lang='lat' dir='ltr'><strong>sunt</strong></span> <span class='ocrx_word' id='word_1_762' title='bbox 2037 2761 2129 2812; x_wconf 87' lang='lat' dir='ltr'><strong>psit—</strong></span> 
     </span>
     <span class='ocr_line' id='line_1_96' title="bbox 1142 2819 2130 2871; baseline 0 -13"><span class='ocrx_word' id='word_1_763' title='bbox 1142 2820 1234 2858; x_wconf 65' lang='lat' dir='ltr'><strong>tacit)</strong></span> <span class='ocrx_word' id='word_1_764' title='bbox 1251 2833 1364 2857; x_wconf 89' lang='lat' dir='ltr'><strong>nonne</strong></span> <span class='ocrx_word' id='word_1_765' title='bbox 1378 2833 1422 2857; x_wconf 79' lang='lat' dir='ltr'><strong>ex</strong></span> <span class='ocrx_word' id='word_1_766' title='bbox 1437 2833 1488 2867; x_wconf 90' lang='lat' dir='ltr'><strong>eo,</strong></span> <span class='ocrx_word' id='word_1_767' title='bbox 1503 2819 1601 2870; x_wconf 89' lang='lat' dir='ltr'><strong>quod</strong></span> <span class='ocrx_word' id='word_1_768' title='bbox 1617 2829 1796 2870; x_wconf 82' lang='lat' dir='ltr'><strong>tamquam</strong></span> <span class='ocrx_word' id='word_1_769' title='bbox 1807 2819 1966 2858; x_wconf 89' lang='lat' dir='ltr'><strong>homines</strong></span> <span class='ocrx_word' id='word_1_770' title='bbox 1980 2821 2130 2871; x_wconf 86' lang='lat' dir='ltr'><strong>loquan-</strong></span> 
     </span>
    </p>
   </div>
   <div class='ocr_carea' id='block_1_16' title="bbox 1110 2880 2129 2932">
    <p class='ocr_par' dir='ltr' id='par_1_16' title="bbox 1110 2880 2129 2932">
     <span class='ocr_line' id='line_1_97' title="bbox 1110 2880 2129 2932; baseline 0.001 -14"><span class='ocrx_word' id='word_1_771' title='bbox 1110 2916 1118 2926; x_wconf 47' lang='grc'>,</span> <span class='ocrx_word' id='word_1_772' title='bbox 1143 2881 1229 2918; x_wconf 71' lang='lat' dir='ltr'><strong>tur?</strong></span> <span class='ocrx_word' id='word_1_773' title='bbox 1249 2880 1295 2917; x_wconf 90' lang='lat' dir='ltr'><strong>Et</strong></span> <span class='ocrx_word' id='word_1_774' title='bbox 1307 2894 1369 2917; x_wconf 88' lang='lat' dir='ltr'><strong>nos</strong></span> <span class='ocrx_word' id='word_1_775' title='bbox 1380 2894 1531 2931; x_wconf 80' lang='lat' dir='ltr'><strong>quoque,</strong></span> <span class='ocrx_word' id='word_1_776' title='bbox 1550 2880 1640 2918; x_wconf 88' lang='lat' dir='ltr'><strong>sieut</strong></span> <span class='ocrx_word' id='word_1_777' title='bbox 1656 2880 1820 2932; x_wconf 81' lang='lat' dir='ltr'><strong>apostoli,</strong></span> <span class='ocrx_word' id='word_1_778' title='bbox 1837 2895 1881 2918; x_wconf 79' lang='lat' dir='ltr'><strong>ex</strong></span> <span class='ocrx_word' id='word_1_779' title='bbox 1896 2881 2037 2931; x_wconf 86' lang='lat' dir='ltr'><strong>loquela</strong></span> <span class='ocrx_word' id='word_1_780' title='bbox 2055 2882 2129 2919; x_wconf 86' lang='lat' dir='ltr'><strong>noti</strong></span> 
     </span>
    </p>
   </div>
   <div class='ocr_carea' id='block_1_17' title="bbox 1143 2940 2128 3237">
    <p class='ocr_par' dir='ltr' id='par_1_17' title="bbox 1143 2940 2128 3237">
     <span class='ocr_line' id='line_1_98' title="bbox 1143 2940 2128 2993; baseline 0.002 -15"><span class='ocrx_word' id='word_1_781' title='bbox 1143 2941 1271 2989; x_wconf 81' lang='lat' dir='ltr'><strong>simus,</strong></span> <span class='ocrx_word' id='word_1_782' title='bbox 1295 2955 1339 2979; x_wconf 81' lang='lat' dir='ltr'><strong>ex</strong></span> <span class='ocrx_word' id='word_1_783' title='bbox 1357 2954 1397 2978; x_wconf 92' lang='lat' dir='ltr'><strong>eo</strong></span> <span class='ocrx_word' id='word_1_784' title='bbox 1427 2940 1525 2991; x_wconf 90' lang='lat' dir='ltr'><strong>quod</strong></span> <span class='ocrx_word' id='word_1_785' title='bbox 1555 2950 1593 2978; x_wconf 90' lang='lat' dir='ltr'><strong>ut</strong></span> <span class='ocrx_word' id='word_1_786' title='bbox 1623 2941 1737 2992; x_wconf 86' lang='lat' dir='ltr'><strong>angeli</strong></span> <span class='ocrx_word' id='word_1_787' title='bbox 1763 2942 1963 2992; x_wconf 87' lang='lat' dir='ltr'><strong>loquamur.</strong></span> <span class='ocrx_word' id='word_1_788' title='bbox 1992 2943 2029 2980; x_wconf 91' lang='lat' dir='ltr'><strong>Si</strong></span> <span class='ocrx_word' id='word_1_789' title='bbox 2049 2943 2128 2993; x_wconf 90' lang='lat' dir='ltr'><strong>quis</strong></span> 
     </span>
     <span class='ocr_line' id='line_1_99' title="bbox 1143 3001 2125 3054; baseline 0.001 -15"><span class='ocrx_word' id='word_1_790' title='bbox 1143 3001 1287 3050; x_wconf 79' lang='lat' dir='ltr'><strong>dixerit,</strong></span> <span class='ocrx_word' id='word_1_791' title='bbox 1308 3003 1412 3050; x_wconf 69' lang='grc' dir='ltr'><strong>ι11113,</strong></span> <span class='ocrx_word' id='word_1_792' title='bbox 1429 3001 1565 3050; x_wconf 84' lang='lat' dir='ltr'><strong>audiat,</strong></span> <span class='ocrx_word' id='word_1_793' title='bbox 1588 3002 1749 3039; x_wconf 82' lang='lat' dir='ltr'><strong>Christus</strong></span> <span class='ocrx_word' id='word_1_794' title='bbox 1770 3011 1876 3046; x_wconf 75' lang='lat' dir='ltr'><strong>vetat,</strong></span> <span class='ocrx_word' id='word_1_795' title='bbox 1893 3011 1925 3039; x_wconf 90' lang='grc'><strong>01</strong></span> <span class='ocrx_word' id='word_1_796' title='bbox 1945 3015 2013 3040; x_wconf 87' lang='grc'>11011</span> <span class='ocrx_word' id='word_1_797' title='bbox 2030 3004 2125 3054; x_wconf 84' lang='lat' dir='ltr'><strong>juro.</strong></span> 
     </span>
     <span class='ocr_line' id='line_1_100' title="bbox 1144 3062 2127 3103; baseline 0.001 -3"><span class='ocrx_word' id='word_1_798' title='bbox 1144 3064 1218 3100; x_wconf 89' lang='lat' dir='ltr'><strong>Hoc</strong></span> <span class='ocrx_word' id='word_1_799' title='bbox 1233 3063 1316 3100; x_wconf 89' lang='lat' dir='ltr'><strong>satis</strong></span> <span class='ocrx_word' id='word_1_800' title='bbox 1329 3072 1380 3100; x_wconf 87' lang='grc'><strong>051</strong></span> <span class='ocrx_word' id='word_1_801' title='bbox 1396 3062 1442 3100; x_wconf 83' lang='lat' dir='ltr'><strong>ad</strong></span> <span class='ocrx_word' id='word_1_802' title='bbox 1462 3077 1601 3100; x_wconf 84' lang='lat' dir='ltr'><strong>omnem</strong></span> <span class='ocrx_word' id='word_1_803' title='bbox 1621 3062 1858 3100; x_wconf 84' lang='lat' dir='ltr'><strong>inducendam</strong></span> <span class='ocrx_word' id='word_1_804' title='bbox 1873 3063 2052 3101; x_wconf 66' lang='lat' dir='ltr'><strong>virtutem.</strong></span> <span class='ocrx_word' id='word_1_805' title='bbox 2070 3066 2127 3103; x_wconf 83' lang='lat' dir='ltr'><strong>Ja-</strong></span> 
     </span>
     <span class='ocr_line' id='line_1_101' title="bbox 1145 3122 2127 3177; baseline 0.002 -16"><span class='ocrx_word' id='word_1_806' title='bbox 1145 3138 1212 3161; x_wconf 85' lang='lat' dir='ltr'><strong>nua</strong></span> <span class='ocrx_word' id='word_1_807' title='bbox 1245 3122 1408 3174; x_wconf 79' lang='lat' dir='ltr'><strong>quaedam</strong></span> <span class='ocrx_word' id='word_1_808' title='bbox 1445 3134 1494 3161; x_wconf 79' lang='lat' dir='ltr'><strong>est</strong></span> <span class='ocrx_word' id='word_1_809' title='bbox 1521 3124 1672 3175; x_wconf 79' lang='lat' dir='ltr'><strong>pietatis,</strong></span> <span class='ocrx_word' id='word_1_810' title='bbox 1693 3123 1750 3160; x_wconf 70' lang='lat' dir='ltr'><strong>via</strong></span> <span class='ocrx_word' id='word_1_811' title='bbox 1782 3123 1827 3161; x_wconf 85' lang='lat' dir='ltr'><strong>ad</strong></span> <span class='ocrx_word' id='word_1_812' title='bbox 1863 3124 2127 3177; x_wconf 84' lang='lat' dir='ltr'><strong>philosophiam</strong></span> 
     </span>
     <span class='ocr_line' id='line_1_102' title="bbox 1145 3184 2126 3237; baseline 0.003 -15"><span class='ocrx_word' id='word_1_813' title='bbox 1145 3185 1316 3237; x_wconf 83' lang='lat' dir='ltr'><strong>[pietatis]</strong></span> <span class='ocrx_word' id='word_1_814' title='bbox 1337 3184 1520 3233; x_wconf 84' lang='lat' dir='ltr'><strong>inducens,</strong></span> <span class='ocrx_word' id='word_1_815' title='bbox 1543 3185 1702 3237; x_wconf 71' lang='lat' dir='ltr'><strong>palcestra</strong></span> <span class='ocrx_word' id='word_1_816' title='bbox 1719 3185 1892 3235; x_wconf 54' lang='lat' dir='ltr'><strong>quiedam.</strong></span> <span class='ocrx_word' id='word_1_817' title='bbox 1912 3186 1994 3224; x_wconf 63' lang='lat' dir='ltr'><strong>llaec</strong></span> <span class='ocrx_word' id='word_1_818' title='bbox 2011 3196 2126 3225; x_wconf 82' lang='lat' dir='ltr'><strong>custo-</strong></span> 
     </span>
    </p>
   </div>
   <div class='ocr_carea' id='block_1_18' title="bbox 1123 3303 2127 3398">
    <p class='ocr_par' dir='ltr' id='par_1_18' title="bbox 1123 3303 2127 3398">
     <span class='ocr_line' id='line_1_103' title="bbox 1169 3303 2127 3350; baseline 0.002 -13"><span class='ocrx_word' id='word_1_819' title='bbox 1169 3304 1182 3323; x_wconf 67' lang='lat' dir='ltr'>d</span> <span class='ocrx_word' id='word_1_820' title='bbox 1210 3306 1301 3337; x_wconf 75' lang='lat' dir='ltr'><strong>Unus</strong></span> <span class='ocrx_word' id='word_1_821' title='bbox 1318 3303 1401 3336; x_wconf 70' lang='lat' dir='ltr'><strong>Cocl.</strong></span> <span class='ocrx_word' id='word_1_822' title='bbox 1420 3308 1551 3338; x_wconf 58' lang='grc' dir='ltr'>ἐκέλευσε</span> <span class='ocrx_word' id='word_1_823' title='bbox 1568 3310 1609 3345; x_wconf 59' lang='grc' dir='ltr'>μὴ</span> <span class='ocrx_word' id='word_1_824' title='bbox 1629 3308 1746 3346; x_wconf 54' lang='grc' dir='ltr'>ὀμνύναι</span> <span class='ocrx_word' id='word_1_825' title='bbox 1762 3330 1770 3345; x_wconf 72' lang='grc'>,</span> <span class='ocrx_word' id='word_1_826' title='bbox 1784 3310 1831 3339; x_wconf 71' lang='grc' dir='ltr'><strong>καὶ</strong></span> <span class='ocrx_word' id='word_1_827' title='bbox 1848 3310 1895 3339; x_wconf 60' lang='grc' dir='ltr'>οὐκ,</span> <span class='ocrx_word' id='word_1_828' title='bbox 1914 3310 2037 3349; x_wconf 63' lang='grc' dir='ltr'>ὄμνυμι,</span> <span class='ocrx_word' id='word_1_829' title='bbox 2057 3319 2086 3350; x_wconf 80' lang='grc'><strong>([·</strong></span> <span class='ocrx_word' id='word_1_830' title='bbox 2103 3319 2127 3339; x_wconf 57' lang='grc' dir='ltr'><strong>«Ὃ</strong></span> 
     </span>
     <span class='ocr_line' id='line_1_104' title="bbox 1123 3354 1518 3398; baseline 0 -10"><span class='ocrx_word' id='word_1_831' title='bbox 1123 3356 1220 3388; x_wconf 82' lang='grc'>100110</span> <span class='ocrx_word' id='word_1_832' title='bbox 1239 3367 1304 3388; x_wconf 83' lang='grc'>11011</span> <span class='ocrx_word' id='word_1_833' title='bbox 1323 3354 1518 3398; x_wconf 67' lang='lat' dir='ltr'><strong>spernenda.</strong></span> 
     </span>
    </p>
   </div>
  </div>
 </body>
</html>
