2502 3810
91 977 121 996 2.
140 968 208 997 Cor.
227 976 272 997 12.

93 1212 170 1239 Illitl.
188 1219 277 1239 ν.10.

289 262 383 308 656

289 365 382 395 sunt.
408 356 516 392 Docet
534 351 666 403 quippe
686 350 779 397 illos,
800 361 868 385 non
897 360 936 384 ea
955 360 1032 397 quze
1053 345 1121 397 ipsi
1141 352 1267 396 putant

290 415 389 453 utilia
403 426 475 451 esse
488 411 545 450 vel
561 408 739 461 eligenda,
759 407 821 446 sed
845 421 922 458 quae
941 405 1098 458 Spiritus
1118 417 1266 455 sugges-

288 476 381 514 serit.
399 473 541 512 Etenim
561 470 731 523 plurima,
745 483 823 520 quae
843 468 915 505 illis
933 466 1127 504 conducere
1145 465 1268 503 viden-

287 547 359 586 tur,
381 532 570 585 aliquando
590 532 746 570 multum
771 530 925 577 afferunt
951 528 1137 566 damnum.
1158 526 1269 575 Quies

287 610 382 647 ergo,
407 593 647 647 periculorum
675 591 836 640 remotio,
865 599 898 628 et
924 603 1006 628 cum
1036 589 1200 626 libertate
1228 601 1269 625 ac

286 656 469 694 securitate
477 654 609 699 vivere,
624 652 697 690 illis
706 651 900 689 conducere
913 649 1117 689 videbatur.
1127 647 1270 698 Ecquid

287 716 419 754 mirum
435 715 464 752 si
478 714 564 763 illis,
579 712 722 763 quando
738 711 843 749 etiam
861 711 964 748 beato
981 709 1093 747 Paulo
1110 708 1160 746 sic
1172 707 1270 747 vide-

285 778 389 815 batur
400 777 417 814 ?
429 775 500 814 Sed
518 783 639 827 postea
654 772 803 811 edidicit
818 786 896 822 quae
911 771 967 808 his
981 779 1063 808 sunt
1078 768 1267 818 contraria,

286 852 358 875 esse
372 837 475 874 utilia
493 852 500 872 :
524 844 556 873 et
573 834 716 872 edoctus
735 833 798 870 illa
812 832 999 884 amplexus
1015 839 1077 868 est.
1098 829 1170 877 Qui
1185 842 1268 879 ergo

286 909 339 937 ter
353 897 549 936 Dominum
568 904 766 947 rogaverat,
778 903 816 931 ut
830 892 1030 945 apericulis
1041 891 1268 939 liberaretur,

288 968 474 1011 postquam
501 955 640 995 audivit
667 955 771 992 illum
800 953 994 1000 dicentem,
1021 951 1175 1003 Sufficit
1203 951 1272 987 tibi

287 1022 418 1071 gratia
446 1032 532 1056 mea
545 1033 560 1063 ;
591 1030 681 1054 nam
714 1017 841 1053 'virtus
869 1027 955 1050 mea
977 1015 1019 1050 in
1044 1011 1273 1064 infirmitate
1295 1021 1319 1050 Β

288 1080 499 1132 perficitur,
518 1077 720 1116 exsultabat
744 1084 863 1128 postea
885 1072 1191 1126 persequutionem
1210 1084 1274 1122 pa-

291 1140 392 1189 tiens,
410 1137 633 1177 contumeliis
648 1146 682 1174 et
695 1134 979 1174 intolerabilibus
993 1133 1139 1170 affectus
1157 1129 1272 1167 malis.

292 1202 395 1239 Mihi
420 1201 570 1251 placeo,
600 1197 727 1249 inquit,
757 1199 797 1234 in
827 1194 1199 1247 persequutionibus,
1234 1193 1276 1227 in

294 1262 552 1307 contumeliis,
581 1262 622 1297 in
652 1258 958 1296 necessitatibus.
990 1254 1076 1293 Ideo
1104 1252 1244 1290 dicebat
1267 1267 1274 1287 ε

292 1325 398 1361 Nam
426 1322 521 1373 quid
548 1322 756 1368 orabimus,
789 1327 830 1356 ut
863 1324 1008 1368 oportet
1017 1344 1029 1361 ,
1063 1315 1250 1351 nescimus
1260 1327 1275 1356 ;

292 1395 482 1432 omnesque
509 1380 730 1428 hortabatur,
752 1387 792 1415 ut
818 1376 970 1428 Spiritui
998 1375 1073 1412 haec
1103 1371 1276 1411 concede-

292 1451 383 1480 rent.
423 1440 564 1480 Etenim
600 1439 755 1492 Spiritus
793 1446 934 1475 sanctus
966 1447 1133 1485 magnam
1164 1431 1277 1469 nostri

294 1517 417 1540 curam
440 1501 558 1548 habet,
577 1510 611 1538 et
632 1501 698 1538 hoc
726 1501 800 1537 Deo
828 1496 1001 1549 placitum
1025 1504 1087 1532 est.
1111 1493 1176 1531 His
1193 1505 1277 1542 ergo

294 1565 376 1601 illos
390 1563 593 1610 adhortans,
611 1560 797 1613 subjungit
813 1573 866 1607 ea,
883 1571 962 1608 quae
977 1555 1084 1593 hodie
1101 1554 1277 1601 diximus,

293 1623 519 1662 ratiocinium
547 1635 704 1670 movens,
727 1619 825 1670 quod
848 1618 960 1670 possit
985 1616 1066 1654 illos
1092 1628 1249 1653 recreare
1268 1629 1276 1649 :

294 1699 375 1722 nam
397 1684 446 1721 ait
465 1699 473 1719 :
493 1684 641 1721 Scimus
662 1683 847 1733 quoniam
875 1679 1124 1730 diligentibus
1151 1677 1279 1713 Deum

294 1747 425 1782 omnia
443 1750 700 1794 cooperantur
723 1743 765 1778 in
793 1743 945 1778 bonum.
966 1739 1057 1775 Cum
1079 1750 1185 1789 porro
1212 1736 1279 1783 ait,

298 1808 452 1853 Omnia,
473 1804 580 1841 etiam
594 1817 634 1840 ea
650 1817 726 1853 quae
744 1801 890 1839 molesta
906 1798 1075 1838 videntur
1094 1812 1166 1836 esse
1180 1796 1279 1834 dicit.

294 1867 385 1904 Nam
407 1865 482 1904 sive
503 1864 666 1912 afflictio,
694 1863 769 1902 sive
794 1870 997 1914 paupertas,
1025 1874 1083 1897 seu
1109 1872 1279 1907 carceres,

298 1941 357 1964 seu
382 1927 506 1977 fames,
529 1940 589 1964 seu
614 1939 721 1974 mors,
751 1938 810 1962 seu
833 1921 977 1973 quidvis
998 1921 1099 1959 aliud
1120 1919 1281 1968 invadat,

294 1997 409 2040 potest
434 1989 531 2025 Deus
558 1987 594 2024 in
621 1985 837 2024 contrarium
859 1984 934 2020 haec
961 1982 1080 2020 omnia
1107 1990 1247 2020 vertere
1271 1996 1279 2017 :

295 2049 472 2099 siquidem
498 2048 565 2085 hoc
592 2050 667 2100 ejus
695 2045 889 2084 ineffabilis
918 2044 1081 2096 potentiae
1114 2052 1184 2090 est,
1205 2056 1283 2093 quae

1290 379 1316 409 Α

297 2110 465 2148 videntur
486 2123 632 2147 onerosa
656 2122 743 2157 esse,
768 2107 862 2145 levia
882 2106 983 2143 nobis
1007 2103 1167 2153 reddere,
1187 2112 1220 2141 et
1237 2102 1284 2140 ad

298 2171 475 2208 auxilium
495 2170 605 2208 nostri
626 2178 839 2206 convertere.
857 2166 942 2204 Ideo
963 2180 1032 2204 non
1053 2165 1166 2214 dixit,
1186 2164 1282 2202 Dili-

299 2232 466 2283 gentibus
500 2232 616 2267 Deum
651 2228 746 2265 nihil
778 2227 969 2265 adversum
1003 2225 1134 2263 accidit
1146 2240 1158 2275 3
1195 2224 1257 2262 sed
1273 2254 1282 2272 ,

302 2293 444 2330 Omnia
465 2298 722 2341 cooperantur
750 2291 792 2325 in
828 2290 997 2330 bonum;
1027 2286 1064 2322 id
1091 2294 1154 2334 est,
1183 2284 1286 2322 malis

301 2354 414 2391 utitur
444 2352 491 2389 ad
511 2350 738 2389 celebrandos
770 2363 840 2397 eos,
860 2348 921 2399 qui
952 2346 1092 2384 insidiis
1110 2354 1285 2397 appetun—
1308 2349 1333 2378 D

300 2426 357 2454 tur
384 2431 391 2452 ε
419 2413 515 2465 quod
532 2413 638 2463 longe
662 2412 776 2462 majus
796 2419 860 2456 est,
891 2423 997 2459 quam
1019 2408 1047 2445 si
1073 2406 1284 2459 impediret,

303 2475 492 2526 quominus
509 2473 662 2511 adversa
679 2470 900 2515 accederent,
921 2477 982 2506 aut
1005 2466 1207 2505 accedentia
1221 2466 1288 2504 tol-

302 2538 400 2575 leret.
422 2537 498 2574 Hoc
527 2543 561 2571 ct
582 2533 617 2570 in
636 2533 776 2570 fornace
803 2529 1021 2582 Babylonica
1050 2528 1143 2565 fecit.
1168 2528 1290 2577 Neque

304 2597 399 2635 enim
430 2593 618 2647 impedivit
648 2592 838 2643 quominus
867 2591 901 2628 in
935 2590 1036 2628 illam
1069 2587 1287 2636 inciderent,

307 2673 419 2709 neque
441 2671 523 2695 cum
541 2655 651 2693 sancti
670 2653 888 2700 incidissent,
907 2652 1086 2690 flammam
1107 2649 1291 2698 exstinxit,

306 2720 367 2758 sed
383 2719 506 2757 ardere
520 2718 649 2764 sinens,
667 2729 730 2767 per
743 2715 843 2752 illam
859 2712 1097 2751 mirabiliores
1112 2711 1194 2749 illos
1209 2711 1291 2748 effe-

308 2782 364 2819 cit.
387 2782 428 2818 In
446 2778 614 2832 apostolis
636 2777 720 2814 item
746 2774 919 2812 miracula
937 2773 1007 2810 alia
1027 2772 1158 2810 similia
1177 2770 1292 2809 modis

308 2842 474 2881 omnibus
500 2839 625 2879 edidit.
655 2837 693 2877 Si
720 2837 814 2875 enim
842 2835 1015 2883 homines,
1044 2834 1106 2885 qui
1135 2834 1294 2886 philoso-

310 2904 415 2957 phari
434 2905 565 2951 sciunt,
580 2909 728 2953 possunt
740 2908 866 2936 natura
881 2911 999 2936 rerum
1015 2896 1063 2934 ad
1076 2895 1294 2934 contrarium

309 2965 374 3019 Uin)
400 2973 433 3002 et
452 2964 487 3001 in
506 2969 713 3015 paupertate
737 2959 900 2998 viventes
912 2986 921 3003 ,
948 2957 1125 2996 divitibus
1143 2956 1295 3009 opulen-

1278 342 1325 368 5911

734 271 772 300 S.
811 266 993 299 JOANMS
1028 263 1268 295 CIIRYSOST.
1308 262 1510 293 ARCHIEP.
1547 264 1903 294 CONSTANTINOP.

1340 345 1511 395 αἱρεῖσθαι
1526 344 1684 391 πάντως,
1704 345 1780 382 ἀλλ’
1801 345 1888 395 ἅπερ
1904 343 1943 381 ἂν
1964 343 2002 382 τὸ
2018 345 2164 394 Πνεῦμα
2187 344 2356 396 ὑποέάλῃ.

1339 403 1410 441 Καὶ
1425 403 1493 456 γὰρ
1514 404 1628 443 πολλὰ
1647 407 1760 448 αὐτοῖς
1782 406 1947 443 δοκοῦντα
1969 405 2174 452 λυσιτελεῖν,
2190 403 2283 441 ἔστιν
2303 404 2358 442 ὅτε

1339 464 1398 502 καὶ
1428 464 1562 515 βλάὸην
1593 465 1717 516 ἤνεγκε
1736 464 1882 511 πολλήν.
1898 463 2030 506 Ἄνεσις
2049 468 2129 515 γοῦν
2157 464 2217 502 καὶ
2245 464 2360 501 κινδύ-

1340 540 1406 562 νων
1437 525 1643 585 ἀπαλλαγὴ,
1661 525 1720 564 καὶ
1749 526 1788 564 τὸ
1814 528 1848 563 ἐν
1881 525 1979 579 ἀδείᾳ
1999 527 2073 577 ζῇν,
2092 525 2204 564 ἐδόκει
2231 525 2362 576 συμφέ-

1343 599 1398 636 ρον
1432 587 1519 621 εἶναι
1552 584 1705 628 ἐκείνοις.
1733 583 1804 623 Καὶ
1831 583 1866 621 τί
1896 584 2107 634 θαυμαστὸν,
2136 587 2165 622 εἰ
2199 583 2361 630 ἐκείνοις,

1341 644 1426 682 ὅπου
1457 660 1498 694 γε
1524 644 1584 682 καὶ
1603 646 1697 697 αὐτῷ
1732 646 1782 696 τῷ
1814 644 1978 696 μακαρίῳ
2008 644 2142 696 Παύλῳ
2173 647 2274 681 τοῦτο
2303 642 2362 680 οῧ-

1341 721 1408 749 τως
1442 705 1552 749 ἔδοξεν
1588 705 1702 757 ἔχειν,
1737 707 1827 744 Ἀλλ’
1864 704 1959 755 ὅμως
1985 704 2174 755 ἐμάνθανεν
2207 703 2361 755 ὕστερον,

1342 765 1394 804 ὅτι
1424 765 1468 804 τὰ
1499 766 1638 804 ἐναντία
1657 766 1789 810 τούτοις
1816 766 1927 804 ταῦτά
1949 767 2023 804 ἐστι
2051 765 2094 803 τὰ
2125 764 2363 816 συμφέροντα,

1341 825 1400 864 καὶ
1420 826 1540 873 μαθὼν
1555 827 1725 879 ἔστεργεν.
1741 826 1786 865 ‘O
1804 830 1884 878 γοῦν
1903 826 1976 880 τρὶς
1990 826 2048 864 τὸν
2062 824 2190 877 Κύριον
2204 838 2364 874 παρακα-

1342 887 1445 930 λέσας
1463 887 1554 925 ὥστε
1582 890 1831 938 ἀπαλλαγῆναι
1864 887 2041 932 κινδύνων,
2068 885 2187 932 ἐπειδὴ
2220 885 2364 930 ἤκουσεν

1345 949 1446 986 αὐτοῦ
1460 948 1617 999 λέγοντος
1629 979 1638 995 ,
1653 948 1766 1001 Ἀρκεῖ
1783 965 1836 987 σοι
1849 952 1871 995 ἦ
1885 948 1986 1000 χάρις
2001 963 2065 998 μου
2077 962 2084 970 ·
2101 950 2122 993 ἡ
2138 946 2205 997 γὰρ
2224 942 2366 993 δύναμίς

1347 1024 1411 1058 μου
1425 1011 1458 1046 ἐν
1473 1009 1631 1062 ἀσθενείᾳ
1643 1012 1845 1056 τελειοῦται,
1858 1008 2001 1061 ἐσκίρτα
2008 1007 2128 1046 λοιπὸν
2143 1005 2349 1056 διωκόμενος
2361 1033 2371 1050 ,

1347 1070 1580 1122 ὑδριζόμενος,
1589 1070 1634 1108 τὰ
1646 1069 1820 1116 ἀνήκεστα
1832 1069 1991 1121 πάσχων.
2003 1069 2148 1107 Εὐδοκῶ
2159 1066 2239 1119 γὰρ,
2250 1065 2369 1117 φησὶν,

1348 1131 1382 1168 ἐν
1402 1131 1586 1181 διωγμοῖς,
1608 1134 1641 1169 ἓν
1662 1130 1814 1183 ὕῧρεσιν,
1835 1132 1868 1168 ἐν
1889 1129 2066 1181 ἀνάγκαις.
2088 1128 2150 1166 Διὸ
2169 1128 2228 1166 καὶ
2253 1126 2368 1177 ἔλεγε·

1348 1191 1400 1229 Τὸ
1425 1191 1492 1242 γὰρ
1514 1191 1548 1229 τί
1577 1190 1848 1243 προσευξώμεθα
1875 1190 1990 1229 >tuffo
2021 1191 2089 1237 δεῖ,
2109 1191 2172 1227 οὐκ
2206 1188 2346 1237 οἴδαμεν
2363 1201 2370 1208 ·

1349 1252 1408 1289 καὶ
1428 1259 1515 1290 πᾶσι
1531 1251 1680 1304 παρῄνει
1695 1254 1745 1303 τῷ
1772 1251 1956 1301 Πνεύματι
1984 1250 2113 1288 τούτων
2135 1252 2371 1301 παραχωρεῖν.

1351 1312 1420 1350 Καὶ
1438 1311 1506 1363 γὰρ
1525 1312 1584 1350 καὶ
1603 1313 1641 1349 τὸ
1659 1313 1806 1361 Πνεῦμα
1825 1312 1865 1349 τὸ
1881 1311 1977 1361 ἅγιον
2000 1310 2133 1361 σφόδρα
2148 1312 2248 1358 ἡμῶν
2266 1307 2370 1353 κήδε-

1350 1389 1431 1420 ται,
1453 1373 1512 1410 καὶ
1530 1376 1580 1424 τῷ
1609 1374 1690 1424 Θεῷ
1709 1372 1810 1410 τοῦτό
1826 1374 1899 1409 ἐστι
1927 1371 1966 1408 τὸ
1994 1372 2126 1408 δοκοῦν.
2147 1369 2215 1406 Διὰ
2233 1369 2372 1406 πάντων

1351 1433 1461 1471 τοίνυν
1484 1433 1628 1484 ἀλείψας
1647 1432 1789 1479 αὐτοὺς,
1810 1432 1932 1482 ἐπάγει
1958 1430 2017 1468 καὶ
2045 1430 2090 1468 τὰ
2109 1430 2260 1482 σήμερον
2281 1431 2374 1481 εἴρη-

1352 1493 1459 1543 μένα,
1478 1493 1644 1545 λογισμὸν
1668 1496 1772 1531 κινῶν
1801 1492 1918 1530 ἱκανὸν
1948 1490 2070 1534 αὐτοὺς
2097 1491 2371 1537 ἀνακτήσασθαι.

1351 1553 1507 1603 Οἴδαμεν
1527 1552 1594 1605 γὰρ
1608 1583 1617 1601 ,
1636 1553 1753 1605 φησὶν,
1771 1553 1824 1591 ὅτι
1842 1558 1912 1595 τοῖς
1928 1553 2091 1602 ἀγαπῶσι
2105 1551 2161 1589 τὸν
2185 1552 2274 1589 Θεὸν
2289 1552 2376 1589 πάν·

1352 1630 1395 1652 τα
1421 1620 1578 1666 συνεργεῖ
1604 1615 1652 1656 εἷς
1671 1614 1812 1664 ἀγαθόν.
1830 1613 1945 1651 εὈταν
1975 1612 2010 1650 δὲ
2040 1613 2141 1664 εἴπῃ,
2155 1611 2298 1659 Πάντα,
2318 1610 2377 1649 καὶ

1352 1675 1397 1713 τὰ
1416 1676 1582 1713 δοκοῦντα
1598 1669 1684 1713 εἶναι
1704 1673 1844 1726 λυπηρὰ
1859 1673 1967 1724 λέγει.
1990 1673 2065 1711 Κᾶν
2081 1672 2150 1725 γὰρ
2168 1674 2298 1724 θλῖψις,
2313 1672 2376 1710 κᾶν

1353 1736 1454 1774 πενία
1465 1765 1475 1783 ,
1489 1736 1552 1774 κᾶν
1569 1736 1793 1789 δεσμωτήρια
1805 1766 1814 1784 ,
1830 1734 1894 1773 κᾶν
1914 1735 2032 1785 λιμοὶ,
2049 1734 2112 1772 κᾶν
2133 1734 2296 1782 θάνατοι,
2313 1733 2376 1771 κᾶν

1354 1799 1465 1835 ὁτιοῦν
1492 1796 1606 1848 ἕτερον
1634 1796 1755 1843 ἐπείη,
1772 1795 1913 1839 δυνατὸς
1932 1799 1950 1834 ὃ
1980 1794 2069 1838 Θεὸς
2102 1796 2149 1838 εἷς
2178 1793 2376 1832 τούναντίον

1354 1860 1465 1895 ταῦτα
1480 1857 1595 1895 πάντα
1614 1857 1822 1908 μεταὲαλεῖν
1838 1872 1846 1880 ·
1869 1856 1944 1894 ἐπεὶ
1963 1855 2021 1894 καὶ
2041 1858 2143 1893 τοῦτο
2162 1857 2224 1900 τῆς
2244 1854 2377 1905 ἀφάτου

1356 1917 1533 1968 δυνάμεως
1550 1919 1672 1963 αὐτοῦ,
1690 1917 1730 1954 τὸ
1750 1917 1794 1955 τὰ
1816 1918 1961 1955 δοκοῦτα
1980 1909 2066 1953 εἶναι
2089 1918 2201 1967 μοχθτ,
2209 1913 2250 1966 ρὰ
2269 1913 2379 1965 κοῦφά

1354 1994 1392 2016 τε
1413 1982 1497 2028 ἡμῖν
1517 1984 1640 2027 ποιεῖν,
1662 1977 1721 2016 καὶ
1741 1980 1788 2021 εἰς
1817 1977 1879 2024 τὴν
1900 1976 1987 2028 ὑπὲρ
2008 1978 2108 2026 ἡμῶν
2135 1974 2273 2026 τρέπειν
2295 1973 2379 2025 βοήό

1356 2043 1462 2078 θειαν.
1479 2039 1610 2091 ’Διόπερ
1628 2041 1689 2077 οὖν.
1721 2032 1829 2086 εἶπεν,
1849 2037 1902 2075 ὅτι
1931 2043 2001 2080 τοῖς
2022 2038 2186 2087 ἀγαπῶσι
2212 2035 2269 2073 τὸν
2290 2035 2380 2073 Θεὸν

1356 2102 1418 2138 οὐκ
1440 2099 1627 2152 ἐπέρχεταί
1656 2116 1689 2137 τι
1712 2099 1839 2147 δεινὸν,
1868 2098 1945 2137 ἀλλ’
1965 2098 2020 2137 ὅτι
2047 2097 2107 2135 καὶ
2138 2098 2304 2148 Συνεργεῖ
2336 2097 2382 2138 εἷς

1357 2160 1483 2212 ἀγαθόν
1497 2176 1504 2184 ·
1517 2160 1705 2208 τουτέστιν,
1725 2160 1777 2198 ὅτι
1797 2163 1913 2201 αὐτοῖς
1927 2165 1997 2202 τοῖς
2011 2159 2132 2202 δεινοῖς
2149 2157 2321 2209 κέχρηται
2336 2158 2382 2200 εἷς

1357 2221 1419 2268 τὴν
1455 2223 1524 2258 τῶν
1558 2221 1875 2271 ἐπιδουλευομένων
1909 2219 2148 2270 εὐδοκίμησιν·
2181 2218 2266 2269 ὅπερ
2295 2216 2382 2255 πολὺ

1359 2280 1473 2331 μεῖζόν
1493 2283 1566 2318 ἐστι
1585 2285 1643 2318 τοῦ
1671 2282 1827 2318 κωλῦσαι
1845 2282 1999 2317 ἐπελθεῖν
2016 2279 2059 2316 τὰ
2078 2278 2172 2316 δεινὰ
2187 2308 2196 2325 ,
2227 2277 2249 2323 ἢ
2277 2293 2382 2315 κατα-

1357 2344 1460 2380 λῦσαι
1482 2341 1682 2379 ἐπελθόντα.
1707 2343 1822 2379 Τοῦτο
1843 2336 1899 2378 οῦν
1915 2340 1974 2378 καὶ
1997 2340 2055 2377 ἐπὶ
2076 2343 2138 2385 τῆς
2159 2338 2385 2380 Βαὲυλωνιάς

1359 2401 1505 2452 καμίνου
1523 2401 1726 2446 πεποίηκεν.
1745 2400 1837 2438 Οὔτε
1852 2400 1919 2454 γὰρ
1939 2405 1954 2420 ²¹
1966 2399 2139 2437 ἐκώλυσεν
2159 2401 2320 2449 ἐμπεσεῖν
2339 2399 2385 2440 εἷς

1361 2463 1480 2509 αὐτὴν,
1510 2462 1588 2500 οὔτε
1627 2462 1848 2511 ἐμπεσόντων
1884 2464 1952 2499 τῶν
1992 2460 2098 2511 ἁγίων
2137 2459 2289 2509 ἐκείνων,
2323 2458 2385 2504 τὴν

1360 2523 1471 2576 φλόγα
1497 2523 1650 2570 ἔσὸεσεν,
1669 2523 1758 2561 ἀλλὰ
1785 2523 1844 2561 καὶ
1875 2522 1971 2573 ἀφεὶς
2002 2521 2182 2568 καίεσθαι,
2210 2522 2253 2558 δι’
2283 2522 2387 2566 αὐτῆς

1359 2584 1487 2631 ταύτης
1506 2584 1803 2636 θαυμαστοτέρους
1825 2583 2025 2635 εἰργάσατο.
2044 2582 2113 2620 Καὶ
2134 2581 2192 2621 ἐπὶ
2210 2584 2278 2619 τῶν
2299 2584 2386 2619 ἀπο·

1362 2644 1491 2683 στόλων
1513 2644 1547 2683 δὲ
1563 2648 1705 2682 τοιαῦτα
1720 2643 1822 2696 ἕτερα
1839 2642 2147 2694 ἐθαυματούργησε
2165 2642 2220 2679 διὰ
2234 2641 2385 2680 πάντων.

1358 2708 1403 2745 Εἰ
1419 2705 1485 2757 γὰρ
1502 2705 1694 2757 ἅνθρωποι,
1716 2706 1912 2757 φιλοσοφεῖν
1934 2705 2059 2747 εἰδότες
2073 2734 2082 2752 ,
2102 2702 2262 2741 δύνανται
2287 2702 2388 2753 φύσει

1362 2766 1580 2819 πραγμάτων
1594 2767 1641 2810 εἷς
1654 2766 1692 2804 τὸ
1714 2765 1864 2803 ἐναντίον
1884 2764 2170 2818 ἀποχρήσασθαι,
2186 2763 2245 2801 καὶ
2264 2764 2299 2800 ἐν
2325 2778 2387 2800 πε-

1363 2827 1419 2879 νίᾳ
1449 2829 1572 2871 ζῶντες
1598 2828 1666 2864 τῶν
1694 2825 1933 2864 πλουτούντων
1965 2824 2195 2877 εὐπορώτεροι
2222 2826 2390 2875 φανῆναι,

1363 2888 1423 2926 καὶ
1456 2887 1498 2925 δι’
1528 2887 1669 2937 ἀτιμίας
1691 2887 1852 2938 λάμψαι·
1870 2887 1989 2937 πολλῷ
2021 2887 2151 2935 μᾶλλον
2170 2887 2187 2921 ὁ
2213 2882 2302 2925 Θεὸς
2334 2880 2391 2920 ἐπὶ

1363 2951 1431 2986 τῶν
1450 2945 1665 2998 ἀγαπώντων
1685 2946 1799 2994 αὐτὸν,
1816 2945 1875 2983 καὶ
1891 2948 2001 2982 ταῦτα
2021 2944 2080 2982 καὶ
2104 2943 2148 2981 τὰ
2171 2943 2291 2993 πολλῷ
2309 2941 2388 2992 μεί-

308 3026 415 3063 tiores
430 3023 561 3073 videri,
577 3036 617 3060 ac
635 3036 699 3073 per
720 3028 934 3059 contemtum
961 3017 1162 3070 splendere;
1182 3017 1295 3055 multo
1317 3021 1342 3052 E
1365 3011 1447 3053 ζονα
1475 3006 1673 3059 ἐργάσεται·
1693 3005 1792 3048 Ἑνὸς
1820 3005 1888 3056 γὰρ
1914 3006 1963 3042 δεῖ
1996 3003 2098 3054 μόνου
2112 3034 2121 3051 ,
2154 3006 2212 3040 τοῦ
2243 3001 2393 3052 γνησίως

311 3085 422 3137 magis
436 3086 533 3122 Deus
548 3083 583 3121 in
603 3082 663 3132 iis,
681 3081 741 3132 qui
760 3080 918 3131 diligunt
935 3092 1029 3126 eum,
1047 3078 1122 3115 haec
1134 3087 1169 3115 et
1184 3078 1297 3116 multo

312 3147 443 3198 majora
463 3144 582 3182 efficit.
597 3144 676 3181 Una
695 3150 832 3179 tantum
852 3153 889 3177 re
910 3152 999 3191 opus
1018 3146 1082 3184 est,
1107 3147 1146 3175 ut
1165 3137 1298 3176 sincere

313 3214 464 3254 ametur,
495 3213 528 3242 ct
550 3203 687 3253 reliqua
718 3200 835 3239 omnia
867 3207 1077 3249 sequuntur⁴
1106 3199 1158 3237 Ut
1189 3197 1299 3249 igitur

316 3266 370 3303 his
390 3280 444 3314 ea,
467 3279 543 3316 quae
561 3263 668 3302 noxia
685 3262 852 3301 videntur
873 3275 961 3308 csse,
993 3259 1094 3297 utilia
1117 3269 1198 3297 sunt
1220 3275 1226 3295 :
1249 3258 1299 3296 sic

361 3389 373 3401 ³
398 3377 511 3408 §lorck
528 3383 666 3410 {milam
685 3381 814 3410 ἐπελθεῖν
835 3379 934 3412 αὐτή-ι’.
956 3373 1046 3417 [ΠΟ-ἲ
1064 3384 1079 3405 (“
1094 3373 1217 3405 Suillio
1235 3381 1267 3404 el
1287 3374 1321 3404 Α.

320 3429 543 3471 :upplcviinus
562 3433 686 3465 ἑιεὶνωυ,
701 3435 731 3457 ct
751 3426 884 3457 inferius
904 3428 1012 3462 fahs-r„-
1027 3432 1101 3457 ante
1121 3430 1328 3467 θαυμαστοτέ-

1369 3068 1469 3107 αὐτὸν
1490 3069 1643 3119 ἀγαπᾷν,
1673 3066 1732 3103 καὶ
1759 3065 1802 3103 τὰ
1831 3065 1921 3103 ἄλλα
1952 3065 2067 3103 πάντα
2095 3064 2228 3102 ἕπεται.
2250 3062 2394 3114 Ἵὶσπερ

1369 3125 1427 3170 οῦν
1447 3128 1505 3167 καὶ
1521 3127 1659 3171 τούτους
1680 3126 1739 3165 καὶ
1758 3126 1801 3165 τὰ
1823 3127 1987 3164 δοκοῦντα
2010 3119 2099 3164 εἶναι
2128 3124 2285 3177 βλαὸερὰ
2306 3125 2394 3174 ὠφε-

1393 3196 1440 3229 εῖ·
1459 3189 1548 3227 οὕτω
1579 3188 1656 3231 τοὺς
1685 3189 1745 3226 οὐκ
1774 3190 1982 3238 ἀγαπῶντας
2015 3185 2129 3234 αὐτὸν,
2151 3184 2209 3223 καὶ
2230 3184 2273 3222 τὰ
2303 3185 2393 3234 ὠφε-

1371 3261 1495 3297 λοῦντα
1533 3255 1691 3306 βλάπτει.
1712 3256 1795 3298 Τοῖς
1825 3258 1903 3305 γοῦν
1933 3253 2113 3296 Ἰουδαίοις
2148 3252 2207 3290 καὶ
2239 3250 2393 3302 σημείων

1394 3373 1488 3416 Ιτως]
